<?xml version="1.0" encoding="UTF-8" standalone="yes"?>
<PcGts xmlns="http://schema.primaresearch.org/PAGE/gts/pagecontent/2013-07-15" xmlns:xsi="http://www.w3.org/2001/XMLSchema-instance" xsi:schemaLocation="http://schema.primaresearch.org/PAGE/gts/pagecontent/2013-07-15 http://schema.primaresearch.org/PAGE/gts/pagecontent/2013-07-15/pagecontent.xsd">
    <Metadata>
        <Creator>prov=READ-COOP:name=TrHtr:version=2.1.0:model_id=51170:date=15_08_2023_07:01</Creator>
        <Created>2023-05-10T15:04:11.598+02:00</Created>
        <LastChange>2023-08-15T07:01:06.490+02:00</LastChange>
        <TranskribusMetadata docId="1428793" pageId="55429821" pageNr="69" tsid="132841480" status="IN_PROGRESS" userId="64420" imgUrl="https://files.transkribus.eu/Get?id=HUNAIRJABRUYRHIMINIBOFRY&amp;fileType=view" xmlUrl="https://files.transkribus.eu/Get?id=JQXBATXLUGLFCOFZNKQJAXCH" imageId="44703893"/>
    </Metadata>
    <Page imageFilename="1428793_0069.jpg" imageWidth="4744" imageHeight="5832">
        <ReadingOrder>
            <OrderedGroup id="ro_1711806309301" caption="Regions reading order">
                <RegionRefIndexed index="0" regionRef="tr_2"/>
                <RegionRefIndexed index="1" regionRef="tr_1"/>
            </OrderedGroup>
        </ReadingOrder>
        <TextRegion id="tr_2" custom="readingOrder {index:0;}">
            <Coords points="919,618 4357,618 4357,3615 919,3615"/>
            <TextLine id="tr_2_tl_1" custom="readingOrder {index:0;}">
                <Coords points="3791,733 3834,737 3860,715 3890,728 3962,720 3988,694 4112,750 4164,724 4194,728 4172,570 4112,587 4061,557 4018,574 3941,565 3890,608 3778,638"/>
                <Baseline points="3802,668 3891,674 3981,686 4071,710 4160,710 4196,704"/>
                <TextEquiv>
                    <Unicode>54 " 55</Unicode>
                </TextEquiv>
            </TextLine>
            <TextLine id="tr_2_tl_2" custom="readingOrder {index:1;}">
                <Coords points="1743,818 2433,857 3333,797 3496,724 3624,771 3701,754 3714,587 3388,634 3269,578 2999,660 2523,578 2129,630 1765,578"/>
                <Baseline points="1772,799 1844,805 1934,811 2023,817 2113,823 2202,823 2292,829 2381,823 2471,823 2560,811 2650,805 2739,793 2829,781 2918,770 3008,746 3098,728 3190,710 3190,710 3265,710 3354,698 3444,686 3533,692 3623,692 3712,686"/>
                <TextEquiv>
                    <Unicode>Werkstatt am 31. Februar</Unicode>
                </TextEquiv>
            </TextLine>
            <TextLine id="tr_2_tl_3" custom="readingOrder {index:2;}">
                <Coords points="908,1015 4314,921 4352,703 2742,852 1294,801 912,912"/>
                <Baseline points="931,972 955,978 1044,972 1134,967 1223,961 1313,955 1402,955 1492,949 1581,943 1671,943 1760,937 1850,937 1940,937 2029,931 2119,925 2208,925 2298,925 2387,919 2477,913 2566,913 2656,907 2745,907 2835,901 2924,895 3014,889 3104,883 3193,877 3283,877 3372,871 3462,865 3551,871 3641,871 3730,871 3820,871 3909,871 3999,883 4088,889 4178,895 4268,895 4357,889"/>
                <TextEquiv>
                    <Unicode>Räder hinter sich. Er stellte sich an den Wegrand, der Wagen nähnte.</Unicode>
                </TextEquiv>
            </TextLine>
            <TextLine id="tr_2_tl_4" custom="readingOrder {index:3;}">
                <Coords points="917,1264 1778,1131 3637,1127 4215,960 930,1011"/>
                <Baseline points="943,1164 1020,1158 1110,1158 1199,1146 1289,1140 1378,1134 1468,1122 1557,1122 1647,1116 1737,1116 1826,1110 1916,1110 2005,1104 2095,1098 2184,1098 2274,1092 2363,1086 2453,1086 2542,1080 2632,1080 2721,1080 2811,1074 2901,1068 2990,1062 3080,1062 3169,1056 3259,1056 3348,1050 3438,1044 3527,1038 3617,1038 3706,1032 3796,1032 3886,1026 3975,1020 4071,1022 4071,1022 4166,1014 4226,1008"/>
                <TextEquiv>
                    <Unicode>sich, hielt an und die beiden Damen, ihn herzlich begrüssend, forderten</Unicode>
                </TextEquiv>
            </TextLine>
            <TextLine id="tr_2_tl_5" custom="readingOrder {index:4;}">
                <Coords points="3902,1105 3937,1118 3962,1097 3997,1092 4057,1118 4104,1088 4138,1122 4168,1131 4202,1105 4254,1122 4249,1011 4142,1032 4117,1015 4100,1028 3975,1024 3958,1037 3898,1024"/>
                <Baseline points="3921,1062 3975,1068 4071,1067 4071,1067 4166,1068 4256,1074 4262,1074"/>
                <TextEquiv>
                    <Unicode>geworden,</Unicode>
                </TextEquiv>
            </TextLine>
            <TextLine id="tr_2_tl_6" custom="readingOrder {index:5;}">
                <Coords points="904,1354 3907,1289 3911,1122 1838,1144 908,1264"/>
                <Baseline points="931,1325 961,1325 1050,1325 1140,1325 1229,1313 1319,1313 1408,1307 1498,1301 1587,1301 1677,1295 1766,1295 1856,1289 1945,1283 2035,1283 2125,1277 2214,1277 2304,1271 2393,1265 2483,1259 2572,1259 2662,1259 2751,1253 2841,1247 2930,1247 3020,1241 3110,1241 3199,1241 3289,1229 3378,1229 3468,1223 3557,1223 3647,1217 3736,1217 3826,1211 3915,1205"/>
                <TextEquiv>
                    <Unicode>ihn zum Einsteigen auf. Dankend nahm er ihnen gegenüber Platz.</Unicode>
                </TextEquiv>
            </TextLine>
            <TextLine id="tr_2_tl_7" custom="readingOrder {index:6;}">
                <Coords points="3920,1281 3945,1281 3975,1255 4010,1272 4057,1264 4091,1285 4138,1259 4177,1277 4237,1264 4237,1109 4202,1101 4168,1131 4134,1122 4100,1139 3988,1092 3962,1109 3920,1109"/>
                <Baseline points="3945,1241 3975,1235 4065,1241 4154,1241 4244,1235"/>
                <TextEquiv>
                    <Unicode>vorge¬</Unicode>
                </TextEquiv>
            </TextLine>
            <TextLine id="tr_2_tl_8" custom="readingOrder {index:7;}">
                <Coords points="921,1525 3718,1491 4211,1426 4215,1277 930,1345"/>
                <Baseline points="949,1498 1026,1498 1116,1492 1205,1486 1295,1486 1384,1480 1474,1474 1563,1468 1653,1468 1743,1462 1832,1462 1922,1462 2011,1456 2101,1450 2190,1450 2280,1450 2369,1444 2459,1444 2548,1438 2638,1432 2727,1432 2817,1426 2907,1420 2996,1414 3086,1414 3175,1408 3265,1402 3354,1402 3444,1396 3533,1390 3623,1390 3712,1384 3802,1378 3891,1372 3987,1374 3987,1374 4082,1366 4172,1360 4226,1355"/>
                <TextEquiv>
                    <Unicode>Frau Kostner erzählte, dass sie, wie meist im Gebirge, auch heute erst</Unicode>
                </TextEquiv>
            </TextLine>
            <TextLine id="tr_2_tl_9" custom="readingOrder {index:8;}">
                <Coords points="904,1743 4275,1645 4279,1529 3958,1444 912,1538"/>
                <Baseline points="931,1683 1002,1677 1092,1671 1181,1665 1271,1659 1360,1653 1450,1653 1540,1647 1629,1647 1719,1641 1808,1641 1898,1635 1987,1635 2077,1629 2166,1629 2256,1623 2345,1617 2435,1617 2525,1611 2614,1611 2704,1605 2793,1605 2883,1599 2972,1599 3062,1593 3151,1587 3241,1581 3330,1575 3420,1575 3509,1575 3599,1569 3689,1563 3778,1557 3868,1557 3957,1569 4051,1571 4051,1571 4142,1593 4232,1587 4291,1587"/>
                <TextEquiv>
                    <Unicode>gegen Morgen eingeschlafen sei. Robert sprach von einer merkwürdi-</Unicode>
                </TextEquiv>
            </TextLine>
            <TextLine id="tr_2_tl_10" custom="readingOrder {index:9;}">
                <Coords points="908,1906 3907,1855 4134,1833 4142,1632 917,1739"/>
                <Baseline points="931,1862 1014,1856 1104,1850 1193,1844 1283,1838 1372,1832 1462,1832 1552,1826 1641,1826 1731,1826 1820,1814 1910,1808 1999,1808 2089,1808 2178,1808 2268,1802 2357,1796 2447,1790 2536,1790 2626,1784 2716,1784 2805,1784 2895,1778 2984,1772 3074,1766 3163,1766 3253,1760 3342,1754 3432,1754 3521,1749 3611,1749 3700,1743 3790,1737 3880,1731 3969,1731 4059,1725 4148,1713"/>
                <TextEquiv>
                    <Unicode>gen Beobachtung, die er nun schon zu wiederholten Malen gemacht hät-</Unicode>
                </TextEquiv>
            </TextLine>
            <TextLine id="tr_2_tl_11" custom="readingOrder {index:10;}">
                <Coords points="925,2056 3954,2005 3958,1825 930,1928"/>
                <Baseline points="949,2023 1014,2023 1104,2017 1193,2017 1283,2011 1372,2005 1462,2005 1552,1999 1641,1999 1731,1993 1820,1987 1910,1987 1999,1981 2089,1981 2178,1975 2268,1975 2357,1969 2447,1963 2536,1957 2626,1957 2716,1957 2805,1957 2895,1951 2984,1945 3074,1945 3163,1940 3253,1934 3342,1934 3432,1928 3521,1928 3611,1922 3700,1922 3790,1916 3880,1910 3969,1904"/>
                <TextEquiv>
                    <Unicode>te: dass er in der Höhe nicht nur mehr, sondern auch ganz anders</Unicode>
                </TextEquiv>
            </TextLine>
            <TextLine id="tr_2_tl_12" custom="readingOrder {index:11;}">
                <Coords points="4001,1996 4057,1988 4091,2013 4100,2005 4117,2009 4134,1992 4155,1992 4151,1859 4117,1859 4104,1876 4087,1872 4078,1881 4065,1872 4048,1876 4040,1868 4027,1881 3997,1881"/>
                <Baseline points="4023,1945 4112,1951 4166,1951"/>
                <TextEquiv>
                    <Unicode>nem</Unicode>
                </TextEquiv>
            </TextLine>
            <TextLine id="tr_2_tl_13" custom="readingOrder {index:12;}">
                <Coords points="917,2253 3958,2176 3967,1971 925,2056"/>
                <Baseline points="943,2190 1014,2196 1104,2196 1193,2190 1283,2184 1372,2184 1462,2178 1552,2178 1641,2178 1731,2172 1820,2166 1910,2160 1999,2160 2089,2154 2178,2148 2268,2148 2357,2142 2447,2142 2536,2137 2626,2137 2716,2131 2805,2131 2895,2131 2984,2125 3074,2119 3163,2119 3253,2107 3342,2107 3432,2101 3521,2101 3611,2101 3700,2095 3790,2089 3880,2083 3969,2077"/>
                <TextEquiv>
                    <Unicode>träume als daheim. Diese Träume zeichneten sich nämlich dadurch</Unicode>
                </TextEquiv>
            </TextLine>
            <TextLine id="tr_2_tl_14" custom="readingOrder {index:13;}">
                <Coords points="4010,2159 4035,2159 4048,2176 4100,2146 4134,2176 4168,2155 4185,2163 4211,2150 4237,2163 4288,2159 4288,2048 4254,2048 4237,2022 4215,2013 4185,2039 4151,2026 4117,2052 4061,1992 4014,1992"/>
                <Baseline points="4035,2125 4118,2125 4208,2125 4297,2119"/>
                <TextEquiv>
                    <Unicode>frei-</Unicode>
                </TextEquiv>
            </TextLine>
            <TextLine id="tr_2_tl_15" custom="readingOrder {index:14;}">
                <Coords points="917,2420 3778,2275 3992,2347 4082,2168 925,2258"/>
                <Baseline points="943,2375 955,2369 1044,2375 1134,2369 1223,2369 1313,2363 1402,2357 1492,2357 1581,2351 1671,2345 1760,2345 1850,2339 1940,2333 2029,2333 2119,2328 2208,2328 2298,2322 2387,2322 2477,2316 2566,2316 2656,2310 2745,2310 2835,2304 2924,2298 3014,2298 3104,2292 3193,2286 3283,2286 3372,2280 3462,2280 3551,2274 3641,2268 3730,2268 3820,2262 3909,2262 3999,2262 4088,2256"/>
                <TextEquiv>
                    <Unicode>aus, dass die Menschen oder Dinge nicht sich selbst, sondern irgend</Unicode>
                </TextEquiv>
            </TextLine>
            <TextLine id="tr_2_tl_16" custom="readingOrder {index:15;}">
                <Coords points="908,2566 4018,2532 4125,2523 4134,2326 912,2420"/>
                <Baseline points="931,2542 1008,2548 1098,2542 1187,2542 1277,2536 1366,2530 1456,2530 1546,2525 1635,2525 1725,2519 1814,2513 1904,2513 1993,2507 2083,2507 2172,2501 2262,2495 2351,2495 2441,2489 2530,2489 2620,2483 2710,2483 2799,2477 2889,2477 2978,2477 3068,2471 3157,2471 3247,2465 3336,2465 3426,2459 3515,2453 3605,2441 3694,2441 3784,2435 3874,2435 3963,2435 4053,2429 4142,2429"/>
                <TextEquiv>
                    <Unicode>etwas Anderes, ganz weit davon Abliegendes,ja gar nichts Wirkliches,</Unicode>
                </TextEquiv>
            </TextLine>
            <TextLine id="tr_2_tl_17" custom="readingOrder {index:16;}">
                <Coords points="908,2737 3988,2712 4104,2694 4112,2523 912,2622"/>
                <Baseline points="931,2721 984,2727 1074,2721 1164,2716 1253,2710 1343,2710 1432,2710 1522,2710 1611,2704 1701,2698 1790,2692 1880,2692 1969,2686 2059,2686 2148,2680 2238,2680 2328,2674 2417,2668 2507,2662 2596,2662 2686,2662 2775,2656 2865,2650 2954,2644 3044,2644 3133,2644 3223,2638 3312,2632 3402,2632 3492,2626 3581,2620 3671,2620 3760,2614 3850,2614 3939,2608 4029,2608 4118,2602"/>
                <TextEquiv>
                    <Unicode>sondern gewissermassen Begriffliches vorstellten. Doch er erwähnte</Unicode>
                </TextEquiv>
            </TextLine>
            <TextLine id="tr_2_tl_18" custom="readingOrder {index:17;}">
                <Coords points="908,2934 3907,2896 4057,2870 4065,2699 912,2836"/>
                <Baseline points="931,2895 937,2895 1026,2895 1116,2895 1205,2889 1295,2889 1384,2883 1474,2877 1563,2877 1653,2871 1743,2871 1832,2865 1922,2865 2011,2859 2101,2859 2190,2853 2280,2847 2369,2847 2459,2841 2548,2835 2638,2835 2727,2835 2817,2829 2907,2823 2996,2823 3086,2817 3175,2811 3265,2805 3354,2805 3444,2805 3533,2799 3623,2793 3712,2793 3802,2793 3891,2787 3981,2787 4071,2781"/>
                <TextEquiv>
                    <Unicode>als Beispiel nicht den Traum der verflossenen Nacht, sondern einen</Unicode>
                </TextEquiv>
            </TextLine>
            <TextLine id="tr_2_tl_19" custom="readingOrder {index:18;}">
                <Coords points="900,3089 3932,3050 4031,2887 904,2969"/>
                <Baseline points="925,3068 996,3074 1086,3074 1175,3068 1265,3062 1355,3062 1444,3056 1534,3050 1623,3050 1713,3044 1802,3044 1892,3044 1981,3038 2071,3032 2160,3032 2250,3026 2339,3026 2429,3020 2519,3014 2608,3014 2698,3014 2787,3008 2877,3002 2966,3002 3056,2996 3145,2990 3235,2984 3324,2978 3414,2984 3503,2978 3593,2972 3683,2966 3772,2966 3862,2960 3951,2960 4041,2948"/>
                <TextEquiv>
                    <Unicode>aus längst verflossener Zeit, in dem er auf wetter Ebene eine Art</Unicode>
                </TextEquiv>
            </TextLine>
            <TextLine id="tr_2_tl_20" custom="readingOrder {index:19;}">
                <Coords points="908,3281 4031,3221 4104,3037 912,3174"/>
                <Baseline points="931,3241 978,3247 1068,3247 1158,3247 1247,3241 1337,3235 1426,3235 1516,3229 1605,3229 1695,3223 1784,3223 1874,3217 1963,3217 2053,3211 2142,3205 2232,3205 2322,3199 2411,3193 2501,3193 2590,3187 2680,3187 2769,3187 2859,3181 2948,3181 3038,3175 3127,3169 3217,3163 3306,3163 3396,3157 3486,3157 3575,3151 3665,3151 3754,3151 3844,3157 3933,3157 4023,3175 4112,3181"/>
                <TextEquiv>
                    <Unicode>von Schlacht gesehen, aber in so trüb-fahlem Lichte, dass er die be-</Unicode>
                </TextEquiv>
            </TextLine>
            <TextLine id="tr_2_tl_21" custom="readingOrder {index:20;}">
                <Coords points="908,3478 3980,3406 3988,3217 912,3337"/>
                <Baseline points="937,3432 949,3426 1038,3426 1128,3426 1217,3420 1307,3420 1396,3414 1486,3408 1575,3408 1665,3402 1754,3396 1844,3396 1934,3390 2023,3390 2113,3384 2202,3384 2292,3384 2381,3378 2471,3372 2560,3372 2650,3366 2739,3366 2829,3366 2918,3360 3008,3354 3098,3348 3187,3342 3277,3342 3366,3336 3456,3336 3545,3336 3635,3330 3724,3324 3814,3336 3903,3330 3993,3336"/>
                <TextEquiv>
                    <Unicode>teiligten Kämpfer weder einzeln, noch als Ganzes wahrzunehmen ver-</Unicode>
                </TextEquiv>
            </TextLine>
            <TextLine id="tr_2_tl_22" custom="readingOrder {index:21;}">
                <Coords points="891,3650 4082,3581 4202,3406 900,3500"/>
                <Baseline points="919,3599 984,3605 1074,3599 1164,3593 1253,3587 1343,3587 1432,3587 1522,3581 1611,3575 1701,3575 1790,3569 1880,3569 1969,3569 2059,3563 2148,3557 2238,3557 2328,3545 2417,3545 2507,3539 2596,3539 2686,3539 2775,3533 2865,3533 2954,3527 3044,3527 3133,3521 3223,3521 3312,3515 3402,3515 3492,3515 3581,3503 3671,3503 3760,3498 3850,3498 3939,3492 4029,3486 4118,3486 4208,3492"/>
                <TextEquiv>
                    <Unicode>mochte. Dann aber hatte er am Firmament statt der Sonne einen schief</Unicode>
                </TextEquiv>
            </TextLine>
        </TextRegion>
        <TextRegion id="tr_1" custom="readingOrder {index:1;}">
            <Coords points="901,3567 4226,3567 4226,5209 901,5209"/>
            <TextLine id="tr_1_tl_1" custom="readingOrder {index:0;}">
                <Coords points="2262,3654 2360,3684 2480,3633 2703,3663 3076,3641 3076,3560 2720,3594 2596,3547 2553,3577 2476,3556 2262,3607"/>
                <Baseline points="2286,3635 2369,3629 2459,3629 2548,3623 2638,3623 2727,3623 2817,3623 2907,3623 2996,3617 3086,3617"/>
                <TextEquiv>
                    <Unicode>gelt flimunden</Unicode>
                </TextEquiv>
            </TextLine>
            <TextLine id="tr_1_tl_2" custom="readingOrder {index:1;}">
                <Coords points="900,3817 2519,3740 2853,3821 3637,3693 3791,3778 4160,3735 4164,3611 904,3671"/>
                <Baseline points="925,3790 949,3790 1038,3784 1128,3778 1217,3772 1307,3766 1396,3766 1486,3766 1575,3760 1665,3754 1754,3748 1844,3748 1934,3748 2023,3742 2113,3736 2202,3736 2292,3730 2381,3730 2471,3730 2560,3724 2650,3718 2739,3718 2829,3712 2918,3712 3008,3706 3098,3706 3187,3694 3277,3689 3366,3694 3456,3694 3545,3689 3635,3683 3724,3683 3814,3677 3903,3677 3993,3677 4082,3700 4172,3706"/>
                <TextEquiv>
                    <Unicode>gestellten, mit Organin verhängten Luster mit gelb-glimmenden Plan-</Unicode>
                </TextEquiv>
            </TextLine>
            <TextLine id="tr_1_tl_3" custom="readingOrder {index:2;}">
                <Coords points="3196,3817 3393,3778 3470,3795 3547,3778 3564,3795 3603,3778 3650,3795 3718,3783 3718,3701 3688,3693 3641,3693 3560,3744 3496,3697 3431,3727 3384,3710 3277,3740 3200,3735"/>
                <Baseline points="3223,3784 3283,3778 3372,3778 3462,3772 3551,3772 3641,3766 3730,3772"/>
                <TextEquiv>
                    <Unicode>per duiter</Unicode>
                </TextEquiv>
            </TextLine>
            <TextLine id="tr_1_tl_4" custom="readingOrder {index:3;}">
                <Coords points="891,3997 4031,3941 4065,3757 895,3825"/>
                <Baseline points="913,3969 937,3969 1026,3957 1116,3957 1205,3951 1295,3951 1384,3945 1474,3939 1563,3933 1653,3933 1743,3933 1832,3933 1922,3927 2011,3921 2101,3921 2190,3915 2280,3915 2369,3909 2459,3903 2548,3903 2638,3897 2727,3897 2817,3897 2907,3891 2996,3891 3086,3891 3175,3886 3265,3880 3354,3874 3444,3874 3533,3874 3623,3868 3712,3862 3802,3850 3891,3850 3981,3850 4071,3856"/>
                <TextEquiv>
                    <Unicode>man erblickt und plötzlich gewusst, dass d i e/s, und nicht jenes</Unicode>
                </TextEquiv>
            </TextLine>
            <TextLine id="tr_1_tl_5" custom="readingOrder {index:4;}">
                <Coords points="887,4194 4190,4147 4219,3992 3166,3902 2750,4005 895,3997"/>
                <Baseline points="913,4130 925,4130 1014,4136 1104,4130 1193,4124 1283,4124 1372,4118 1462,4112 1552,4106 1641,4106 1731,4106 1820,4100 1910,4100 1999,4094 2089,4088 2178,4088 2268,4088 2357,4082 2447,4082 2536,4077 2626,4071 2716,4071 2805,4065 2895,4059 2984,4059 3074,4053 3163,4053 3253,4053 3342,4053 3432,4041 3521,4047 3611,4041 3700,4035 3790,4041 3880,4041 3969,4047 3969,4047 4059,4065 4148,4071 4226,4077"/>
                <TextEquiv>
                    <Unicode>fahle Bild auf der Ebene die Schlacht bedeuteten. Paula hatte den</Unicode>
                </TextEquiv>
            </TextLine>
            <TextLine id="tr_1_tl_6" custom="readingOrder {index:5;}">
                <Coords points="895,4339 4001,4297 4082,4100 900,4190"/>
                <Baseline points="919,4309 955,4315 1044,4309 1134,4309 1223,4303 1313,4303 1402,4297 1492,4291 1581,4291 1671,4291 1760,4285 1850,4285 1940,4279 2029,4274 2119,4274 2208,4274 2298,4268 2387,4262 2477,4256 2566,4256 2656,4250 2745,4250 2835,4250 2924,4250 3014,4244 3104,4238 3193,4232 3283,4232 3372,4226 3462,4226 3551,4220 3641,4220 3730,4214 3820,4208 3909,4208 3999,4208 4088,4220"/>
                <TextEquiv>
                    <Unicode>Kragen ihrer weissen Wolljacke aufgestellt, ihr Gesicht war von der</Unicode>
                </TextEquiv>
            </TextLine>
            <TextLine id="tr_1_tl_7" custom="readingOrder {index:6;}">
                <Coords points="891,4532 3825,4477 4061,4434 4065,4292 895,4374"/>
                <Baseline points="913,4488 937,4488 1026,4488 1116,4482 1205,4482 1295,4476 1384,4476 1474,4471 1563,4465 1653,4465 1743,4465 1832,4459 1922,4453 2011,4447 2101,4447 2190,4447 2280,4441 2369,4435 2459,4429 2548,4429 2638,4429 2727,4429 2817,4429 2907,4429 2996,4423 3086,4411 3175,4405 3265,4405 3354,4399 3444,4399 3533,4399 3623,4405 3712,4405 3802,4387 3891,4381 3981,4387 4071,4387"/>
                <TextEquiv>
                    <Unicode>frischen Luft gerötet. Plötzlich mit jener überraschenden Wendung</Unicode>
                </TextEquiv>
            </TextLine>
            <TextLine id="tr_1_tl_8" custom="readingOrder {index:7;}">
                <Coords points="3067,4532 3157,4519 3221,4532 3247,4519 3448,4532 3453,4438 3423,4442 3388,4412 3358,4442 3320,4421 3294,4447 3247,4442 3191,4464 3131,4421 3106,4442 3071,4434"/>
                <Baseline points="3092,4494 3104,4494 3193,4494 3283,4488 3372,4482 3462,4488"/>
                <TextEquiv>
                    <Unicode>bemahc</Unicode>
                </TextEquiv>
            </TextLine>
            <TextLine id="tr_1_tl_9" custom="readingOrder {index:8;}">
                <Coords points="900,4699 3920,4644 4147,4588 4155,4442 904,4566"/>
                <Baseline points="925,4667 937,4662 1026,4667 1116,4662 1205,4662 1295,4656 1384,4650 1474,4650 1563,4644 1653,4644 1743,4638 1832,4632 1922,4632 2011,4632 2101,4626 2190,4626 2280,4620 2369,4620 2459,4614 2548,4608 2638,4608 2727,4602 2817,4602 2907,4596 2996,4590 3086,4590 3175,4590 3265,4584 3354,4578 3444,4578 3533,4572 3623,4566 3712,4566 3802,4560 3891,4560 3981,4554 4071,4560 4160,4554"/>
                <TextEquiv>
                    <Unicode>des Kopfs, die Robert schon an ihr kannte und liebte, wandte sie sich</Unicode>
                </TextEquiv>
            </TextLine>
            <TextLine id="tr_1_tl_10" custom="readingOrder {index:9;}">
                <Coords points="2707,4716 2767,4704 2810,4725 2853,4691 2883,4708 2900,4695 2977,4699 3007,4678 3071,4729 3097,4708 3131,4716 3140,4614 3080,4596 3054,4622 3033,4601 2857,4635 2712,4618"/>
                <Baseline points="2733,4703 2787,4697 2877,4691 2966,4685 3056,4673 3145,4679"/>
                <TextEquiv>
                    <Unicode>in tusschen</Unicode>
                </TextEquiv>
            </TextLine>
            <TextLine id="tr_1_tl_11" custom="readingOrder {index:10;}">
                <Coords points="900,4883 3650,4849 3877,4824 3885,4614 3080,4721 904,4704"/>
                <Baseline points="925,4847 937,4841 1026,4841 1116,4841 1205,4835 1295,4829 1384,4829 1474,4823 1563,4817 1653,4817 1743,4811 1832,4811 1922,4811 2011,4805 2101,4799 2190,4799 2280,4793 2369,4787 2459,4787 2548,4781 2638,4781 2727,4781 2817,4781 2907,4775 2996,4769 3086,4769 3175,4763 3265,4763 3354,4757 3444,4757 3533,4757 3623,4757 3712,4751 3802,4751 3891,4757"/>
                <TextEquiv>
                    <Unicode>an ihn: „Beschäftigen Sie sich nicht zu viel mit sich selbst?“</Unicode>
                </TextEquiv>
            </TextLine>
            <TextLine id="tr_1_tl_12" custom="readingOrder {index:11;}">
                <Coords points="900,5059 4027,5008 4095,4811 904,4901"/>
                <Baseline points="925,5026 972,5014 1062,5014 1152,5014 1241,5008 1331,5002 1420,4996 1510,4990 1599,4990 1689,4984 1778,4984 1868,4984 1957,4978 2047,4978 2137,4972 2226,4972 2316,4966 2405,4966 2495,4960 2584,4960 2674,4960 2763,4954 2853,4948 2942,4954 3032,4954 3121,4948 3211,4948 3301,4936 3390,4936 3480,4930 3569,4924 3659,4924 3748,4924 3838,4918 3927,4918 4017,4912 4106,4894"/>
                <TextEquiv>
                    <Unicode>.Ich glaube nicht", erwiderte Robert betroffen. „Vielleicht gesteh'</Unicode>
                </TextEquiv>
            </TextLine>
            <TextLine id="tr_1_tl_13" custom="readingOrder {index:12;}">
                <Coords points="874,5308 1302,5200 1748,5299 2048,5179 3024,5170 3603,5355 3650,5008 882,5055"/>
                <Baseline points="901,5199 972,5193 1062,5193 1152,5193 1241,5187 1331,5181 1420,5175 1510,5169 1599,5169 1689,5169 1778,5163 1868,5163 1957,5157 2047,5157 2137,5157 2226,5151 2316,5145 2405,5145 2495,5139 2584,5139 2674,5133 2763,5133 2853,5133 2942,5133 3032,5127 3121,5127 3211,5127 3301,5127 3390,5115 3480,5115 3569,5103 3659,5103"/>
                <TextEquiv>
                    <Unicode>ich’s nur aufrichtiger zu als Andere“. Wärmend die Unterhaltung ist.</Unicode>
                </TextEquiv>
            </TextLine>
        </TextRegion>
    </Page>
</PcGts>
