4776 5716
709 359 4234 777 = uns er müßte, tafrucht auf eine Flicht befassen.
1154 736 4293 1031 entlocken. Doch das dauerte nicht lang, Eine so trügerische Be-
3316 931 3634 1040 aussi les
1172 936 4352 1177 ruhigung, die ihm gewiss nur aus einer Erschlaffung seiner Nerven
1167 1145 4170 1358 kam, war er verpflichtet abzuweisen, da sie doch nur eine neue
1140 1317 4134 1581 Gefahr bedeutete. Er erinnerte sich des heutigen Morgens, des
3557 1458 3897 1563 Glukse
2176 1490 2408 1585 or
3957 1440 4215 1663 affaires
1149 1485 4025 1708 letzten Blicks aus den Augen seines Bruders und xxx zweck
3643 1640 4029 1744 wieder.
2721 1631 3448 1762 schwand dahin.
1154 1726 4116 1890 über den wahnen-Stund der Dinge Einkräu###
663 1672 1049 1885 wir
1844 1790 4524 1971 der Kirche nicht allein verwühle, sehr ein
1281 1831 1644 1944 but
645 1921 4288 2103 unterst an Beginne seinen Flucht-stand, und dann ist mit seiner Enaut
1231 1999 2803 2121 auch die Heiht vor rasseren waren,
3775 1985 4143 2099 Fils
1131 2035 4274 2235 nur darum fern von der Heimat zusammenten, um mitem Zeitersxxx
3520 2167 4047 2276 merket
1245 2199 1867 2308 endgiltige-
1876 2208 4215 2417 zu erwägen und xxxzuhareiten.
550 2112 1081 2412 in part
1167 2267 1762 2444 seine:) Rottin
372 2371 3025 2557 und bewährte, dass eisänt der Flück machte
1113 2385 4188 2594 Der Zug hielt in dem kleinen Marktflecken, den Robert
2017 2535 2421 2635 einiger
1127 2562 4220 2771 in der Erinnerung xxxx mit Alberts hier verbrachte ###
1104 2775 4220 2984 Sonnertage ### als vorläufigen Aufenthaltsort
1090 2907 4261 3107 gewählt hatte. Nun, da er das langgestreckte Dorf, das er sich
2321 3066 2521 3175 nur
1095 3139 4252 3321 auch auf der Herreise immer im frischen Grün und in Sommerfarben
1104 3316 4156 3480 vorzustellen vermocht hatte, winterlich verschneit ver sich lie-
2894 3416 3902 3520 nie vorher geschaute
1072 3484 4206 3670 gen sah, war ihm, als empfange ihn eine ganz andere, fremde Gegend.
1245 3602 2716 3698 Überliess einem Lohndiener
1090 3593 4075 3847 Er ja xyz xxx
1072 3807 4011 4006 sche und folgte ihm über eine Brücke, unter der die Aohe raus
1072 3952 4179 4193 te, dann durch eine längs des Vassers hinführende Allee, deren er
1054 4161 3843 4402 sich aus jenem Sommer wie eines hohen, schlitsenden Baumganz
2462 4293 2816 4415 unter
1458 4297 1885 4415 endlich
1072 4352 4084 4561 erinnerte, durch einen Torbogen, xxx dem aus einer schmiedesiser-
3202 4461 4134 4574 weiter schönend
1045 4497 3230 4733 nen Laterne ein mattes, gelblichretes Licht (an-
1054 4697 2898 4933 auf den verlassenen Hauptplatz mit dem
3888 4697 4229 4920 Choten
1531 4847 1699 4965 ain
1036 4901 2362 5110 zum Gasthof Ein grosses Zt.
2344 4888 2507 5110 2251
1008 5092 2221 5292 Idahes Bogenfenster, dem
