<?xml version="1.0" encoding="UTF-8" standalone="yes"?>
<PcGts xmlns="http://schema.primaresearch.org/PAGE/gts/pagecontent/2013-07-15" xmlns:xsi="http://www.w3.org/2001/XMLSchema-instance" xsi:schemaLocation="http://schema.primaresearch.org/PAGE/gts/pagecontent/2013-07-15 http://schema.primaresearch.org/PAGE/gts/pagecontent/2013-07-15/pagecontent.xsd">
    <Metadata>
        <Creator>prov=READ-COOP:name=TrHtr:version=2.1.0:model_id=51170:date=15_08_2023_07:01</Creator>
        <Created>2023-05-10T15:04:17.909+02:00</Created>
        <LastChange>2023-08-15T07:01:27.704+02:00</LastChange>
        <TranskribusMetadata docId="1428793" pageId="55430146" pageNr="117" tsid="132841536" status="IN_PROGRESS" userId="64420" imgUrl="https://files.transkribus.eu/Get?id=IWQIHWSIRQAAWNFXOBYIQVYW&amp;fileType=view" xmlUrl="https://files.transkribus.eu/Get?id=PPZVDGGTFRSTJWZHHGGRSPNZ" imageId="44704218"/>
    </Metadata>
    <Page imageFilename="1428793_0117.jpg" imageWidth="4904" imageHeight="5668">
        <ReadingOrder>
            <OrderedGroup id="ro_1711806479014" caption="Regions reading order">
                <RegionRefIndexed index="0" regionRef="tr_2"/>
                <RegionRefIndexed index="1" regionRef="tr_1"/>
            </OrderedGroup>
        </ReadingOrder>
        <TextRegion id="tr_2" custom="readingOrder {index:0;}">
            <Coords points="1050,343 4313,343 4313,2599 1050,2599"/>
            <TextLine id="tr_2_tl_1" custom="readingOrder {index:0;}">
                <Coords points="2459,431 2506,431 2522,415 2553,415 2596,454 2620,454 2640,274 2620,270 2604,282 2593,274 2565,286 2534,255 2479,262"/>
                <Baseline points="2481,411 2547,405 2637,393"/>
                <TextEquiv>
                    <Unicode>1417</Unicode>
                </TextEquiv>
            </TextLine>
            <TextLine id="tr_2_tl_2" custom="readingOrder {index:1;}">
                <Coords points="4002,533 4092,544 4143,525 4186,537 4194,388 4167,388 4132,403 4096,384 4053,419 4006,411"/>
                <Baseline points="4027,519 4110,513 4200,513"/>
                <TextEquiv>
                    <Unicode>100</Unicode>
                </TextEquiv>
            </TextLine>
            <TextLine id="tr_2_tl_3" custom="readingOrder {index:2;}">
                <Coords points="3987,615 4010,615 4026,634 4042,627 4061,642 4104,623 4124,634 4179,627 4194,642 4206,634 4237,638 4241,525 4194,525 4167,537 4108,533 4096,544 4045,540 4030,556 3991,548"/>
                <Baseline points="4009,608 4069,608 4158,602 4248,602"/>
                <TextEquiv>
                    <Unicode>2es»</Unicode>
                </TextEquiv>
            </TextLine>
            <TextLine id="tr_2_tl_4" custom="readingOrder {index:3;}">
                <Coords points="1226,905 4171,826 4237,725 2440,717 2217,619 1809,768 1226,744"/>
                <Baseline points="1246,829 1294,829 1384,823 1473,829 1563,829 1652,823 1742,823 1831,817 1921,817 2010,817 2100,817 2189,817 2279,817 2368,811 2458,811 2547,805 2637,811 2726,811 2816,805 2905,805 2995,805 3084,799 3174,799 3263,799 3353,799 3442,799 3532,793 3621,793 3711,793 3800,793 3890,793 3979,793 4069,787 4158,787 4248,781"/>
                <TextEquiv>
                    <Unicode>Warnung, eine Mahnung? Dass die Erscheinung irgend etwas zu be-</Unicode>
                </TextEquiv>
            </TextLine>
            <TextLine id="tr_2_tl_5" custom="readingOrder {index:4;}">
                <Coords points="3736,897 3928,912 3967,893 4045,920 4124,897 4222,905 4222,818 4194,811 4171,826 4092,799 3967,826 3897,803 3873,818 3736,811"/>
                <Baseline points="3758,883 3848,883 3937,877 4027,883 4116,883 4206,883 4230,883"/>
                <TextEquiv>
                    <Unicode>vollbringen</Unicode>
                </TextEquiv>
            </TextLine>
            <TextLine id="tr_2_tl_6" custom="readingOrder {index:5;}">
                <Coords points="2549,916 2828,901 2914,932 2953,897 3536,885 3583,912 3646,905 3646,822 2549,838"/>
                <Baseline points="2571,888 2583,888 2672,888 2762,888 2851,888 2941,883 3030,883 3120,883 3209,883 3299,883 3388,883 3478,883 3567,883 3657,883"/>
                <TextEquiv>
                    <Unicode>war das xxxsuerste zu</Unicode>
                </TextEquiv>
            </TextLine>
            <TextLine id="tr_2_tl_7" custom="readingOrder {index:6;}">
                <Coords points="1641,936 1672,932 1684,944 1700,928 1719,928 1735,940 1778,916 1856,924 1903,893 1950,912 1950,854 1903,862 1868,834 1860,842 1829,834 1723,842 1696,826 1680,838 1641,834"/>
                <Baseline points="1664,894 1754,888 1843,888 1933,888 1962,894"/>
                <TextEquiv>
                    <Unicode>einer 1</Unicode>
                </TextEquiv>
            </TextLine>
            <TextLine id="tr_2_tl_8" custom="readingOrder {index:7;}">
                <Coords points="1226,1069 2385,1097 2694,987 4112,995 4245,901 1226,956"/>
                <Baseline points="1246,1002 1300,1002 1390,1002 1479,1002 1569,1002 1658,996 1748,996 1837,1002 1927,996 2016,990 2106,990 2195,990 2285,984 2374,984 2464,984 2553,984 2643,978 2732,978 2822,978 2911,978 3001,978 3090,972 3180,972 3269,972 3359,972 3448,972 3538,966 3627,966 3717,960 3806,966 3896,966 3985,966 4074,960 4164,960 4253,966"/>
                <TextEquiv>
                    <Unicode>deuten hatte, wenn sie auch nur aus seiner eigenen Seele in den</Unicode>
                </TextEquiv>
            </TextLine>
            <TextLine id="tr_2_tl_9" custom="readingOrder {index:8;}">
                <Coords points="2961,1089 3137,1053 3243,1093 3325,1053 3615,1093 4124,1081 4194,1073 4198,975 2965,1003"/>
                <Baseline points="2983,1062 3042,1056 3132,1056 3221,1050 3311,1056 3400,1050 3490,1056 3579,1050 3669,1050 3758,1044 3848,1044 3937,1044 4027,1044 4116,1050 4206,1050"/>
                <TextEquiv>
                    <Unicode>um ihn vor einem Leben in</Unicode>
                </TextEquiv>
            </TextLine>
            <TextLine id="tr_2_tl_10" custom="readingOrder {index:9;}">
                <Coords points="1202,1245 4304,1183 4280,1061 1206,1100"/>
                <Baseline points="1229,1181 1270,1181 1360,1175 1449,1181 1539,1175 1628,1175 1718,1175 1807,1175 1897,1175 1986,1169 2076,1169 2165,1169 2255,1163 2344,1163 2434,1157 2523,1163 2613,1157 2702,1157 2792,1157 2881,1157 2971,1151 3060,1151 3150,1151 3239,1151 3329,1151 3418,1145 3508,1145 3597,1139 3687,1139 3776,1139 3866,1145 3955,1145 4045,1139 4134,1139 4224,1139 4313,1139"/>
                <TextEquiv>
                    <Unicode>Nebel dieses Tags emporgestiegen war, daran konnte er nicht zwei-</Unicode>
                </TextEquiv>
            </TextLine>
            <TextLine id="tr_2_tl_11" custom="readingOrder {index:10;}">
                <Coords points="3846,1241 3877,1238 3885,1245 3908,1226 3963,1249 3998,1234 4038,1238 4042,1151 4022,1151 4006,1167 3983,1167 3971,1155 3951,1151 3928,1151 3912,1167 3893,1159 3877,1167 3850,1163"/>
                <Baseline points="3866,1223 3955,1217 4045,1217"/>
                <TextEquiv>
                    <Unicode>sich</Unicode>
                </TextEquiv>
            </TextLine>
            <TextLine id="tr_2_tl_12" custom="readingOrder {index:11;}">
                <Coords points="1194,1457 4179,1355 4179,1214 1198,1269"/>
                <Baseline points="1217,1354 1235,1354 1324,1354 1414,1354 1503,1354 1593,1348 1682,1348 1771,1348 1861,1348 1950,1348 2040,1348 2129,1342 2219,1342 2308,1342 2398,1336 2487,1336 2577,1336 2666,1342 2756,1336 2845,1336 2935,1336 3024,1330 3114,1330 3203,1330 3293,1330 3382,1324 3472,1324 3561,1324 3651,1324 3740,1324 3830,1318 3919,1318 4009,1318 4098,1318 4188,1324"/>
                <TextEquiv>
                    <Unicode>feln. Aber wohin deutete sie? Ins Gute oder ins Schlimme? Wenn</Unicode>
                </TextEquiv>
            </TextLine>
            <TextLine id="tr_2_tl_13" custom="readingOrder {index:12;}">
                <Coords points="1183,1582 3908,1602 4179,1574 4183,1371 1183,1465"/>
                <Baseline points="1205,1533 1235,1533 1324,1533 1414,1533 1503,1533 1593,1527 1682,1527 1771,1527 1861,1527 1950,1521 2040,1521 2129,1521 2219,1521 2308,1521 2398,1515 2487,1515 2577,1515 2666,1515 2756,1515 2845,1515 2935,1515 3024,1515 3114,1509 3203,1509 3293,1509 3382,1509 3472,1503 3561,1503 3651,1497 3740,1503 3830,1497 3919,1497 4009,1497 4098,1497 4188,1497"/>
                <TextEquiv>
                    <Unicode>kann man solche Dinge erzählen, fragte er sich weiter. Niemand</Unicode>
                </TextEquiv>
            </TextLine>
            <TextLine id="tr_2_tl_14" custom="readingOrder {index:13;}">
                <Coords points="1191,1758 1649,1821 1845,1731 2969,1711 3294,1794 4222,1719 4226,1590 1191,1637"/>
                <Baseline points="1211,1700 1276,1712 1366,1712 1455,1712 1545,1706 1634,1706 1724,1706 1813,1700 1903,1700 1992,1700 2082,1700 2171,1700 2261,1700 2350,1694 2440,1694 2529,1694 2619,1694 2708,1688 2798,1688 2887,1688 2977,1688 3066,1688 3156,1682 3245,1682 3335,1682 3424,1676 3514,1682 3603,1676 3693,1682 3782,1676 3872,1676 3961,1676 4051,1670 4140,1670 4230,1676"/>
                <TextEquiv>
                    <Unicode>könnte sie begreifen, und vielleicht sind sie von allen, die uns</Unicode>
                </TextEquiv>
            </TextLine>
            <TextLine id="tr_2_tl_15" custom="readingOrder {index:14;}">
                <Coords points="1829,1825 2119,1805 2412,1821 2416,1731 2271,1735 2236,1715 2189,1743 2162,1723 2044,1727 1974,1762 1927,1735 1895,1751 1833,1731"/>
                <Baseline points="1849,1807 1885,1807 1974,1801 2064,1801 2153,1795 2243,1795 2332,1789 2422,1795"/>
                <TextEquiv>
                    <Unicode>wesentlisten</Unicode>
                </TextEquiv>
            </TextLine>
            <TextLine id="tr_2_tl_16" custom="readingOrder {index:15;}">
                <Coords points="1171,1903 1758,1982 2863,1884 3607,1939 3638,1782 1171,1794"/>
                <Baseline points="1193,1885 1229,1885 1318,1891 1408,1891 1497,1885 1587,1885 1676,1885 1766,1879 1855,1879 1945,1879 2034,1879 2124,1879 2213,1879 2302,1879 2392,1879 2481,1873 2571,1867 2660,1867 2750,1867 2839,1867 2929,1867 3018,1867 3108,1867 3197,1861 3287,1861 3376,1855 3466,1855 3555,1855 3645,1861"/>
                <TextEquiv>
                    <Unicode>begegnen,die wichtigsten. Darum ist man so allein.</Unicode>
                </TextEquiv>
            </TextLine>
            <TextLine id="tr_2_tl_17" custom="readingOrder {index:16;}">
                <Coords points="1653,2103 3004,2048 3912,2115 4186,2091 4190,1935 1657,1974"/>
                <Baseline points="1676,2064 1694,2064 1783,2058 1873,2058 1962,2058 2052,2058 2141,2052 2231,2052 2320,2052 2410,2052 2499,2046 2589,2046 2678,2046 2768,2046 2857,2046 2947,2046 3036,2040 3126,2040 3215,2040 3305,2040 3394,2034 3484,2034 3573,2034 3663,2028 3752,2028 3842,2028 3931,2028 4021,2028 4110,2028 4200,2028"/>
                <TextEquiv>
                    <Unicode>In die ser Wirtsstube, wo ihn zu dieser Stulde niemand</Unicode>
                </TextEquiv>
            </TextLine>
            <TextLine id="tr_2_tl_18" custom="readingOrder {index:17;}">
                <Coords points="1030,2060 1151,2087 1253,2064 1351,2107 1379,2091 1394,2107 1414,2091 1535,2091 1539,1946 1445,1962 1398,1942 1355,1986 1320,1954 1265,1966 1226,1946 1112,1954 1073,1978 1034,1966"/>
                <Baseline points="1050,2046 1139,2046 1229,2046 1318,2046 1408,2040 1497,2046 1545,2046"/>
                <TextEquiv>
                    <Unicode>abzudrohen</Unicode>
                </TextEquiv>
            </TextLine>
            <TextLine id="tr_2_tl_19" custom="readingOrder {index:18;}">
                <Coords points="1167,2299 4061,2315 4186,2291 4190,2115 1171,2076"/>
                <Baseline points="1193,2237 1246,2237 1336,2237 1425,2231 1515,2237 1604,2237 1694,2237 1783,2231 1873,2231 1962,2231 2052,2231 2141,2225 2231,2225 2320,2225 2410,2225 2499,2225 2589,2219 2678,2219 2768,2219 2857,2219 2947,2213 3036,2213 3126,2213 3215,2213 3305,2213 3394,2207 3484,2207 3573,2207 3663,2207 3752,2207 3842,2207 3931,2207 4021,2201 4110,2201 4200,2201"/>
                <TextEquiv>
                    <Unicode>vermuten konnte, im Dämmer eines frühen Dezembernachmittags, er-</Unicode>
                </TextEquiv>
            </TextLine>
            <TextLine id="tr_2_tl_20" custom="readingOrder {index:19;}">
                <Coords points="1171,2459 4163,2444 4163,2318 4022,2291 1171,2287"/>
                <Baseline points="1193,2416 1217,2416 1306,2416 1396,2416 1485,2416 1575,2410 1664,2410 1754,2410 1843,2410 1933,2410 2022,2404 2112,2404 2201,2404 2291,2404 2380,2404 2470,2404 2559,2404 2649,2404 2738,2398 2828,2398 2917,2392 3007,2392 3096,2392 3186,2392 3275,2392 3365,2392 3454,2386 3543,2386 3633,2386 3722,2386 3812,2386 3901,2380 3991,2380 4080,2380 4170,2380"/>
                <TextEquiv>
                    <Unicode>schien er sich wundersam losgelöst von allen, mit denen er die-</Unicode>
                </TextEquiv>
            </TextLine>
            <TextLine id="tr_2_tl_21" custom="readingOrder {index:20;}">
                <Coords points="1155,2636 4171,2593 4171,2487 3998,2459 1159,2463"/>
                <Baseline points="1181,2589 1229,2589 1318,2589 1408,2589 1497,2589 1587,2589 1676,2589 1766,2583 1855,2583 1945,2583 2034,2583 2124,2577 2213,2577 2302,2577 2392,2571 2481,2571 2571,2571 2660,2571 2750,2571 2839,2571 2929,2565 3018,2565 3108,2565 3197,2565 3287,2559 3376,2559 3466,2559 3555,2559 3645,2553 3734,2553 3824,2553 3913,2553 4003,2553 4092,2553 4182,2559"/>
                <TextEquiv>
                    <Unicode>sen Morgen noch sich nach Menschenart verbunden gewühnt hatte;</Unicode>
                </TextEquiv>
            </TextLine>
        </TextRegion>
        <TextRegion id="tr_1" custom="readingOrder {index:1;}">
            <Coords points="1079,2676 4265,2676 4265,5337 1079,5337"/>
            <TextLine id="tr_1_tl_1" custom="readingOrder {index:0;}">
                <Coords points="1151,2796 4194,2749 4139,2589 1155,2636"/>
                <Baseline points="1175,2768 1252,2768 1342,2768 1431,2768 1521,2762 1610,2762 1700,2762 1789,2762 1879,2756 1968,2756 2058,2756 2147,2756 2237,2756 2326,2750 2416,2750 2505,2750 2595,2750 2684,2750 2774,2744 2863,2744 2953,2744 3042,2744 3132,2744 3221,2744 3311,2738 3400,2738 3490,2738 3579,2738 3669,2732 3758,2732 3848,2732 3937,2732 4027,2732 4116,2732 4206,2726"/>
                <TextEquiv>
                    <Unicode>alle, Braut, Bruder, und Freunde waren wie Schatten der Vergangen-</Unicode>
                </TextEquiv>
            </TextLine>
            <TextLine id="tr_1_tl_2" custom="readingOrder {index:1;}">
                <Coords points="1136,2953 4077,2953 4030,2777 1140,2812"/>
                <Baseline points="1163,2935 1223,2941 1312,2941 1402,2941 1491,2941 1581,2941 1670,2941 1760,2935 1849,2935 1939,2935 2028,2935 2118,2929 2207,2929 2297,2929 2386,2929 2476,2929 2565,2929 2655,2929 2744,2923 2834,2923 2923,2923 3012,2923 3102,2917 3191,2917 3281,2917 3370,2917 3460,2911 3549,2911 3639,2911 3728,2911 3818,2911 3907,2911 3997,2911 4086,2905"/>
                <TextEquiv>
                    <Unicode>heit; und zugleich war ihm, als müsste auch er jenen allen in</Unicode>
                </TextEquiv>
            </TextLine>
            <TextLine id="tr_1_tl_3" custom="readingOrder {index:2;}">
                <Coords points="2867,3023 3133,3023 3164,3043 3207,3031 3223,3047 3301,3047 3301,2941 3247,2925 3184,2937 3149,2972 3063,2961 3043,2941 2984,2945 2965,2961 2910,2937 2867,2949"/>
                <Baseline points="2887,3018 2953,3018 3042,3012 3132,3018 3221,3012 3311,3012"/>
                <TextEquiv>
                    <Unicode>durch die</Unicode>
                </TextEquiv>
            </TextLine>
            <TextLine id="tr_1_tl_4" custom="readingOrder {index:3;}">
                <Coords points="1140,3203 4124,3113 4159,2957 1140,3059"/>
                <Baseline points="1163,3120 1211,3120 1300,3114 1390,3114 1479,3114 1569,3114 1658,3114 1748,3114 1837,3114 1927,3108 2016,3108 2106,3108 2195,3108 2285,3108 2374,3108 2464,3102 2553,3102 2643,3102 2732,3102 2822,3102 2911,3102 3001,3096 3090,3096 3180,3096 3269,3096 3359,3090 3448,3090 3538,3084 3627,3090 3717,3084 3806,3084 3896,3084 3985,3084 4074,3084 4164,3084"/>
                <TextEquiv>
                    <Unicode>dieser Stunde nur als blasses Bild xxx erinnerung schweben.</Unicode>
                </TextEquiv>
            </TextLine>
            <TextLine id="tr_1_tl_5" custom="readingOrder {index:4;}">
                <Coords points="3106,3211 3865,3196 3951,3168 3955,3125 3110,3121"/>
                <Baseline points="3126,3186 3156,3186 3245,3191 3335,3186 3424,3186 3514,3186 3603,3186 3693,3180 3782,3180 3872,3174 3961,3168"/>
                <TextEquiv>
                    <Unicode>der sich aber</Unicode>
                </TextEquiv>
            </TextLine>
            <TextLine id="tr_1_tl_6" custom="readingOrder {index:5;}">
                <Coords points="1128,3356 4100,3309 4159,3192 3211,3227 2894,3117 2495,3219 2025,3110 1770,3243 1128,3196"/>
                <Baseline points="1151,3293 1211,3293 1300,3293 1390,3293 1479,3293 1569,3287 1658,3287 1748,3287 1837,3287 1927,3287 2016,3287 2106,3287 2195,3281 2285,3287 2374,3281 2464,3281 2553,3281 2643,3281 2732,3275 2822,3269 2911,3269 3001,3275 3090,3269 3180,3269 3269,3269 3359,3269 3448,3263 3538,3263 3627,3269 3717,3269 3806,3263 3896,3257 3985,3263 4074,3263 4164,3263"/>
                <TextEquiv>
                    <Unicode>Dies war ihm zuerst nur wie ein seltsam erw###r Schauer. Wimählich</Unicode>
                </TextEquiv>
            </TextLine>
            <TextLine id="tr_1_tl_7" custom="readingOrder {index:6;}">
                <Coords points="2679,3388 2706,3395 2734,3380 2757,3399 2804,3372 2918,3376 2945,3360 2996,3388 3031,3368 3059,3384 3110,3364 3110,3305 3078,3313 3043,3294 2992,3294 2918,3313 2871,3278 2808,3309 2781,3309 2757,3282 2679,3290"/>
                <Baseline points="2702,3359 2762,3347 2851,3347 2941,3341 3030,3341 3120,3347"/>
                <TextEquiv>
                    <Unicode>fast in per</Unicode>
                </TextEquiv>
            </TextLine>
            <TextLine id="tr_1_tl_8" custom="readingOrder {index:7;}">
                <Coords points="3470,3391 3670,3399 3717,3372 3830,3372 3881,3391 3998,3368 3998,3290 3963,3278 3830,3282 3803,3301 3764,3274 3666,3274 3615,3317 3572,3317 3525,3278 3470,3286"/>
                <Baseline points="3490,3365 3579,3365 3669,3365 3758,3365 3848,3365 3937,3359 4009,3365"/>
                <TextEquiv>
                    <Unicode>Anwandelte.</Unicode>
                </TextEquiv>
            </TextLine>
            <TextLine id="tr_1_tl_9" custom="readingOrder {index:8;}">
                <Coords points="1136,3529 3979,3548 4120,3529 4124,3305 3540,3403 1140,3360"/>
                <Baseline points="1163,3472 1181,3472 1270,3472 1360,3472 1449,3466 1539,3466 1628,3466 1718,3466 1807,3466 1897,3466 1986,3460 2076,3460 2165,3466 2255,3466 2344,3460 2434,3460 2523,3454 2613,3460 2702,3454 2792,3454 2881,3454 2971,3454 3060,3448 3150,3448 3239,3448 3329,3448 3418,3442 3508,3442 3597,3442 3687,3442 3776,3436 3866,3442 3955,3442 4045,3442 4134,3448"/>
                <TextEquiv>
                    <Unicode>aben, xxxx</Unicode>
                </TextEquiv>
            </TextLine>
            <TextLine id="tr_1_tl_10" custom="readingOrder {index:9;}">
                <Coords points="1739,3564 1798,3583 1864,3572 1966,3611 2048,3572 2076,3587 2256,3591 2252,3525 2134,3532 2064,3474 1935,3489 1888,3470 1739,3517"/>
                <Baseline points="1760,3555 1849,3555 1939,3555 2028,3561 2118,3573 2207,3573 2267,3573"/>
                <TextEquiv>
                    <Unicode>eine</Unicode>
                </TextEquiv>
            </TextLine>
            <TextLine id="tr_1_tl_11" custom="readingOrder {index:10;}">
                <Coords points="1167,3572 1230,3576 1241,3587 1269,3587 1285,3572 1379,3579 1379,3513 1343,3517 1335,3525 1312,3517 1285,3521 1265,3505 1241,3517 1226,3501 1206,3505 1187,3489 1167,3489"/>
                <Baseline points="1187,3561 1276,3561 1366,3561 1384,3561"/>
                <TextEquiv>
                    <Unicode>dies</Unicode>
                </TextEquiv>
            </TextLine>
            <TextLine id="tr_1_tl_12" custom="readingOrder {index:11;}">
                <Coords points="1124,3689 2260,3760 4159,3654 4057,3513 3137,3579 2538,3474 1966,3607 1124,3525"/>
                <Baseline points="1145,3651 1217,3651 1306,3645 1396,3651 1485,3645 1575,3645 1664,3645 1754,3645 1843,3651 1933,3645 2022,3645 2112,3645 2201,3645 2291,3645 2380,3639 2470,3639 2559,3639 2649,3639 2738,3639 2828,3633 2917,3633 3007,3633 3096,3633 3186,3633 3275,3633 3365,3627 3454,3627 3543,3627 3633,3621 3722,3621 3812,3621 3901,3615 3991,3615 4080,3615 4170,3621"/>
                <TextEquiv>
                    <Unicode>wurde endlich Zu seinem Angst, die ihn aufjagte und durch die däm-</Unicode>
                </TextEquiv>
            </TextLine>
            <TextLine id="tr_1_tl_13" custom="readingOrder {index:12;}">
                <Coords points="1104,3842 4155,3861 4159,3705 1108,3767"/>
                <Baseline points="1127,3830 1217,3824 1306,3824 1396,3824 1485,3824 1575,3824 1664,3818 1754,3818 1843,3818 1933,3818 2022,3818 2112,3818 2201,3818 2291,3818 2380,3818 2470,3812 2559,3812 2649,3812 2738,3812 2828,3812 2917,3812 3007,3812 3096,3806 3186,3806 3275,3806 3365,3800 3454,3800 3543,3800 3633,3794 3722,3794 3812,3794 3901,3794 3991,3794 4080,3800 4170,3812"/>
                <TextEquiv>
                    <Unicode>mernde,mens ohenle ere feuchte Allee gegen die Stadt zurücktrieb,</Unicode>
                </TextEquiv>
            </TextLine>
            <TextLine id="tr_1_tl_14" custom="readingOrder {index:13;}">
                <Coords points="1108,4057 4257,4069 4261,3897 1112,3932"/>
                <Baseline points="1133,4003 1223,4003 1312,4003 1402,3997 1491,4003 1581,4003 1670,3997 1760,3997 1849,3997 1939,3997 2028,3997 2118,4003 2207,3997 2297,3997 2386,3991 2476,3991 2565,3991 2655,3991 2744,3991 2834,3991 2923,3991 3012,3991 3102,3991 3191,3991 3281,3985 3370,3979 3460,3979 3549,3979 3639,3979 3728,3979 3818,3973 3907,3973 3997,3979 4086,3979 4176,3979 4265,3991"/>
                <TextEquiv>
                    <Unicode>als hätte jeder Schritt, der ihm dem Lebensgetriebe näher brächte,</Unicode>
                </TextEquiv>
            </TextLine>
            <TextLine id="tr_1_tl_15" custom="readingOrder {index:14;}">
                <Coords points="1104,4245 3951,4230 4065,4194 4069,4049 1108,4057"/>
                <Baseline points="1127,4176 1217,4182 1306,4182 1396,4176 1485,4176 1575,4176 1664,4176 1754,4176 1843,4176 1933,4176 2022,4176 2112,4176 2201,4176 2291,4170 2380,4170 2470,4170 2559,4164 2649,4170 2738,4170 2828,4164 2917,4164 3007,4164 3096,4164 3186,4164 3275,4158 3365,4158 3454,4158 3543,4158 3633,4158 3722,4158 3812,4152 3901,4152 3991,4158 4080,4152"/>
                <TextEquiv>
                    <Unicode>zugleich die Kraft sein blasses Erinnerungsbild in den Herzen</Unicode>
                </TextEquiv>
            </TextLine>
            <TextLine id="tr_1_tl_16" custom="readingOrder {index:15;}">
                <Coords points="1089,4371 2847,4453 3180,4355 4167,4355 4167,4249 3791,4186 1089,4241"/>
                <Baseline points="1109,4355 1133,4355 1223,4355 1312,4355 1402,4355 1491,4355 1581,4355 1670,4355 1760,4355 1849,4355 1939,4355 2028,4355 2118,4349 2207,4349 2297,4349 2386,4349 2476,4349 2565,4349 2655,4349 2744,4349 2834,4349 2923,4343 3012,4343 3102,4337 3191,4337 3281,4337 3370,4337 3460,4337 3549,4337 3639,4337 3728,4337 3818,4331 3907,4337 3997,4331 4086,4331 4176,4337"/>
                <TextEquiv>
                    <Unicode>der Menschen, die ihn liebten, in ein schärferes und lebendigeres</Unicode>
                </TextEquiv>
            </TextLine>
            <TextLine id="tr_1_tl_17" custom="readingOrder {index:16;}">
                <Coords points="1077,4606 4132,4594 4136,4445 2072,4367 1081,4457"/>
                <Baseline points="1103,4540 1193,4534 1282,4534 1372,4534 1461,4534 1551,4534 1640,4534 1730,4528 1819,4534 1909,4534 1998,4534 2088,4528 2177,4528 2267,4522 2356,4528 2446,4528 2535,4528 2625,4522 2714,4528 2804,4528 2893,4528 2983,4522 3072,4522 3162,4522 3251,4516 3341,4516 3430,4516 3520,4516 3609,4510 3699,4510 3788,4510 3878,4516 3967,4516 4057,4516 4146,4528"/>
                <TextEquiv>
                    <Unicode>zu wandeln. Und xxx wusste erwieder, dass ein Wesen seiner wartete,</Unicode>
                </TextEquiv>
            </TextLine>
            <TextLine id="tr_1_tl_18" custom="readingOrder {index:17;}">
                <Coords points="1089,4735 4057,4739 4085,4574 1093,4602"/>
                <Baseline points="1109,4713 1133,4713 1223,4713 1312,4713 1402,4713 1491,4707 1581,4707 1670,4707 1760,4707 1849,4713 1939,4713 2028,4707 2118,4707 2207,4707 2297,4707 2386,4713 2476,4707 2565,4707 2655,4707 2744,4701 2834,4701 2923,4701 3012,4701 3102,4695 3191,4695 3281,4695 3370,4695 3460,4695 3549,4689 3639,4689 3728,4695 3818,4689 3907,4689 3997,4689 4086,4695"/>
                <TextEquiv>
                    <Unicode>das ihm für alle Zeit zu eigen gehörte, dass ein Bruder seiner</Unicode>
                </TextEquiv>
            </TextLine>
            <TextLine id="tr_1_tl_19" custom="readingOrder {index:18;}">
                <Coords points="1057,4931 1860,4907 2115,5009 2338,4903 2835,4981 3329,4891 4108,4978 4108,4750 2604,4813 2291,4703 1606,4837 1057,4809"/>
                <Baseline points="1079,4892 1163,4892 1252,4892 1342,4892 1431,4892 1521,4886 1610,4886 1700,4886 1789,4886 1879,4886 1968,4886 2058,4886 2147,4886 2237,4886 2326,4886 2416,4886 2505,4886 2595,4880 2684,4880 2774,4880 2863,4880 2953,4880 3042,4874 3132,4874 3221,4874 3311,4874 3400,4874 3490,4874 3579,4874 3669,4868 3758,4874 3848,4868 3937,4868 4027,4874 4116,4874"/>
                <TextEquiv>
                    <Unicode>dachte, der ihn liebte, ich vielleicht noch mehr leibte, als es Paula</Unicode>
                </TextEquiv>
            </TextLine>
            <TextLine id="tr_1_tl_20" custom="readingOrder {index:19;}">
                <Coords points="1065,5111 4077,5162 4077,4962 3626,4903 1065,4993"/>
                <Baseline points="1085,5065 1133,5065 1223,5065 1312,5071 1402,5071 1491,5071 1581,5065 1670,5065 1760,5071 1849,5071 1939,5065 2028,5065 2118,5065 2207,5065 2297,5065 2386,5059 2476,5059 2565,5059 2655,5059 2744,5053 2834,5053 2923,5053 3012,5053 3102,5053 3191,5059 3281,5053 3370,5053 3460,5053 3549,5047 3639,5047 3728,5047 3818,5047 3907,5047 3997,5053 4086,5053"/>
                <TextEquiv>
                    <Unicode>tat, mehr als irgend ein Mensch auf der Welt ihn erlebt hatte,</Unicode>
                </TextEquiv>
            </TextLine>
            <TextLine id="tr_1_tl_21" custom="readingOrder {index:20;}">
                <Coords points="1727,5404 1758,5416 1856,5369 1931,5389 1958,5365 1993,5393 2060,5393 2162,5338 2287,5354 2354,5307 2385,5314 2397,5126 2185,5181 1978,5130 1813,5197 1739,5189"/>
                <Baseline points="1754,5327 1771,5321 1861,5321 1950,5315 2040,5310 2129,5304 2219,5304 2308,5292 2398,5280"/>
                <TextEquiv>
                    <Unicode>###</Unicode>
                </TextEquiv>
            </TextLine>
        </TextRegion>
    </Page>
</PcGts>
