4488 5700
3602 332 3891 643 154
746 561 3882 863 genblick und überhaupt jemd's ausgesehen haben konnte.Uebergrose
3179 716 3800 863 und her, sehr.
764 742 3196 1027 auf dem menschenleeren beschneiten Marktplatz hin
3179 807 3736 953 Kamstel und xxx
755 927 3878 1238 gemächlich, eine Zigarre im Munde, so dass er jedem, der ihn so ge-
751 1074 3938 1367 sehen, als ein sorgenweder Wintertourist hätte erscheinen müssen.
1562 1139 1756 1229 me
755 1242 3706 1562 Plötzlich fielem ihm die Aufzeichnungen wieder ein, die er am
3192 1324 3887 1432 Gasthofs schim-
759 1389 3947 1734 Abend niedergeschrieben hatte. Könnt' ich's nicht wagen, mit ihrer
759 1553 3951 1868 Hilfe den Kampf aufzunehmen? fragte er sich. (Wehin sande ich sie
759 1803 3839 2088 nur? An Paula? Oden aus Gericht? Oder an den ###
3093 1924 3921 2161 diese Aufzeich-
746 1980 3110 2312 neulich eingeladen hat. um mich
3089 2058 3335 2174 welcke
3684 2096 3969 2329 wäre
764 2084 3598 2459 nungen liest, kann mich nicht mehr für wahnsinnig halten.
2882 2299 4038 2541 s Ganze noch einmal
764 2368 2899 2627 vollkommen ausgeschlossen. Aber ich werde den
2877 2433 3020 2519 or
776 2472 3973 2804 schreiben, ausführlicher und verständlicher. Morgen mit dem ersten
772 2653 3792 2985 Zug fahre ich von hier weiter, gehe dann an einer Zweigstation
776 2791 3990 3149 auf eine andere Strecke über, irgendwohin,wo mich niemand vermutet,
781 2981 3956 3296 und dort setze ich meine Anklage- oder meine Verteidigungsschrift
772 3196 3904 3503 sorgfältig auf. Anklage oder Verteidigung? Ja, was ist es eigent-
1600 3386 2291 3507 quibelte va
772 3365 3671 3697 lich? Und er begann zu grübeln, ob nicht doch ingenimis eine
3917 3309 4120 3529 X
772 3520 4240 3848 Schuld von seiner Seite vorlägel Wie ein blasses Gespenst schwebte ihm
3020 3662 3244 3800 der
764 3710 3956 4029 die Gestalt jener armen Klavierlehrerin durch seinen Sinn, mit der
768 3926 3938 4184 er seine letzte trübselige Liebesnacht verbracht hatte, und wie-
785 4089 3951 4383 der regte sich der seltsame Zweifel in ihm, ob in jener Begegnung
3438 4232 3865 4439 ihn ge¬
776 4284 3468 4555 sich nicht das Leben zum letzten Mal mit einer Frage an
755 4409 3943 4719 wandt,die er gedankenlos, ja grausam beantwortet hatte. Er erlebte
2998 4547 3775 4655 in einer riesigen
738 4581 3969 4913 es noch einmal in der Erinnerung, wie das einsame Geschöpf aus dem
3071 4719 3464 4818 Oktor Le
768 4745 3831 5146 davonfahrenden Wagen sich nach ihm umgewandt, ihm traurig-ernst
2813 4909 3947 5202 und herzenskalt nachge¬
751 5030 2731 5258 zugenickt und wie er selbst ihr ungerührte
785 5159 3904 5418 blickt hatte. Doch sah er sich völlig anders, als er in jenem Au-
