4824 5908
3831 572 4023 765 62
1578 720 4146 973 Robert berichtete, dass er beinahe die ganzen Tage im
1018 920 4101 1202 Freien herumgelaufen sei und liess die Damen Kostner unerwähnt.
1022 1088 4007 1382 Er habe sich im Gansen recht wohl gefühlt, nur ausnehmend viel
1022 1284 4195 1566 geträumt, die ganzen Nächte durch, tolles Zeug, wahrhaftig! Leinbach
1030 1443 4081 1717 zuckte die Achseln. Was und wieviel Robert auch geträumt haben
1034 1607 4117 1893 mochte, was war das gegen seine eigenen Träume? Er erlebte Jahre,
1034 1811 4134 2073 Jahrzehnte im Schlaf. Einmal, noch als Gymnasiast, hatte er in ei-
1018 1995 4036 2282 ner Morgenstunde vor dem Erwachen den ganzen dreissigjährigen
1026 2167 4134 2429 Krieg durchgemacht. „Aber doch nicht sehr ausführlich?“ erkundig
1026 2339 4171 2584 te sich Robert lächeInd,-sondern nur den kleinen Plötz nehm ich
1026 2531 3991 2780 an?" - „Immerhin“,erwiderte Leinbach ernsthaft, „von 1616 bis
3230 2715 3402 2817 3A4
1022 2744 1329 2981 1648."
1566 2858 4015 3116 Sie schritten einen Waldpfad bergan. „In früheren
1026 3042 4154 3312 Jahren", sagte Leinbach, „pflegte meine Frau mich auf solchen Som-
1026 3226 4076 3463 tagsausflügen zu begleiten. Jetzt, nach den vier Kindern, hat sie
1034 3394 4040 3668 es aufgegeben, lässt mich meine Touren allein machen und widmet
1026 3590 4105 3831 sich der Häuslichkeit - oder was sie sonst treiben mag.“ Robert
1026 3766 4314 4011 blieb stumm. Er fand die Bemerkung seines Freundes ebenso geschmack-
1014 3929 4117 4187 los als lächerlich, da er Frau Leinbach als ein höchst hausbacke-
1010 4089 4097 4355 nes, braves und völlig anmutloses Wesen konnte; - wie sich Lein-
1010 4265 4142 4547 bach denn überhaupt gehütet hätte ein Wesen anderer Art zur Ehe
1034 4465 4138 4723 zu nehmen, da ihm seelische Unbequemlichkeiten noch weit verhass-
3839 4600 4158 4821 ernden
3161 4633 3680 4812 Onderbar zu
1026 4702 2310 4923 ter waren als körperlichs.
1595 4812 4199 5037 Als sie dann, immer höher schreitend, unter einer wahr-
1288 4902 1472 5021 von
1006 5037 4179 5279 haft sommerlichen Mittagssonne eine Bergwiese durch-
1022 5172 4154 5467 querten, gab dies Leinbach Anlass zu einem Verglesch mit den trü-
