4792 5636
3703 424 3950 667 93 a
813 566 4074 888 obachten liess. Dem Professor war er noch niemals im Hause des Bru-
2315 764 2978 897 geladen h.M.
1648 795 2081 915 man her
809 831 4039 1083 ders begegnet. Dass er heute dagewesen war, das konnte kein Zufall
1480 910 3756 1074 Gerrits evor beimatigt, hatte Obgium
4167 897 4366 1100 X 6w
804 981 4048 1237 gekommen sein. Otto war besorgt um ihn und vielleicht gerade in die-
2757 1091 3040 1211 gerade
1463 1131 1904 1277 officiter
817 1158 4065 1396 sen guten Tagen mehr als je zuvor. Gerade jetzt, da Roberts Schick-
800 1361 4317 1595 sal äusserlich und innerlich eine günstigere Wendung zu nehmen be-
804 1520 4149 1750 gonnen hatte, da er zum ersten Mal seit zwanzig Jahren beruhigt  er-
782 1670 4025 1909 hobenen Hauptes in die Zukunft schauen durfte, war er seinem Bruder
3548 1759 4322 1931 dans marpé
782 1860 3972 2081 immer nur verdächtiger geworden. Aber ob der Grund für die Steige
3221 1927 3924 2046 sen könten.
2276 1962 2819 2077 ehe und
782 2015 4012 2267 rung dieses Misstrauen nicht ebenso sehr bei Otto gelegen war, als
3486 2055 4322 2227 remuciones
791 2209 4061 2355 bei ihm? Ob es sich nicht so verhielt, dass Otto, der in sich selbst
3866 2262 4065 2373 sla
4083 2267 4251 2457 ol
1741 2307 2744 2444 a/n Storie
791 2293 4056 2576 die ersten Zeichen einer schwerenen Narnenschrüttung erkennen mues-
407 2408 720 2572 Sulé
800 2519 4140 2753 te und davor zurückscheute sie sich einzugestehen, das Unheil in einer
2744 2603 4123 2762 abzuwenden glaubte, runirte
778 2709 4052 2943 gleichsam satanischen Weise xxxxx von sichxxx
2722 2815 2983 2930 dafür
791 2863 4039 3133 es in eine andere, seiner Ansicht längst vorbestimmten Seele,
778 3049 4008 3288 in die des eigenen Bruders hinüberdeutete. Von wie vielen Fällen
769 3195 4185 3407 hatte Robert Wie oft schon hatte man davon gehört und gelesen, dass ein
3765 3292 4034 3389 hielt
787 3372 4083 3553 Wahnsinniger die Gesunden in seiner Umgebung für wahneinnig hel-t und
782 3460 3964 3694 immer wieder kommt es vor, dass ein geistig völlig normaler Mensch
3818 3575 4269 3782 wurde
769 3641 3999 3880 fälschlich als irreinnig erklärt und ins Narrenhaus gesperrt wird.
751 3796 4286 4003 Und nichts erweist sich schwerer, als einen Irrtum solcher Art auch
1149 3968 1988 4092 an feuilcherde
769 3946 4034 4176 aufzuklären, wenn die Aufmerksamkeit einmal in eine falsche Bahn ge-
738 4109 4079 4317 lenkt worden ist. Robert dachte an Gerichtsfälle, an Zeitungsnotisen,
734 4308 4255 4520 die von zufälligen, leichtfertigen oder verbrecherischen xxx
738 4467 3924 4631 tümern solcher Art erzählten. Und wie nahe lag ein solcher Urrtum
738 4640 3986 4847 gerade in xx seinem eigenen Fall. Sein Leben lang,mindestens seit
716 4777 4070 4940 Höhenburge Erkrankung, war er selbst von allerlei Zwangevorstellungen
738 4825 4291 5161 und schlimmeren Wahn gequält worden und hatte das seinen Bruder nicht Aus
2399 5037 2713 5135 mit besten
734 5064 4096 5364 eingestanden, sondern ihn geradezu gebeten mit ihm ein Ende zu machen
