4696 5716
3900 487 4146 716 136
1869 541 2273 791 ¬s Robert
2302 529 3009 766 erwiderte ein
2448 695 2614 803 G.C.F.P
982 708 4113 1099 und dabei wie ein Hanswurst den Kopf weit über die Brüstung des
1449 724 2281 912 Das Blut erstarrt
999 849 4358 1303 Chors streckte und immer wieder zurückzog. Leinbach aber erklärte
1353 987 1540 1103 Schllers
3609 987 3929 1120 mede
1024 1057 4200 1474 Robert, dass der Mann dort oben nicht etwa eine Fuge von Bach, son-
1486 1136 1977 1274 Das Werk so
1869 1190 3925 1407 Mürich wehre des bekantlauf alle
1020 1257 4063 1561 dern, dass er Lebensgeschichten allele, wie die meisten begabten
1024 1424 4088 1802 Pianisten. Gleich darauf wanderte Robert zwischen Bahngeleisen
1041 1594 4258 1986 hin, immer weiter einer offenen Landschaft zu, mit einer roten Fahne
2073 1644 2264 1786 stin
1045 1752 4225 2148 in der Hand, die er ununterbrochen schwenkte, und endlich auf einen
1553 1836 1906 1969 tresse: M
1045 1927 4246 2348 Erdhügel pflanzte, unter dem Alberta begraben lag. Dann schritt er
1066 2094 4229 2489 auf einem schmalen Gebirgskamm hin, Abgründe zu beiden Seiten, mit-
1078 2281 4096 2614 ten durch eine wundervolle, blaue Winternacht. Endlich sass er,
1070 2439 4162 2847 erfrischt, mit kühlen Wangen und sich der Arbeit entgegenfreuend
1082 2643 4175 3047 in seinem Bureau, als plötzlich sehr heftig an die Türe geklopft
1082 2731 4262 3193 wurde.Er wusste sofort, dass dies nur Albertens Gatte sein konnte,
1078 2951 4312 3409 der gekommen war Rechenschaft von ihm zu fordern. Doch er war fest
1099 3084 4292 3513 entschlossen nicht zu öffnen. Vielmehr verliess er den Raum durch
1086 3288 4346 3755 die gegenüberliegende Türe und stürmte weiter durch eine ganze Rei-
1116 3459 4325 3925 he von Zimmern; in jedem standen Tische, an jedom sassen Schreiber,
1111 3663 4250 4079 deren Federn mit ungeheuerer Eile über das Papier fuhren, mit der
1103 3867 4250 4271 freien Hand aber werfen sie die Bogen in offene Reisetaschen, die
3247 3988 4021 4138 schmappen
1116 4004 4429 4475 sich immer selbsttätig auf und zuschlossen wie Krokodilmäuler. Dabei
1103 4208 4262 4650 dauerte das Klopfen immer fort und schien sogar stärker und drin
1815 4333 1969 4441 eine
1124 4421 4333 4779 gen er zu werden. Unwillkürlich griff Robert nach dem Revolver, den
1145 4533 4329 4962 er nach Reisegewohnheit auf das Nachttischchen gelegt hatte, erhob
1478 4687 1657 4816 all
1141 4766 4225 5137 sich rasch, steckte die Waffe in seine Rocktasche, wusste, dass er
3130 4862 4387 5249 ad er fragte: „Wer ist werde.“
1265 4991 3076 5311 macht war und dachte: Ein Telegramm.
