4872 5908
3452 505 4290 731 27
1494 583 1773 764 G.C.
1929 579 3333 891 Und Robert paar fette rempl
2286 805 2598 915 H.M. de S.
1141 858 4232 1088 Menschenliebe? (Ja, war nicht auszunehmen, dass sich kluge und edle
2574 977 3153 1088 welcher Art
1154 1039 4253 1186 Aerzte zu einem solchen Vorgehen nicht viel öfter entschliessen,
1145 1215 4253 1437 als im Allgemeinen bekannt zu werden pflegt; auch ohne Rechtfer-
1145 1351 4006 1601 tigungsbriefe in der Hand zu haben, wie Otto einen besasst
3305 1490 3653 1613 Aurte
1720 1511 2159 1642 Aber Ra
1724 1539 4183 1794 Und kommt es nicht auch vor, dass sie sich täuschen?
1121 1687 4220 1929 Können sie nicht selbst irrsinnig werden und einen Geistiggesun-
2775 1839 3424 1975 auf solche Art
1121 1905 4167 2073 den für geisteskrank halten? Und ist so nicht Einer dem Andern
1117 2110 4265 2286 rettungslos ausgeliefert,- der Kranke dem Gesunden,wie der Gesun-
1777 2225 2418 2356 an diens stelle.
1117 2307 4035 2451 de dem Kranken? Hier aber riss Robert sich gewaltsam zurück.
1100 2426 4240 2660 Er wollte sichs nicht länger gefallen lassen, dass krankhafte Grü-
1104 2623 4220 2796 beleien ihn wehrlos in das trübe Land schwankender Möglichkeiten
1100 2796 4179 3025 trieben, wo das Höchst-Wahrscheinliche und das Kaum-Vorstellbare
1088 2993 4302 3165 in unlauterer Nähe beisanmen wohnten. Wieder warf er einen raschen
2159 3103 2512 3218 Einen
1092 3169 4130 3300 Blick in den Spiegel. Unterschied zwischen rechts und links
2036 3173 4499 3403 Beide Augen bli Blen aber es heil noch min¬
924 3292 1609 3411 it in my
1088 3288 4261 3547 weg kaum mehr wahr zu nehmen. Müide Augen beidenseite, das war aller
406 3321 899 3485 vermeckte
419 3448 948 3571 teale in
1342 3477 1568 3588 Stort
386 3514 1018 3756 Hofgierlichen
1076 3502 4220 3682 Ueberdies war er auf dem linken Ang von Jugend an ein wenig kurz-
1063 3711 4146 3855 sichtig gewesen und hatte die Gewohnheit angenommen es zuweilen
1063 3892 4126 4019 zusammenzukneifen. Dazu kam, dass er heute Nacht kaum geschlafen
1285 3928 4577 4113 Er sah ins ganzen, das was recht zu läugnen, abgemeinet und übernächtig aus¬
1039 4076 4084 4236 hatte. In selch einer Verfassung einen Arzt, einen Freund, ainen
1047 4236 4121 4425 Bruder aufsusuchen, wäre schon an sich weder klug noch taktvell
1034 4355 4183 4589 gewesen. Und er entschloss sich den beabsichtigten Besuch verlän-
1034 4552 4121 4737 fig zu verschieben, um Otto nach einer gut verbrachten Nacht, er-
1026 4704 4179 4996 frischt, in gehobener Stimmung, und womöglich - denn auch dies er-
1002 4901 4240 5189 anhien ihn nicht ohne Bedeutung - bei gänzlich aufgehelltem Vetter
