4856 5652
3307 322 3687 518 G.H.P.
3048 337 3252 455 P.
1389 275 1757 494 P.D.H.
3946 424 4126 561 105
3997 506 4491 710 kkk
1161 710 4068 867 das ist ein Glück ohnegleichen, ein ganz unverdientes glück.
2683 812 4064 918 is being-recc with
1106 894 4123 1087 Dabei musst du wissen, dass ich nahe war darum verbeisugehen,-
4213 832 4393 1032 X
2695 985 3205 1094 mon in die
3436 1008 3738 1090 G.C.F.P
1149 1051 4174 1255 es gar nicht zu bemerken.“ Er vermochte zu seiner eigenen Ver-
4130 1141 4327 1291 sein
1138 1243 4115 1361 wunderung zu seinem Bruder freier und aufgeschlossener zu re-
3746 1330 4095 1443 meine
1145 1428 4209 1557 den als sonst. Er sprach davon, wie haltlos und verloren er seit
2197 1510 2404 1612 B.F.S
1114 1545 4209 1730 Jahren dahingekxxxgedämmert, wie die Amtsgeschäfte ihn nicht
1742 1691 2020 1793 alle
2973 1691 3169 1785 or
1114 1742 4236 1938 befrie digt, die Vergnügungen ihn gelangweilt hätten,wie er immer
1710 1867 1883 1953 strge
2165 1863 3515 1953 und durch die
3746 1863 4185 1973 nur die
1102 1934 4221 2106 wieder von allerleisonderbaren oder albernen Einbildungsquält
2334 2032 2965 2181 sei aber
1102 2130 4217 2291 und umhergehetzt worden männ; wie von der Stunde ab,da Paula in
2255 2216 3138 2338 die jede Welt
1090 2279 4205 2432 sein Leben getreten war, alles gleichsam lichtere Farben angenom-
1330 2393 1961 2510 sogar in
3224 2401 3597 2514 Die wohnten
1079 2467 4083 2656 men, wie er xxx seinem Berufe xxxx eine ungeahnte Befriedigung
1079 2632 4107 2801 finde, wie insbesondere die Musik dadurch, dass seine Braut auch
1067 2746 4185 2926 hier sich ihn als eine wahre Gefährtin erweise, ihm ein ganz neu-
3538 2926 4064 3040 eine
1059 3005 4075 3126 es glück gewähre, und wie er fühle, dass erst jetzt
3001 3095 3456 3213 Reise
1071 3099 1714 3213 schwere Wolke,
1059 3193 4123 3315 stärke, die er immer als über sich schwebend empfunden xxxx, für
3456 3287 3856 3389 an wieder
1028 3373 4072 3503 alle zeit geschwunden sei. Alle diese Worte aber, dessen war er
1036 3495 4032 3656 sich wohl bewusst, sollten nicht nur sich selbst, nicht nun eine
2283 3550 4189 3738 dem Binde zu verröhnen —
1039 3656 1216 3734 von
1004 3711 4158 3840 Beichte bedeuten, sie waren auch dazu besti mit den Mahn, der sich
2510 3805 2907 3915 konnte
3114 3801 3801 3922 und
1024 3879 4119 4056 in seines Bruders Seele entwickelt hatte, zu zerstreuen, ihm xxx-
2283 3997 3797 4103 die sie beide rettete.
1004 4060 4009 4209 hiäws.Erleuchtung, Ekaahotuk wiederzubringen, Uudankaxxxxx
2208 4162 2910 4268 n. Ich möchte
3299 4170 3934 4283 alato zeigen,
1000 4158 4036 4397 Äkkei, sosikkeikkäs xatäikt rakouwos nauadewuos eikkeen vuosik vieläkkeg. k.k. xxx
2385 4350 2754 4452 Ragusa..
977 4381 4032 4566 Makkankerta. Böhgeoxaabönten, nockkkeu xa xaickusohon monapragaba, dassa
1789 4527 3891 4613 rückte. In diesen Gegenden hatten die Brüder
977 4601 3954 4762 Äkte.x.
2118 4703 2408 4797 al als
2797 4707 3997 4829 mit ihren Eltern die Orte
965 4758 3962 4958 καικαυταιλειειαι«, καὶουσαιναι κοινοόνονος.
2483 4884 3879 4978 an manchen Einzelheiten jenes
977 4942 4052 5076 Rücksehen.
