5032 5908
4043 478 4505 772 41
1638 607 1994 827 H1,1
3107 619 3318 780 G.C.P.
1207 858 4219 1105 Rabert liess den Wagen wieder der Stadt zuwenden. Sie redeten
1191 1034 4211 1261 beide nichts mehr und als er ihre Hand fasste, gab sie ihm den
1195 1167 4266 1406 Druck mit Inheimst zurück. In ihre müden Züge trat ein Schimme
3667 1340 4274 1516 lick nach dem
2527 1395 2715 1602 a
1207 1383 2499 1602 von Erante, fast von Glück.
1661 1532 4247 1724 In einem kleinen Gasthof, der Robert von ähnlichen Ge-
1195 1739 4254 1947 legenheiten her bekannt war, stieg er mit ihr ab,nahm ein Zimmer
1183 1935 4305 2072 und bestellte ein Abendessen. Während sie es erwarteten, sass sie
1175 2025 4215 2245 mit im Schoss gefalteten Händen auf dem blauen Plüschdiwan, und
1183 2245 4164 2417 er,eine zigarette rauchend,ging in dem bescheidenen, aber nett
1183 2421 4133 2633 gehaltenen Raum auf und nieder. Ueber den Betten hingen zwei
1179 2605 4239 2793 schlechte Oeldrucke, italienische Landschaften mit Staffage vor-
1649 2770 1916 2907 recht
1148 2801 4137 2993 stellend:/der Vesuv, über den Golf von Neapel Rauch und Feuer-
2092 2930 2358 3063 lucks
1163 2977 4145 3173 schein verbreitend; eine Osteria in der römischen Campagna mit
1152 3146 4074 3353 Fuhrleuten,rot und blau gekleideten,breit lachenden Mädohen,
1160 3291 4282 3549 im Hintergrund ein Aquàdukt mit zerbrochenen Säulen. Nie wird sie
1140 3471 4156 3710 mehr von Italien wissen, dachte Robert, als was sie auf solchen
1128 3671 4282 3855 Bildern zu sehen bekommt. Und mitleidsvoll-schuldbewusst streif-
1136 3792 4274 4051 te sein Blick ihren Scheitel. Sie sass noch immer ganz stille da
1148 4004 4223 4200 in ihrer hochgeschlossenen, etwas zerdrückten, blaugetupften Lei-
1116 4196 4235 4423 nenblouse. Ihre Haare waren dunkelblond und dicht, die Augen hell
3134 4329 3655 4458 gelblichen
1124 4352 4149 4560 und gress, die Gesichtszüge aber sahen nun im Licht des zweiar-
1124 4560 4211 4744 migen Deckenlusters noch verblühter aus als im Dämmerschein der
1105 4748 4149 4913 Strasse. Plötzlich blickte sie zu ihm auf und einfach, beinahe
1105 4944 4027 5124 trocken, sagte sie! „Sie sollen nicht schlecht von mir denken,
1105 5097 4078 5273 aber ich bin wirklich so allein.“ Ergriffen trzt er näher zu
