4936 5892
4274 564 4540 813 V.J.V.
3432 606 3623 776 12
556 598 901 876 "    "
4001 614 4171 822 69
2590 822 3075 963 sonderbar
1058 905 4312 1133 neuen Lebenshoffnungen, war ihm iegendwie entrückt; als er sich nach
1067 996 4192 1286 ihr Bild ins Gedächtnis zurückzurufen suchte, erschien es ihm als
1054 1257 4175 1482 das einer nicht mehr ganz jungen, fanierten Person, in unordentli-
1062 1440 4150 1660 chem Morgenanzug, deren Ztige in seltsamer-Weise denen der armen
1058 1589 4237 1822 Klavierlehrerin gliehen; und er spürte einen dumpfen Grolle gegen
1054 1785 4233 2021 sie in sich aufsteigen. Er verübelte ihr, dass sie sich um ihren
1054 1963 4216 2175 Vater nicht genug gekümmert hatte, dass sie in einen alten Musiker
1058 2063 4362 2366 verliebt gewesen war, dass sie Zigaretten rauchte und besodders,dass
1042 2307 4378 2507 sie vom Semmering abgereist war, ohne ein Wort der Aufklärung für ihn
1038 2444 4333 2756 zurückzulassen. Dabei war er sich völlig klar über den Ungerechte, ja
1050 2668 4382 2934 Unsinnige all dieser Beschuldigungen, die er sehr wohl als das erkann-
1046 2826 4208 3088 te, was sie waren, als Vorwände für das diesmal vorzeitige Erwachen
1033 2971 4254 3299 eines Hasses, das sich in früheren Fällen seinen Liebesgefühlen im-
1029 3179 4229 3411 mer erst allmählich beigesellt hatte. Was er jetzt in sich erlebte,
1017 3299 4291 3577 war nur ein Beispiel mehr für das unheimliche Auf und Nieder seiner
1017 3552 4121 3768 Empfindungen,die demselben Menschen gegenüber von opferbereiter
1017 3681 4245 3967 Zärtlichkeit und verzehrender Leidenschaft bis zu Abdeigung,Wider-
1017 3901 4324 4142 willen, Grimm, Wut und Todeswünschen xxx zu schwanken vermoch-
1029 4026 4341 4274 ten.Und wo ist am Ende der Unterschied, fragte er sich,zwischen einem
1013 4225 4287 4428 Todeswunsch und einem Mord?Gedanken vergehen; Taten sind unwiderruf-
1017 4358 4204 4515 lich. Ist das nicht eine Tücke der Vorsehung? Die Empfindung, durch
1017 4428 4245 4631 die eine Tat möglich geworden, ist längst erloachen, ist vielleicht
1021 4532 4117 4723 in ihr Gegenteil umgeschlagen; und die Tat bleibt getan. Nehmen
1021 4602 4221 4793 wir an, das renkteinte ich vielmehr gab, hätte nicht gewirkt. Am näch-
1017 4702 4250 4893 sten Morgen wäre sie wieder aufgewacht, lebte vielleicht heute noch
1004 4831 4121 4963 und kein Mensch ahnte, was geschehen ist oder vielmehr was beab-
1008 4897 4146 5046 sichtigt gewesen! Ich selbst würde es nicht ahnen, denn ich hätte
1017 4988 4071 5179 es ja vergossen. Ich habe es vergessen. Hab ich wirklich? Nein,
1004 5121 2200 5258 ich erinnere mich ja...
1619 5117 4071 5320 „Habe ich dich lange warten lassen? „fragte Otto und
979 5241 3108 5445 die Gartentüre fiel hinter ihm ins Schloss.
