4888 5908
4088 383 4269 701 16
1122 580 4574 911 sendung seines Briefes fühlte Robert sich beruhigt, und es war von xxx
1105 851 4363 1148 ist an, wie im gegenseitigen Einverständnis, zwischen den Brüdern von
3546 989 3903 1122 denting
1122 1062 4320 1337 jener Abmachung mit keinem Worte, ja nicht einmal anspielungsweise,
2872 1174 3413 1333 a pll
1118 1217 4213 1479 mehr die Rede gewesen. Ja Robert schien sich wie von einem Bann
1324 1414 2119 1552 je n'en mari mais
1109 1423 4234 1707 befreit; als wäre von allen Möglichkeiten, diesein Dasein bedrohen
1156 1560 4217 1797 konnten,gerade jene düsterste ein für alle Mal für xxx aus der
2420 1741 2687 1870 sich
1848 1771 2042 1891 Aus
1100 1745 4062 1973 Welt geschafft. Und als er im letzten Frühling gezwungen war,
1109 1952 4123 2162 jeder Beschäftigung zu entsagen,weil sein Gedächtnis versagte,
1096 2111 4178 2321 als er sich aus der Gesellschaft zurückzog,weil ihn die gleich-
1079 2248 4256 2584 gültigsten Worte ärgerlich, oder gar schmerzlich berührten, als er
1096 2446 4449 2708 sogar sein geliebtes Klavierspiel aufgeben musste, weil es ihn sehr
1092 2631 4153 2906 plötzlich zu Thränen rühren konnte, deren er sich dann schämte,-
1079 2768 4183 3044 samt damals hat te er keineswegs den Ausbruch des Wahnsinns ge-
3663 2919 4204 3065 du Sausse
4247 2872 4613 3125 Reve
2347 2988 2687 3108 u ihr
1079 2936 4097 3224 fürchtet, so wenig eine solche Befürchtung ihn auf seiner Reha-
1070 3177 4135 3478 Lungsreise gequält hattesund er wusste untrüglich,dass gestern
1083 3349 4196 3581 Abend im Eisenbahnwagen vor dem Hinschlafen das schicksalsvolle
1092 3503 4325 3740 Wort für ihn zum ersten Mal aus seiner Buchstabentotheit wieder zu
1075 3701 4208 3933 lebendiger Bedeutung erwacht war. Damit aber schien ihm der Ver-
4264 3749 4488 3951 ue
1092 3813 4247 4101 trag zwischen ihm und seinem Bruder neu in Kraft getreten, und die
1079 4071 4114 4269 Schreiben, das nu Otto unter seinen Papieren gewiss sorgfältig
3005 4208 3276 4346 gegen
1599 4251 1891 4380 halle
1075 4234 4294 4462 aufbewahrte, war zum Schuldschein geworden, dessen stumme Unerbitt-
1079 4449 4243 4621 lichkeit es in einer herandrohenden Stunde keinen Hinspruch gab.
1079 4587 4230 4806 Doch bedurfte es überhaupt eines solchen Scheins? War Otto nicht
1075 4785 4325 4991 der Mann einen Verlorenen aus der Welt zu schaffen, auch ohne durch
1204 4939 1904 5085 bindenden
1079 4961 4092 5236 einen Vertrag der Verantwortung enthoben zu sein), einfach aus
