4824 5652
3866 401 4116 603 93 b
823 599 4090 970 wenn das Furchtbare Wahrheit würde; nicht gebeten nur,er hatte ihm
3763 793 4176 927 gle et
2801 840 3047 965 day
823 905 3965 1103 ein Dokument übergeben, das Otto verpflichtete und jeder
836 1095 3965 1353 Verantwortung entband. Und er es nicht vielleicht gerade dieses
815 1263 4103 1440 unglückselige Schriftstück gewesen, das in die Seele Ottos zu aller-
2302 1353 3164 1500 gelegte halte und
828 1409 3978 1603 erst den Keim zur Verstörung gelegt hat, hätte sich andernfalls
819 1573 4103 1784 sein Wahneinn nicht nach einer ganz andern Richtung ent-
810 1750 4103 1996 wickeln können? Glücklicherweise der schien Otto selbst seiner Sa-
823 1948 4069 2133 che ganz sicher zu seid, sonst hätte er es wohln nicht darauf ange-
957 1944 1241 2060 nicht
802 2099 4211 2314 legt, sich Verbündete zu suchen, um mit seiner falschen Diagnose nicht
1646 2241 2164 2366 Verbindete
806 2284 4051 2483 allein zu stehen. Die waren freilich immer leicht zur Hand und nun
3560 2353 4267 2487 Ldokgeschäft
806 2465 4082 2698 gar hier,wo derjenige, der den Verdacht aussprach, ein Arzt,ein,Ner-
3534 2539 3926 2668 Mevr
2840 2599 4439 2810 mit seinem eigenen Zustand
819 2659 2737 2793 venarzt war, von dem keiner ahnte,dass
3069 2720 4426 2832 by an
789 2801 4021 2987 nicht gerade zum Besten stand und der Verdächtigé, des Arztes Bru-
1021 2957 1293 3060 war
797 2970 4034 3176 der/und ein Mensch dazu, der von Jugend auf als nervös, als ein Son-
2508 3064 2909 3207 so eben
1362 3103 1733 3224 sulen
784 3142 3961 3332 derliug, als verrückt gegolten hatte und Monatelang berufsunfähig
784 3306 4258 3517 auf Krankenurlaub, in der Welt umhergesogen war. Der ungereist isse
1284 3431 4077 3702 Doch so bedenklich die Angelegenheit in diesem Augenblick
784 3646 3987 3845 zu stehen schien, so sehr man auf der Hutsein musste, verloren war
2125 3741 3297 3875 seinem mehren Worteien
784 3784 4146 4000 sie noch lange nicht. Für tatsächlich verrückt hielt ihn heute-doch
767 3944 4120 4189 niemand, es sei denn, dass Otto selbst schon so weit war. Und wenn die
1207 4103 1633 4219 you have
771 4051 3991 4340 Andern die schwere Verstörung Ottos,- es musste ja noch keineswegs
2138 4245 2681 4366 Orkenne
763 4301 4082 4508 Wahneinn sein- noch nicht zu xxx vermochten,er,Robert, der Einzige,
763 4418 4138 4681 der klar sah, hatte von das Recht, ja öger die Pflicht die Menschen
1211 4590 1625 4715 nactile
754 4646 4021 4840 in Ottos Umgebung auf die drohende Gefahr hinzuweisen und keines-
763 4793 4056 5017 wegs nur darum, um von sich selber eine abzuwenden. Freilich galt es
759 4991 3913 5211 vorsichtig zu sein; und wenn Otto sich seine Verbündete, gesucht
