4792 5828
2722 456 3077 726 G.C.H.F.P.
2307 472 2484 730 1n
3907 512 4137 782 25
1081 742 4166 1109 Robert, so weit er sich erinnern konnte, niemals das Geringste am
1040 1012 4222 1298 fahren hatte. Dann sprach er von seinem neuesten, vielfach ange-
1032 1202 4206 1460 griffenen Werk, einem Drama in Versen, als hätte Robert seit jeher
1057 1403 4153 1625 seine schriftstellerische Laufbahn mit Teianahme und Zustimmung
1044 1561 4246 1794 begleitet. Nun fiel ihn allerdings ein, dass ihn irgendwo auf der
1040 1710 4194 1980 Reise dieses neueste Buch des Dichters mit einer sehr warmen Wid-
1052 1932 4190 2149 mung erreicht, und dass er es auch flüchtig gelesen hatte, doch
1044 2105 4283 2359 vermochte er sich des Inhalts nicht in Entferntesten zu entsinnen.
1036 2258 4125 2512 Er war eben in Verlegenheit, wie er sich verspätet bedanken, und
1032 2476 4101 2674 wie er sich über seine Gedächtnisschwäche hinweghelfen sollte,
1044 2613 4250 2871 als auf August Langers Vorschlag die kleine Gesellschaft aufbrach,
1040 2795 4113 3061 um den Abend in einer Rarinn beschliessen. Robert schloss sich
1028 3024 4158 3250 gerne an, und bald sassen sie alle in dem niedern menschenerfüll-
1052 3178 4186 3387 ten, weiss gehaltenen, überhellen Raun eng aneinander gedrängt
1028 3379 4202 3597 an kleinen Tischchen, tranken, rauchten und hörten dem Klavierspie-
1040 3508 4109 3754 ler zu, der auf einemensuf klingenden pianino Opernarien, Tänze,
1020 3730 4149 3956 Lieder, aufs reinste harmonisiert, und eins ins andere zwanglos
1016 3891 4186 4101 überführend, mit Unermüdlichkeit vortrug. Robert besonders lausch-
1028 4065 4214 4311 to mit einer Art von fachmkönnischen Vergnügen, da sein eigenes Ta-
1000 4210 4178 4472 Lent demjenigen dieses Nachtpianisten, der tagstüber als Beamter
1004 4468 4174 4637 einer Sparkasse sein Brot verdiente, gewissernussen vorwandt war;
1016 4605 4186 4835 nur, dass bei ihm die eigenen bescheidenen musikalischen Einfälle
984 4787 4214 5004 die Wirkung seines Spieles mehr zu stören, als zu fördern pflegten.
1000 4936 4137 5335 Er beteiligte sich kann in den allgemeinen Gespräch, dessen Rich-
