4760 5748
3907 409 4177 548 12/1
983 444 4234 748 Er kleidete sich rasch an, trat vor den grossen Wandapiegel zwischen
835 701 4316 918 und mit dem Ausblick auf die grünpatinierte Kirchenkuppel, versöhnte
831 901 4321 1118 ihn mit dem trübseligen ersten Eindruck. Er liess sein Gepäck he-gehören
1123 896 1423 1014 tatell
1188 1062 1989 1170 e das xxx recht
827 1031 4090 1253 raufschaffen und machte sich sofort daran, mit Hilfe einiger Kleinig-
979 1218 2746 1353 pille antwortete dem Lichtstreich ohne
818 1210 4060 1492 keiten aus eigenem Besitz, die er auch auf Reisen stets mit sich zu
1549 1379 4199 1497 nnerte, dass er die xxxm Nacht hindurch auf der linken
983 1410 1353 1545 Überdies
801 1466 4242 1636 führen pflegte, wie Briefmappe, Papiermesser, Aschenschale und derglei-
2406 1553 4234 1675 berhin eine genügende Erklärung für die
1653 1580 2180 1688 hatte, schle
801 1658 4060 1867 chen, dem Gasthofzimmer einen leisen Schein von Häuslichkeit zu ver-
2023 1688 4199 1854 ben. Trotzdem nahm sich xxx Robert vor xxx mor-
801 1797 3942 2019 leihen. Nachher begeb er sich in das Badezimmer, dem wohl anzumer-
3424 1849 4212 2019 er noch, es darauf
792 1975 3820 2176 ken war, dass es nur nach der widerwillig anerkannten Forderung
3877 1993 4051 2189 ou
783 2136 4190 2371 einer neuen Zeit aus irgend einem unbenützten Bodenraum für seine
775 2332 3886 2532 jetzige Bestimmung umgewandelt worden war. Eine gelbliche, in die
775 2519 4147 2680 Decke eingelassene Lampe verbreitete spärliches Licht in dem fenster-
779 2585 4199 2867 losen Raum, und durch den länglichen Spiegel, der in einem glatten xxx
770 2820 4081 3015 alten Goldrahmen an der Wand hing,ging ein Sprung von unten bis
1697 2994 1906 3098 einer
770 2985 4081 3194 oben. Seiner Gewohnheit nach blieb Robert ziemlich lange im Bad, dann,
2598 3142 3237 3281 unter, an das d
753 3159 3934 3446 den rauhen weissen Mantel um die Schultern geschlagen, trat er vor
3042 3307 3738 3437 s Manecretatus
2559 3320 2933 3433 isl auf
753 3407 3751 3625 den Spiegel hin und fand sein hartloses, schmales Gesicht recht
2646 3424 4077 3620 vorgeschickt in Ansehen
3855 3585 4029 3681 aus-
727 3564 3868 3768 frisch, ja sogar für seine dreiundvierzig Jahre jugendlich genug
3851 3633 4051 3768 Jmre
744 3768 3981 3942 Schon wollte er sich befriedigt abwenden, als aus dem trüben
735 3925 3990 4103 Glas in rätselhafter Weise ein fremdes Auge ihn anzublichen schien.
722 4099 4029 4295 Er beugte sich vor und glaubte zu bemerken, dass das linke Lid tiefer
718 4256 3677 4460 herabsinko als das rechte. Als er er angestangt xn heben von
3786 4269 4016 4460 Kanze,
705 4434 4029 4634 wollte es seiner Absicht nicht glation folgen. Er erschrak ein wenig.
696 4586 3968 4778 prüfte mit den Fingarn nach, zwinkarte, preiste die Lider fest anein-
3598 4730 3999 4939 vot de
1788 4765 2424 4869 Das Werk ansehen allerleiten Zusammen kurzt
1105 4756 1636 4878 e günstige
709 4739 3520 4995 ander und öffnete sie wie der so-wett als näd-teh, worauf ihr
1836 4917 2406 5039 with
2650 4908 3350 5113 blut betr.
2315 5017 2619 5117 — detto
679 5013 1871 5204 Unterschied gegenüber de
