4856 5748
3976 273 4321 601 2 3
3703 324 3886 631 P.S.
3848 605 4287 874 und immer
3439 652 3780 869 chiffieres
2156 618 2889 882 che von gering:
1381 839 4202 1023 Es klopfte; der Sektionsrat erwachte, und auf sein unwill-
959 989 4172 1185 kürliches „Herein" erschien ohneweiters der Kellner mit dem regel-
950 1197 4278 1385 mässig für acht Uhr bestellten Frühstück in der Türe. Robert erster
942 1330 4155 1585 und ärgerlichör Gedanke war, dass er gestern Abend nun doch wieder
942 1547 4061 1739 vergessen hätte, die Türe zu versperren; aber er hatte kaum Zeit
2386 1666 2808 1803 neuerliche
942 1696 4261 1930 einer Verstimmung über dieses Zeichen von Zerstreutheit nachzugeben,
933 1913 4095 2114 da seine Aufmerksamkeit sofort durch die auf der Frühstückstasse
925 2075 4074 2271 neben Thee, Butter und Honig bereitliegenden Briefschaften in An-
925 2233 4168 2446 spruch genommen wurde. Unter anderen gleichgültigeren fand er ein
908 2433 4334 2633 Schreiben seines älteren Bruders vor, in dem dieser seiner Freude
895 2595 4172 2829 über das nahe bevorstehende Wiedersehen Ausdruck gab und nach Mit-
908 2787 4112 2987 teilung unwesentlicher Familienneuigkeiten mit einer nicht unab-
895 2932 4091 3196 sichtlichen Beiläufigkeit seiner kürzlich erfolgten Ernennung zum
882 3136 4210 3345 ausserordentlichen Progessor Erwähnung tat. Robert setzte eine herz-
874 3298 4133 3550 liche Glückwunschdepesche auf und liess sie ohne Verzug zum Amt be-
874 3503 4031 3682 fördern. Wenn auch Berufspflichten und andere Lebensumstände den
852 3643 4112 3865 persönlichen Verkehr zwischen den Brüdern/für Tage und Wochen zu
861 3827 4040 4044 unterbrechen pflegten, es kan doch immer wieder ein äreignis, das -
852 4014 4112 4206 oft gerade in seiner Geringftigigkeit - sie beide ihre Zusammengehö-
1943 4150 2561 4274 unauflötig
1219 4168 1398 4287 als
852 4202 4202 4393 rigkeit unzweifelhaft und stark empfinden liess. Dem jüngeren Bru-
839 4389 4061 4585 der zumal wollten bei solchen Gelegenheiten alle andern abgelaufe-
3579 4453 4155 4615 une fait
831 4581 3737 4760 nen und noch bestehenden Beziehungen seines Lebens, sogar die
2932 4726 3971 4981 verstorbenen Frau,
903 4713 2565 5050 che mit einer trefflichen, xxx
