<?xml version="1.0" encoding="UTF-8" standalone="yes"?>
<PcGts xmlns="http://schema.primaresearch.org/PAGE/gts/pagecontent/2013-07-15" xmlns:xsi="http://www.w3.org/2001/XMLSchema-instance" xsi:schemaLocation="http://schema.primaresearch.org/PAGE/gts/pagecontent/2013-07-15 http://schema.primaresearch.org/PAGE/gts/pagecontent/2013-07-15/pagecontent.xsd">
    <Metadata>
        <Creator>prov=READ-COOP:name=TrHtr:version=2.1.0:model_id=51170:date=15_08_2023_07:01</Creator>
        <Created>2023-05-10T15:04:14.016+02:00</Created>
        <LastChange>2023-08-15T07:01:16.721+02:00</LastChange>
        <TranskribusMetadata docId="1428793" pageId="55429958" pageNr="87" tsid="132841502" status="IN_PROGRESS" userId="64420" imgUrl="https://files.transkribus.eu/Get?id=MJSDDMWYFPVKQYCLTEGJIRTN&amp;fileType=view" xmlUrl="https://files.transkribus.eu/Get?id=FQKDDYVTDQWWRVTGGKZWAEAC" imageId="44704030"/>
    </Metadata>
    <Page imageFilename="1428793_0087.jpg" imageWidth="4904" imageHeight="5876">
        <ReadingOrder>
            <OrderedGroup id="ro_1711806373896" caption="Regions reading order">
                <RegionRefIndexed index="0" regionRef="tr_1"/>
            </OrderedGroup>
        </ReadingOrder>
        <TextRegion id="tr_1" custom="readingOrder {index:0;}">
            <Coords points="1062,571 4335,571 4335,5330 1062,5330"/>
            <TextLine id="tr_1_tl_1" custom="readingOrder {index:0;}">
                <Coords points="2479,663 2519,655 2547,631 2563,631 2575,643 2615,627 2635,643 2672,619 2688,619 2684,530 2652,534 2644,526 2619,550 2607,550 2587,530 2543,542 2515,518 2475,514"/>
                <Baseline points="2502,621 2591,621 2681,627 2699,627"/>
                <TextEquiv>
                    <Unicode>G. A. P.</Unicode>
                </TextEquiv>
            </TextLine>
            <TextLine id="tr_1_tl_2" custom="readingOrder {index:1;}">
                <Coords points="1125,976 3961,799 4110,747 4118,607 2752,767 1141,747"/>
                <Baseline points="1152,919 1164,919 1254,913 1343,907 1433,901 1522,895 1612,889 1701,889 1791,883 1881,871 1970,865 2060,859 2149,853 2239,847 2328,841 2418,836 2508,830 2597,824 2687,812 2776,812 2866,806 2955,800 3045,794 3135,788 3224,782 3314,776 3403,770 3493,764 3582,758 3672,752 3762,746 3851,740 3941,734 4030,728 4120,722"/>
                <TextEquiv>
                    <Unicode>abzustellen, wo es bedenklich wäre ihre logi sehen Konsequenzen</Unicode>
                </TextEquiv>
            </TextLine>
            <TextLine id="tr_1_tl_3" custom="readingOrder {index:2;}">
                <Coords points="3065,888 3102,892 3122,880 3158,904 3194,876 3234,892 3246,880 3322,880 3339,892 3359,880 3423,880 3423,808 3395,799 3363,816 3335,787 3298,787 3266,808 3182,808 3170,820 3065,804"/>
                <Baseline points="3087,871 3176,871 3266,865 3356,865 3433,871"/>
                <TextEquiv>
                    <Unicode>vielleicht.</Unicode>
                </TextEquiv>
            </TextLine>
            <TextLine id="tr_1_tl_4" custom="readingOrder {index:3;}">
                <Coords points="1125,1137 2732,1105 3576,932 4130,976 4174,735 2941,920 1137,972"/>
                <Baseline points="1152,1098 1218,1092 1307,1086 1397,1080 1486,1074 1576,1068 1666,1068 1755,1062 1845,1056 1934,1045 2024,1045 2113,1033 2203,1027 2293,1021 2382,1015 2472,1009 2561,997 2651,997 2740,991 2830,985 2920,973 3009,967 3099,961 3188,961 3278,955 3367,943 3457,937 3547,931 3636,925 3726,925 3815,913 3905,907 3994,901 4084,901 4174,895"/>
                <TextEquiv>
                    <Unicode>zu ziehen, so lange, du entschuldigst schon, habe ich keinen rech-</Unicode>
                </TextEquiv>
            </TextLine>
            <TextLine id="tr_1_tl_5" custom="readingOrder {index:4;}">
                <Coords points="3009,1077 3527,1057 3596,1020 3612,1045 3817,1041 3925,1000 3977,1024 3981,948 3849,952 3809,920 3676,976 3580,932 3351,984 3013,984"/>
                <Baseline points="3033,1050 3093,1050 3182,1045 3272,1039 3361,1039 3451,1027 3541,1009 3630,1015 3720,1015 3809,1009 3899,1003 3988,997"/>
                <TextEquiv>
                    <Unicode>die ###</Unicode>
                </TextEquiv>
            </TextLine>
            <TextLine id="tr_1_tl_6" custom="readingOrder {index:5;}">
                <Coords points="1157,1294 4126,1161 4138,1004 1169,1145"/>
                <Baseline points="1182,1265 1188,1265 1277,1259 1367,1254 1457,1248 1546,1242 1636,1242 1725,1236 1815,1224 1904,1224 1994,1212 2084,1206 2173,1200 2263,1194 2352,1188 2442,1182 2531,1176 2621,1164 2711,1164 2800,1158 2890,1146 2979,1140 3069,1134 3158,1134 3248,1128 3338,1122 3427,1110 3517,1104 3606,1098 3696,1092 3785,1086 3875,1080 3965,1074 4054,1062 4144,1056"/>
                <TextEquiv>
                    <Unicode>ten Respekt vor ihr. So imponieren mir auch keine Tobauchtsan-</Unicode>
                </TextEquiv>
            </TextLine>
            <TextLine id="tr_1_tl_7" custom="readingOrder {index:6;}">
                <Coords points="1141,1458 2848,1442 3093,1326 3957,1302 3965,1165 3443,1129 3033,1261 1145,1378"/>
                <Baseline points="1164,1445 1194,1439 1283,1427 1373,1427 1463,1421 1552,1421 1642,1409 1731,1409 1821,1397 1910,1391 2000,1385 2090,1379 2179,1373 2269,1367 2358,1361 2448,1355 2537,1349 2627,1343 2717,1337 2806,1331 2896,1325 2985,1313 3075,1307 3164,1301 3254,1301 3344,1295 3433,1283 3523,1277 3612,1271 3702,1265 3791,1265 3881,1259 3971,1254"/>
                <TextEquiv>
                    <Unicode>fälle die Vernichtungstendenz sich auf leblose oder gar</Unicode>
                </TextEquiv>
            </TextLine>
            <TextLine id="tr_1_tl_8" custom="readingOrder {index:7;}">
                <Coords points="1326,1358 1350,1358 1378,1378 1414,1350 1446,1362 1462,1350 1547,1350 1627,1330 1631,1274 1579,1261 1499,1278 1490,1266 1470,1266 1450,1282 1438,1266 1378,1278 1334,1266"/>
                <Baseline points="1349,1349 1367,1349 1457,1337 1546,1331 1636,1325"/>
                <TextEquiv>
                    <Unicode>nicht.</Unicode>
                </TextEquiv>
            </TextLine>
            <TextLine id="tr_1_tl_9" custom="readingOrder {index:8;}">
                <Coords points="1125,1651 2889,1603 3085,1499 4086,1446 4122,1334 1133,1539"/>
                <Baseline points="1152,1624 1170,1624 1259,1618 1349,1612 1439,1606 1528,1600 1618,1588 1707,1588 1797,1576 1887,1570 1976,1564 2066,1558 2155,1552 2245,1546 2334,1546 2424,1534 2514,1528 2603,1522 2693,1510 2782,1504 2872,1498 2961,1492 3051,1486 3141,1480 3230,1480 3320,1474 3409,1463 3499,1457 3588,1451 3678,1445 3768,1445 3857,1439 3947,1433 4036,1421 4126,1427"/>
                <TextEquiv>
                    <Unicode>möglichst wohlfeile Gegenstände beschränkt. Es mag vielleicht</Unicode>
                </TextEquiv>
            </TextLine>
            <TextLine id="tr_1_tl_10" custom="readingOrder {index:9;}">
                <Coords points="1249,1523 1302,1539 1342,1511 1402,1527 1482,1499 1551,1519 1579,1490 1607,1507 1631,1486 1703,1507 1707,1438 1571,1426 1547,1442 1482,1418 1438,1450 1406,1430 1386,1446 1326,1438 1286,1466 1253,1462"/>
                <Baseline points="1277,1498 1355,1492 1445,1486 1534,1474 1624,1474 1713,1480"/>
                <TextEquiv>
                    <Unicode>beidenen</Unicode>
                </TextEquiv>
            </TextLine>
            <TextLine id="tr_1_tl_11" custom="readingOrder {index:10;}">
                <Coords points="1149,1832 3897,1707 4034,1671 4046,1495 1157,1711"/>
                <Baseline points="1176,1791 1265,1785 1355,1779 1445,1773 1534,1767 1624,1761 1713,1755 1803,1749 1892,1743 1982,1737 2072,1731 2161,1731 2251,1719 2340,1713 2430,1707 2519,1701 2609,1695 2699,1683 2788,1678 2878,1672 2967,1666 3057,1666 3147,1660 3236,1654 3326,1648 3415,1636 3505,1630 3594,1630 3684,1624 3774,1618 3863,1612 3953,1606 4042,1612"/>
                <TextEquiv>
                    <Unicode>etwas ketzerisch klingen, aber für mich steckt in all den</Unicode>
                </TextEquiv>
            </TextLine>
            <TextLine id="tr_1_tl_12" custom="readingOrder {index:11;}">
                <Coords points="1161,1969 3142,1948 3290,1836 3917,1864 4001,1715 1169,1868"/>
                <Baseline points="1182,1964 1230,1958 1319,1952 1409,1946 1498,1946 1588,1940 1678,1934 1767,1928 1857,1922 1946,1916 2036,1910 2125,1904 2215,1898 2305,1892 2394,1887 2484,1881 2573,1875 2663,1869 2752,1857 2842,1851 2932,1845 3021,1845 3111,1833 3200,1827 3290,1821 3379,1815 3469,1809 3559,1803 3648,1797 3738,1791 3827,1785 3917,1779 4006,1773"/>
                <TextEquiv>
                    <Unicode>Verrücktheiten - um bei dem populären Ausdruck zu bleiben -</Unicode>
                </TextEquiv>
            </TextLine>
            <TextLine id="tr_1_tl_13" custom="readingOrder {index:12;}">
                <Coords points="1149,2165 2398,2173 3825,1969 4094,2049 4166,1844 1157,2041"/>
                <Baseline points="1176,2137 1218,2137 1307,2131 1397,2125 1486,2119 1576,2113 1666,2107 1755,2101 1845,2096 1934,2090 2024,2084 2113,2078 2203,2072 2293,2066 2382,2060 2472,2054 2561,2048 2651,2042 2740,2036 2830,2030 2920,2024 3009,2018 3099,2012 3188,2000 3278,1994 3367,1988 3457,1982 3547,1976 3636,1976 3726,1964 3815,1964 3905,1952 3994,1952 4084,1946 4174,1946"/>
                <TextEquiv>
                    <Unicode>über die der Leidende immer noch eine gewisse Macht behält, und</Unicode>
                </TextEquiv>
            </TextLine>
            <TextLine id="tr_1_tl_14" custom="readingOrder {index:13;}">
                <Coords points="3033,2109 3210,2097 3318,2101 3335,2117 3363,2101 3383,2121 3463,2101 3519,2109 3527,2005 3371,2013 3351,2033 3310,2009 3194,2021 3170,2041 3134,2021 3037,2037"/>
                <Baseline points="3057,2101 3081,2101 3170,2090 3260,2084 3350,2078 3439,2072 3529,2072"/>
                <TextEquiv>
                    <Unicode>sozusagen</Unicode>
                </TextEquiv>
            </TextLine>
            <TextLine id="tr_1_tl_15" custom="readingOrder {index:14;}">
                <Coords points="1161,2354 2684,2322 3708,2145 4082,2218 4162,2033 3379,2121 2973,2037 2873,2125 1169,2230"/>
                <Baseline points="1188,2316 1212,2316 1301,2310 1391,2305 1480,2299 1570,2293 1660,2287 1749,2281 1839,2275 1928,2269 2018,2263 2107,2257 2197,2251 2287,2245 2376,2239 2466,2233 2555,2221 2645,2215 2734,2215 2824,2209 2914,2197 3003,2191 3093,2191 3182,2179 3272,2173 3361,2167 3451,2161 3541,2155 3630,2149 3720,2143 3809,2137 3899,2131 3988,2125 4078,2119 4168,2119"/>
                <TextEquiv>
                    <Unicode>die er x============ aus praktischen pücksichten) auf- und niederzu-</Unicode>
                </TextEquiv>
            </TextLine>
            <TextLine id="tr_1_tl_16" custom="readingOrder {index:15;}">
                <Coords points="1161,2495 2358,2523 3089,2362 4082,2382 4122,2206 1169,2350"/>
                <Baseline points="1182,2490 1259,2484 1349,2478 1439,2472 1528,2466 1618,2466 1707,2460 1797,2448 1887,2448 1976,2442 2066,2430 2155,2424 2245,2418 2334,2412 2424,2406 2514,2400 2603,2400 2693,2394 2782,2382 2872,2382 2961,2370 3051,2364 3141,2358 3230,2352 3320,2346 3409,2340 3499,2334 3588,2328 3678,2322 3768,2316 3857,2310 3947,2305 4036,2299 4126,2299"/>
                <TextEquiv>
                    <Unicode>schrauben imstande ist, eine Neigung zur Verspieltheit, zur Un-</Unicode>
                </TextEquiv>
            </TextLine>
            <TextLine id="tr_1_tl_17" custom="readingOrder {index:16;}">
                <Coords points="1161,2696 4042,2547 4078,2374 3158,2362 2893,2499 1169,2575"/>
                <Baseline points="1188,2669 1212,2663 1301,2663 1391,2651 1480,2645 1570,2645 1660,2633 1749,2627 1839,2621 1928,2615 2018,2609 2107,2603 2197,2597 2287,2591 2376,2585 2466,2579 2555,2573 2645,2567 2734,2561 2824,2555 2914,2549 3003,2543 3093,2537 3182,2531 3272,2525 3361,2519 3451,2519 3541,2508 3630,2496 3720,2490 3809,2484 3899,2484 3988,2478 4078,2472"/>
                <TextEquiv>
                    <Unicode>wahrheit, zur Komödianterei, kurz, ein unanständiges Bestreben</Unicode>
                </TextEquiv>
            </TextLine>
            <TextLine id="tr_1_tl_18" custom="readingOrder {index:17;}">
                <Coords points="1177,2852 2591,2852 2772,2744 4130,2692 4138,2555 1181,2748"/>
                <Baseline points="1200,2842 1277,2836 1367,2830 1457,2824 1546,2818 1636,2812 1725,2806 1815,2800 1904,2794 1994,2788 2084,2782 2173,2776 2263,2770 2352,2764 2442,2758 2531,2752 2621,2746 2711,2740 2800,2734 2890,2723 2979,2717 3069,2717 3158,2711 3248,2705 3338,2699 3427,2693 3517,2687 3606,2681 3696,2669 3785,2663 3875,2663 3965,2651 4054,2645 4144,2645"/>
                <TextEquiv>
                    <Unicode>vom wirklichen Ernst des Lebens abzurücken und unbequeme Ver-</Unicode>
                </TextEquiv>
            </TextLine>
            <TextLine id="tr_1_tl_19" custom="readingOrder {index:18;}">
                <Coords points="1173,3049 2989,3009 3463,2868 4194,2860 4202,2728 3306,2708 3150,2828 1181,2945"/>
                <Baseline points="1200,3021 1248,3015 1337,3009 1427,3003 1516,2997 1606,2991 1695,2979 1785,2979 1875,2973 1964,2967 2054,2961 2143,2955 2233,2949 2322,2943 2412,2938 2502,2932 2591,2926 2681,2920 2770,2914 2860,2908 2949,2896 3039,2890 3129,2884 3218,2884 3308,2872 3397,2872 3487,2860 3576,2854 3666,2854 3756,2848 3845,2842 3935,2836 4024,2830 4114,2824 4203,2824"/>
                <TextEquiv>
                    <Unicode>antwortlichkeiten abzulehnen. Ein solches Bestreben hat ja na-</Unicode>
                </TextEquiv>
            </TextLine>
            <TextLine id="tr_1_tl_20" custom="readingOrder {index:19;}">
                <Coords points="1173,3190 4206,3198 4226,2893 1177,3085"/>
                <Baseline points="1194,3188 1271,3182 1361,3182 1451,3182 1540,3176 1630,3170 1719,3164 1809,3158 1898,3152 1988,3141 2078,3141 2167,3135 2257,3129 2346,3123 2436,3117 2525,3111 2615,3105 2705,3093 2794,3087 2884,3087 2973,3075 3063,3075 3152,3063 3242,3057 3332,3051 3421,3045 3511,3039 3600,3033 3690,3027 3779,3021 3869,3021 3959,3015 4048,3009 4138,3003 4227,2997"/>
                <TextEquiv>
                    <Unicode>türlich, wenn du willst, auch etwas Krankhaftes, aber mit Wahnsim</Unicode>
                </TextEquiv>
            </TextLine>
            <TextLine id="tr_1_tl_21" custom="readingOrder {index:20;}">
                <Coords points="1169,3415 3138,3363 3206,3343 3218,3166 1181,3270"/>
                <Baseline points="1194,3367 1248,3367 1337,3361 1427,3356 1516,3356 1606,3350 1695,3338 1785,3338 1875,3332 1964,3326 2054,3314 2143,3308 2233,3302 2322,3302 2412,3290 2502,3290 2591,3278 2681,3272 2770,3266 2860,3260 2949,3254 3039,3248 3129,3242 3218,3242"/>
                <TextEquiv>
                    <Unicode>hat es gewiss nicht das Geringste zu tun."</Unicode>
                </TextEquiv>
            </TextLine>
            <TextLine id="tr_1_tl_22" custom="readingOrder {index:21;}">
                <Coords points="1643,3547 2519,3568 2716,3455 3849,3383 4162,3451 4226,3258 1651,3415"/>
                <Baseline points="1666,3523 1719,3517 1809,3511 1898,3505 1988,3499 2078,3493 2167,3487 2257,3481 2346,3475 2436,3469 2525,3463 2615,3457 2705,3451 2794,3445 2884,3439 2973,3433 3063,3427 3152,3415 3242,3409 3332,3409 3421,3403 3511,3397 3600,3391 3690,3385 3779,3379 3869,3373 3959,3367 4048,3361 4138,3356 4227,3344"/>
                <TextEquiv>
                    <Unicode>Robert schwieg eine Weile betreten, denn irgendwie be-</Unicode>
                </TextEquiv>
            </TextLine>
            <TextLine id="tr_1_tl_23" custom="readingOrder {index:22;}">
                <Coords points="1177,3752 2788,3728 2941,3624 4062,3576 4102,3459 3306,3419 2953,3551 1185,3624"/>
                <Baseline points="1200,3726 1242,3720 1331,3714 1421,3708 1510,3708 1600,3702 1689,3696 1779,3690 1869,3684 1958,3678 2048,3672 2137,3666 2227,3666 2316,3660 2406,3654 2496,3642 2585,3636 2675,3630 2764,3624 2854,3624 2943,3618 3033,3606 3123,3600 3212,3594 3302,3588 3391,3576 3481,3570 3570,3565 3660,3565 3750,3559 3839,3553 3929,3547 4018,3541 4108,3541"/>
                <TextEquiv>
                    <Unicode>rührte sich das, was Otto aussprach, mit den Gedanken, die ihm</Unicode>
                </TextEquiv>
            </TextLine>
            <TextLine id="tr_1_tl_24" custom="readingOrder {index:23;}">
                <Coords points="1197,3917 3250,3889 3419,3780 4238,3768 4279,3624 3584,3576 3222,3712 1205,3793"/>
                <Baseline points="1218,3905 1236,3905 1325,3899 1415,3893 1504,3887 1594,3881 1683,3875 1773,3869 1863,3863 1952,3857 2042,3857 2131,3845 2221,3839 2310,3833 2400,3827 2490,3821 2579,3815 2669,3809 2758,3809 2848,3797 2938,3797 3027,3791 3117,3779 3206,3774 3296,3768 3385,3762 3475,3756 3565,3744 3654,3744 3744,3738 3833,3732 3923,3726 4012,3720 4102,3714 4192,3714 4281,3702"/>
                <TextEquiv>
                    <Unicode>selbst neulich gekommen waren. Dann fragte er:“Und bist du auch</Unicode>
                </TextEquiv>
            </TextLine>
            <TextLine id="tr_1_tl_25" custom="readingOrder {index:24;}">
                <Coords points="3760,3969 3793,3977 3837,3941 3885,3977 3933,3977 3989,3937 4018,3953 4054,3925 4146,3913 4154,3764 4082,3784 4050,3764 3981,3784 3937,3756 3837,3801 3768,3797"/>
                <Baseline points="3785,3875 3803,3875 3893,3869 3983,3863 4072,3863 4162,3857"/>
                <TextEquiv>
                    <Unicode>gering</Unicode>
                </TextEquiv>
            </TextLine>
            <TextLine id="tr_1_tl_26" custom="readingOrder {index:25;}">
                <Coords points="1197,4110 2049,4138 2330,4018 3214,4013 3371,3973 3383,3805 3246,3889 1205,4005"/>
                <Baseline points="1224,4084 1236,4084 1325,4078 1415,4072 1504,4066 1594,4060 1683,4054 1773,4048 1863,4042 1952,4036 2042,4030 2131,4024 2221,4018 2310,4006 2400,4000 2490,3994 2579,3994 2669,3983 2758,3977 2848,3971 2938,3971 3027,3965 3117,3953 3206,3947 3296,3941 3385,3923"/>
                <TextEquiv>
                    <Unicode>sicher, die Grenze immer bestimmen zu können?“</Unicode>
                </TextEquiv>
            </TextLine>
            <TextLine id="tr_1_tl_27" custom="readingOrder {index:26;}">
                <Coords points="1663,4283 3845,4255 3981,4142 4323,4186 4339,3941 3833,4018 3596,3953 3218,4058 2358,4026 2069,4150 1675,4094"/>
                <Baseline points="1689,4233 1737,4233 1827,4221 1916,4215 2006,4209 2096,4203 2185,4197 2275,4192 2364,4186 2454,4180 2543,4174 2633,4168 2723,4162 2812,4150 2902,4150 2991,4144 3081,4138 3170,4132 3260,4126 3350,4120 3439,4114 3529,4108 3618,4102 3708,4096 3797,4090 3887,4084 3977,4078 4066,4072 4156,4072 4245,4066 4335,4060"/>
                <TextEquiv>
                    <Unicode>„Gewiss bin ich das, sonst hätte ich meinen Beruf längst</Unicode>
                </TextEquiv>
            </TextLine>
            <TextLine id="tr_1_tl_28" custom="readingOrder {index:27;}">
                <Coords points="1197,4451 1981,4463 1985,4331 1892,4299 1848,4331 1816,4307 1715,4327 1571,4307 1418,4355 1274,4275 1205,4271"/>
                <Baseline points="1218,4436 1277,4430 1367,4430 1457,4424 1546,4412 1636,4412 1725,4407 1815,4412 1904,4412 1994,4418"/>
                <TextEquiv>
                    <Unicode>aufgegeben."</Unicode>
                </TextEquiv>
            </TextLine>
            <TextLine id="tr_1_tl_29" custom="readingOrder {index:28;}">
                <Coords points="1627,4640 3126,4608 3339,4496 4094,4536 4238,4508 4251,4339 1639,4447"/>
                <Baseline points="1654,4592 1660,4592 1749,4580 1839,4568 1928,4562 2018,4556 2107,4556 2197,4550 2287,4538 2376,4532 2466,4526 2555,4520 2645,4520 2734,4508 2824,4508 2914,4496 3003,4490 3093,4484 3182,4478 3272,4478 3361,4466 3451,4466 3541,4460 3630,4454 3720,4448 3809,4442 3899,4436 3988,4430 4078,4424 4168,4418 4257,4424"/>
                <TextEquiv>
                    <Unicode>Also er erinnert sich, dachte Robert. Er will mich in</Unicode>
                </TextEquiv>
            </TextLine>
            <TextLine id="tr_1_tl_30" custom="readingOrder {index:29;}">
                <Coords points="1209,4797 2149,4857 4158,4713 4279,4672 4287,4504 1217,4700"/>
                <Baseline points="1230,4783 1248,4783 1337,4783 1427,4771 1516,4765 1606,4765 1695,4759 1785,4753 1875,4747 1964,4747 2054,4735 2143,4729 2233,4723 2322,4723 2412,4717 2502,4705 2591,4699 2681,4693 2770,4687 2860,4681 2949,4675 3039,4669 3129,4663 3218,4663 3308,4657 3397,4651 3487,4639 3576,4633 3666,4627 3756,4621 3845,4616 3935,4610 4024,4604 4114,4604 4203,4598 4293,4592"/>
                <TextEquiv>
                    <Unicode>Sicherheit wiegen, indem er mir zu verstehen gibt, dass ich nicht</Unicode>
                </TextEquiv>
            </TextLine>
            <TextLine id="tr_1_tl_31" custom="readingOrder {index:30;}">
                <Coords points="1217,4990 2828,4974 2993,4857 4246,4821 4255,4672 1225,4885"/>
                <Baseline points="1242,4962 1301,4956 1391,4950 1480,4944 1570,4938 1660,4938 1749,4932 1839,4920 1928,4914 2018,4914 2107,4908 2197,4896 2287,4890 2376,4890 2466,4878 2555,4872 2645,4866 2734,4866 2824,4854 2914,4848 3003,4842 3093,4842 3182,4836 3272,4830 3361,4819 3451,4813 3541,4807 3630,4801 3720,4795 3809,4789 3899,4789 3988,4783 4078,4783 4168,4771 4257,4765"/>
                <TextEquiv>
                    <Unicode>wahnsinnig bin und daher nichts von ihn zu fürchten habe. Aber</Unicode>
                </TextEquiv>
            </TextLine>
            <TextLine id="tr_1_tl_32" custom="readingOrder {index:31;}">
                <Coords points="2877,4946 2977,4946 2993,4933 3001,4942 3021,4933 3057,4950 3073,4938 3106,4942 3134,4958 3150,4942 3174,4942 3178,4849 3130,4845 3069,4873 3033,4853 3021,4865 2945,4857 2929,4873 2881,4877"/>
                <Baseline points="2902,4932 2914,4932 3003,4926 3093,4926 3182,4926"/>
                <TextEquiv>
                    <Unicode>zuckt</Unicode>
                </TextEquiv>
            </TextLine>
            <TextLine id="tr_1_tl_33" custom="readingOrder {index:32;}">
                <Coords points="1032,5231 2708,5150 3198,5018 4170,5062 4214,4877 3419,4837 3206,4950 1045,5050"/>
                <Baseline points="1062,5141 1080,5141 1170,5141 1259,5135 1349,5135 1439,5129 1528,5123 1618,5117 1707,5111 1797,5105 1887,5099 1976,5093 2066,5081 2155,5075 2245,5069 2334,5069 2424,5063 2514,5057 2603,5051 2693,5045 2782,5039 2872,5034 2961,5028 3051,5022 3141,5022 3230,5010 3320,5004 3409,4998 3499,4986 3588,4986 3678,4980 3768,4974 3857,4968 3947,4968 4036,4962 4126,4962 4215,4950"/>
                <TextEquiv>
                    <Unicode>ich woher weiss er, dass ich nicht wahnsinnig bin? Ich habe ihn ja</Unicode>
                </TextEquiv>
            </TextLine>
            <TextLine id="tr_1_tl_34" custom="readingOrder {index:33;}">
                <Coords points="3077,5118 3102,5118 3106,5126 3178,5126 3210,5106 3218,5114 3238,5114 3238,5046 3174,5038 3166,5046 3150,5046 3130,5062 3097,5042 3077,5042"/>
                <Baseline points="3099,5111 3158,5105 3248,5105"/>
                <TextEquiv>
                    <Unicode>ndre</Unicode>
                </TextEquiv>
            </TextLine>
            <TextLine id="tr_1_tl_35" custom="readingOrder {index:34;}">
                <Coords points="1041,5351 4194,5287 4275,5062 3531,5002 3343,5122 1049,5227"/>
                <Baseline points="1068,5320 1146,5314 1236,5308 1325,5308 1415,5302 1504,5302 1594,5290 1683,5290 1773,5278 1863,5278 1952,5272 2042,5266 2131,5254 2221,5248 2310,5243 2400,5243 2490,5231 2579,5225 2669,5219 2758,5213 2848,5207 2938,5201 3027,5195 3117,5189 3206,5183 3296,5177 3385,5171 3475,5165 3565,5159 3654,5153 3744,5147 3833,5147 3923,5141 4012,5141 4102,5135 4192,5129 4281,5123"/>
                <TextEquiv>
                    <Unicode>schen wieder angelogen. Von meinen neuesten Wahnideen habe ich</Unicode>
                </TextEquiv>
            </TextLine>
        </TextRegion>
    </Page>
</PcGts>
