4808 5652
3804 437 4022 643 109
3060 582 3278 752 et je suis
1035 610 4228 869 gemütlichen Abend bei sich zu sehen. „Sehr gern“, erwiderte Robert.
1019 804 4156 1035 Aber bei sich dachte er: Ich werde mich wohl hüten. Wozu? Um mich
1027 1027 4148 1184 wieder von einem sogenannten Fachmann beobachten zu lassen? „Und
1019 1144 4095 1387 ihr werdet hoffentlich auch einmal bei uns zusammen musizieren",
1019 1334 4131 1560 sagte Otto, „Deine Brautsoll ja so schön Geige spielen." Aus dem
1011 1516 3994 1767 Wagen noch nickte er dem Bruder einen Gruss zu, den die ser mit
994 1714 2636 1977 einem heiteren Lächeln erwiderte.
1573 1864 4172 2106 Es ist die höchste Zeit Vorkehrungen zu treffen,dach-
998 2098 4216 2296 te Robert im Weitergehen. Er ist der berühmte Arzt, niemand wird an
986 2223 3982 2462 der Richtigkeit seiner Diagnose zweifeln. Bis die Wahrheit an
982 2373 4127 2607 den Tag kommt ist es zu spät. Indess kann ich im Irrenhaus längst
986 2595 1403 2692 wirklich
958 2583 4038 2797 verrückt geworden sein. Aber was tum? Von heute auf morgen ist
966 2777 4140 2963 wohl nichts zu befruchten, aber man muss vorbauen. Ob es nicht da
2672 2919 2866 3040 Ollrs
954 2894 4200 3133 Klügste wäre, für einige Zeit aus seinem Gesichtskreis zu entschwin-
970 3145 4156 3327 den? Es wäre nicht undeukbar, dass sich dann sein Wahn gewissermas-
970 3250 4176 3493 sen von mir loslöste, sich auf etwas anderes einstellte. Ich selbst
946 3452 4051 3699 habe ja mit mir Aehnliches erlebt, als ich noch an meinen Zwangs-
938 3622 3974 3848 vorstellungen litt. Aus den Augen, aus dem Sinn,- aus den August,
950 3800 4107 4026 aus dem Wahnsinn, könnte man vielleicht xxx sagen. Aber ich werde
934 4006 4079 4228 nicht allein fortfahren, nein, ich werde Paula mit mir nehmen. -Mun
934 4164 4160 4374 wenn das nicht heisst das Angenehme mit dem Nützlichen verbinden!
3743 4321 4148 4439 Comitat
922 4325 4038 4612 Er lachte wärgnügt von sich xxx Wird sie bereit sein? Sie wird!
918 4491 3950 4754 Sie ist zu allem bereit, was ich wünsche, es kostet mich nur ein
1823 4710 2025 4895 ¬
918 4742 1201 4968 Wort.
1471 4843 4059 5138 Paula hat te ihn mit Unruhe erwartet. Wo bist du den
