4728 5700
1402 634 3700 876 mers mit Pauls selbst zu bezurechen, und bie sie
1097 776 4363 1009 Ueber der alten Kommede an der Wand hing in Oeldruck lebensgross
1927 947 3742 1072 zu beiden seiten der
1118 947 4075 1189 ein Madonnenbildnis. Uehar das breite, Bett, fielen bescheidene
1844 1155 2186 1264 nide
1101 1139 4463 1402 Kattunvorhänge herab. Robert erklärte sich mit dem Zimmer xxx einverstan-
4251 1272 4434 1406 den.
2440 1264 3479 1402 ein paar gegen Kanzlei
1089 1318 4021 1593 frieden und bemerkte, dass seine Gattin mit dem nächsten Zug,
3516 1427 3796 1552 Glüh-
1965 1460 3466 1573 sintreffen
1105 1481 4125 1706 Abends um zehn Uhr, xxxxxx werde. Die ###
2507 1627 3558 1756 ent zur Verfügung stand
2081 1648 2453 1752 sonst n
1097 1677 4146 1885 von der Decke herabhing, leuchtete so schwach, dass er sich genö-
2190 1806 3045 1960 verlangen
1093 1831 4146 2077 tigt sah, nu Kerzen zu ersuchen. Man stellte sie ihm in zwei will
2407 1986 3345 2115 Geburt und früheste
1093 1998 4171 2278 Messingleuchtern auf den riesigen, wackligen Tisch, dann blieb er
2699 2165 2924 2257 Leben
1085 2190 4188 2478 allein. Eine Weile sah er durchs Fenster über Dächer, beschneites
2561 2332 3083 2461 Felsen
1080 2348 4221 2645 Ackerland,bewaldete Hänge zu den Nahmann hin, zwischen deren
1085 2561 3996 2778 verschneiten Rinnen und Rissen das graue Gestein dünnwandig,
2561 2690 3337 2799 nde Foder Zwe
1089 2703 4184 3003 unkörperlich ihm entgegenstarrte. Als in dem grünlichen Kachel-
2603 2870 3537 2991 Dr l'äuft abschliessen
1080 2899 4242 3191 ofen nach einiger Zeit die Holzscheite zu glimmen und zu knistern
2407 3045 3058 3178 Mitschuld an d
1064 3066 4217 3320 begannen, setzte er sich, noch immer in seinem Pelz, auf den schwar-
2636 3216 3012 3350 einungs-
1080 3254 4046 3546 zen, ins Bett gerückten breitlehnigen Lederstuhl. Drei einsame
1064 3404 4175 3646 Stunden lagen vor ihm. Sein Vorsatz war, oder die Zeit zu benützen.
1952 3596 3183 3700 in knapper Form.
1085 3579 4084 3825 um für alle Fälle xxx die Umstände niederzu-
2286 3754 3270 3863 Geschriebene in de
1064 3792 4413 4050 schreiben, die ihn zu seiner plötzlichen Abreise bestimmt hatten, (ohne
2257 3933 3324 4079 kein immer und begab
1085 3946 2106 4079 dass ihm klar wurde.
1064 3938 4084 4225 oh das, was er nun zu schreiben gedachte,
2569 4109 3575 4230 werden
1064 4159 4113 4384 jemals von irgend einem Menschen gelesen) oder ob es nur zu sei-
2357 4317 3295 4396 und imischer beim Bie=
3504 4326 3963 4517 dienen
3158 4376 3370 4501 PTU
1043 4384 3070 4559 ner eigenen ###xx Sammlung Beruhigung ###
2136 4480 2323 4597 am P.
1039 4584 2336 4780 sollte, ###
2036 4663 2336 4772 igen, und
2173 4751 2357 4851 rung
1080 4722 1527 4960 Stadt.
