4792 5652
1140 495 4308 811 als gehöre sie einer vergangenen Periode seines Lebens an, vor ihm
3789 710 3967 807 im
1902 734 3030 864 von Schneeflecken zu macht,
1156 775 4401 965 auftauchte. Er sah sie auf einem kleinen Balkon stehen,
3837 880 4150 969 in der
1136 949 1456 1075 Falle
1095 957 4121 1180 Meisen-Plocken xxxlen, die Hände auf die Brüstung gestützt und
1132 1144 4182 1330 nach unten blickend. Doch lag dort nichts, was jenen neulich ge-
1124 1326 4174 1525 schauten vorstadtgärten im Geringsten glich, sondern eine nebel-
2827 1424 3148 1529 in der
1120 1509 4105 1691 haft zerfliessende italienische Stadt, aber vor vielen Jahren
1326 1659 1505 1756 der
1111 1655 4182 1890 auf seinem Hochzeitsreise mit seiner Gattin umher-
1614 1846 1825 1931 war.
1107 1870 4097 2028 gewandelt xxxx. Aber keinerlei Sehnsucht wurde w ach in
1091 2036 4028 2272 ihm, weder nach jener längst Dahingeschwundenen, noch nach der
2710 2125 3022 2259 jetzt
1087 2186 4129 2438 gegenwärtig Geliebten. Und wenn er überhaupt jemanden in
1107 2369 4121 2588 seine Nähe, ja an seine Seite wünschte, so war es, wie er mit Be-
2941 2547 4141 2669 jene ärmlich verblühende
1095 2576 2961 2750 fremden inne wurde, niemand anderer als
2941 2653 3334 2742 würden
3298 2637 3780 2779 siben
1935 2661 3172 2799 die et glaubte vernen
1083 2750 4044 2945 Klavierlehrerin, die er in einen traulich trübseligen Raum zu
3695 2827 3926 2933 is in
2791 2827 3375 2969 geschlossen
1071 2892 4328 3103 flüchtiger Lust einmal in dein Anna xxx hatte. Und mit leassen
535 2957 730 3115 5
1083 3095 4308 3290 Sehmer empfand etc, dass von allen Menschen, die lebten, sie viel-
3748 3172 3951 3290 um
1055 3282 4085 3468 leicht das Wesen war, das am allerstärksten zu ihm gehörte,des-
1075 3444 4117 3683 sen Schicksal mit dem seinigen in ###einer geheimnisvollen
1030 3618 4121 3849 ###se zusammenstimnte; und dass ihre beiden Daseinslinien sich
1047 3793 3959 3987 einmal hatten kreuzen müssen, um dann sofort wieder für alle
1038 3995 3991 4182 Zeiten auseinanderzustreben, das sohien ihm einen verborgenen
3144 4052 4056 4178 in sich zu bergen.
1055 4178 4048 4344 Sinn, eine in die Zukunft weisende Bedeutung xxx
3269 4263 3501 4340 und
1038 4320 4012 4559 Und das Bild der blassen Frau begann allmählich solche Leben-
3140 4417 3432 4523 sen se
2706 4502 4064 4721 als sähe er sie draussen vor
1006 4543 2718 4738 digkeit zu gewinnen, dass ihm ward,
2701 4596 2981 4721 te, de
3164 4600 3817 4734 Langs
1006 4608 4056 4880 den Fenstern der Wirtsstube leibhaftig vorübergehen und in den
1022 4872 3882 5131 entlaubten Auen verschwinden. Er fragte sich: War dies eine
