4856 5652
4009 336 4396 711 104
1139 680 4144 908 meinen Neffen in die Hände fiele und sie sich über ihren ver-
1155 819 3565 1074 rückten, längst verstorbenen Onkel lustig machen."
1645 1051 4144 1271 „Du bist ja sehr besorgt um deinen Nachruhm", meinte
1151 1240 4102 1421 Otto. „Aber wahrscheinlich bin ich es- unbewusst-schon früher
1568 1371 3005 1510 allerhefs etwas lächerlich
1151 1367 4245 1607 gewesen und das kennenittierende Schriftstück dürfte gar nicht
1151 1580 4237 1773 mehr existieren. Wenigstens erinnere ich mich nicht, dass es mir
1147 1727 3608 1966 seit vielen Jahren unter/ die Augen gekommen wäre."
1634 1947 4148 2124 „Ich hätte natürlich auch nicht mehr daran gedacht,
1155 2090 4079 2318 aber die neue Lebensperiode,in die ich eintrete,-nicht wahr,
1151 2298 4172 2499 Otto, du verstehst ja - - man möchte alles weit hinter sich ge-
1155 2430 4214 2661 worfen haben, was nach an trübe Epochen der Vergangenheit mahnt,
1136 2623 4218 2854 man möchte jede Spur davon aus der Welt verschwunden wissen....
1132 2793 4183 3028 Leider geht es nicht mit allem so einfach- wie mit einem Stück
1120 3051 1545 3314 Papier."
1626 3152 4102 3372 Otto war aufgestanden und legte dem Bruder, der ihm
1124 3302 4187 3546 gegenüber auf einem Lehnstuhl sass, mit einer ungewohnten Geber-
1124 3503 4121 3735 de der Herzlichkeit die Hand auf die Schulter. Und mit einem
1120 3696 4226 3909 allzu freundlichen Lächeln sagte er: „Hast du wirklich jemals im
1132 3878 4121 4067 Ernst daran gedacht, dass ich von deiner mir gütigst erteilten
1120 4044 4160 4357 Ermächtigung Gebrauch machen würde?“ Und mit einem etwas ange-
1132 4187 4172 4446 strengten Versuch zu scherzen fügte er hinzu: Da hätte ich es
1120 4419 2345 4604 schon längst tun miissen."
1611 4562 4048 4801 Darin kann ich dir freilich nicht Unrecht geben,
1109 4755 4048 4975 erwiderte Robert bedrückt, aber nun ist ja doch alles anders
1105 4967 4087 5230 geworden, Gott sei Dank. Ja, Otto, dass ich Peula gefunden habe,
