4856 5668
3821 514 4018 795 101
1024 775 4194 971 ja, der in seiner Liebe bereit war das Ungeheuerste zu vollbringen
1011 943 4190 1128 und schwerste Schuld aus sich zu nehmen, um ihn vor einem Leben im
1011 1092 4046 1329 Wahnsinn zu bewahren. Er erbebte. Plötzlich wieder war er sich
1003 1216 4010 1529 der Gefahr bewusst geworden,die ihn bedrohte. Der Brief! Otto
999 1381 4210 1614 hatte den Brief in Händen, an dem Roberts Schicksal und Leben hing.
987 1561 4042 1762 Der Brief musste aus der Welt geschafft werden: Diesvor allem,
987 1738 4142 1939 Es blieb nichts anderes übrig, als ihn dem Bruder abzuschmeicheln,
987 1870 4102 2115 abzudrohen. Endlich einmal musste er sich mit Otto aussprechen -
967 2047 4122 2308 über den Brief und über vieles andere... Was zwischen ihnen
975 2272 3929 2464 sich entsponnen,rätselvoll und tiefm,vielleicht in frühester
967 2420 4106 2581 Kindheit schon, dieses Ineinanderspiel von Verstehen und Missver-
967 2585 4190 2761 stehen,von brüderlicher Zärtlichkeit und Fremdheit,von Liebe und
987 2745 3917 2930 von Hass, - es musste endlich zum Ausbruch kommen. Noch war es
955 2922 4106 3115 nicht zu spät für sie beide, noch einmal hatte er sein Dasein in
967 3083 4178 3231 eigenen Händen, noch einmal der Bruder das seine. Nun war für Otto
955 3155 4006 3472 der Augenblick da sich zu entscheiden zwischen Gesundheit und
943 3355 4034 3540 Krankheit, zwischen Klarheit und Verwirrung,swischen Leben und
939 3548 3950 3757 Tod. Er für seinen Teil, er hatte sich entschieden. Sein Geist
939 3697 4110 3897 war klar, seine Seele gerettet. Nun war auch dem Bruder noch ein-
931 3897 2846 4074 mal, das letzte Mal, die Wahl geschenkt.
1349 4038 4082 4222 Als Robert eintratublickte Otto von seinem Eintragebuch
