4808 5652
3109 328 3329 556 1
3754 328 4303 606 26/6 96
1514 487 2878 695 Ich sehe ihr selten, sach
1383 576 4284 830 Innteform xxx Doktor Leinbach und zog seine ob
1085 641 1278 857 dart
3407 780 3816 993 Verwüste
1097 873 1927 1070 Stirn in Falten.
1151 923 4141 1201 Das will ich dir gleich sagen. Vorausschicken möcht
1298 1116 3720 1248 Ich merkte gleich bemerken, f.h. Robert fort
1109 1217 4141 1379 ich nur, dass ich nicht der Einzige bin, der Otto verändert fin-
2290 1306 2966 1456 mittenden
1101 1336 4183 1526 det. Auch Marianne ergeht es se. Und sähst du ihn öfter, so wür-
1862 1506 2209 1645 Gleich
1109 1479 4199 1700 de es auch dir nich t entgangen sein, wie sein Wesen im Laufe des
3666 1661 3855 1858 G.O.
1101 1676 3364 1931 letzten Jahrg sich getrübt und verdüstert hat.
3708 1800 4430 1943 vichtsjen wiene
1572 1842 4164 2093 „Verdüstert", wiederholte Leinbach mit einer eigentüm-
1070 2082 4094 2287 lichen.wie befriedigten Miena..Das dürfte stimmen. Natürlich
1078 2236 3975 2422 verdüstert sich sein Wesen. Wie könnte es auch anders sein.
1078 2356 4148 2584 Auch meines verdüstert sich, wenn auch offenbar auf eine andere,
1066 2534 4044 2766 minder augenfällige Weise, als es bei Otto der Fall ist. Viel-
1070 2677 4114 2955 leicht auch merkst du es besser an ihm, weil er dir näher steht
1066 2905 4044 3160 als ich. Aber glaube mir, wenn du jemals einem Arzt begegnest,
1054 3090 4164 3306 dessen Wesen in einem gewissen Alter, sagen wir zwischen vierzig
1047 3248 4052 3469 und fünfzig, licht bleibt, dann kann er nur ein Stümper oder ein
386 3318 892 3542 Leinbach
2847 3345 4446 3600 wird schönne besitte en wenig
1058 3457 1352 3554 Wicht
1043 3445 4056 3662 Schuft gewesen sein. Bedenke doch nur, Robert,wir sind ja dazu
3167 3584 4117 3723 in einem seinen Sinn
1031 3642 3982 3843 bestimt, die Leiden aller der Menschen auf uns zu nehmen, die
3461 3781 3727 3890 flegs,
1047 3785 4021 4013 uns ihre Leiden klagen; auch wenn es uns nicht direkt zum Be-
1031 3975 3920 4195 wusstsein kommt;- ja, das ist dann vielleicht noch schlimmer.
699 4009 865 4175 1
3469 4044 4361 4249 mit jeden Till
2341 4152 2708 4276 freilich
1024 4160 4017 4380 Die Sentingntalen haben es natürlich besser; die werden schu-
1035 4307 4067 4565 sagen im Einzelnen mit jeden Fall fertig, durch Rührung sozusa-
1000 4565 4013 4743 gen. Aber bei unsereinem, bei den starken, xxx hauft es sich xxx
3658 4670 3982 4778 schischen
993 4743 4067 4909 da baldt es sich zusammen. Natürlich merkt man es nicht im All-
3611 4851 3862 4959 fernte
981 4890 3963 5102 gemeinen, sonst würden wir ein wahrhaft tragisches Schauspiel
