5016 5908
638 494 829 781 1.
1347 510 1729 805 G.C.R.S.
3479 478 4228 801 1/1 37
2881 522 3084 817 1/1
2084 693 2542 849 Schwager
1148 745 4256 932 sichtshalber an die Hoteldirektion schreiben sollte? Und wäre es
3351 917 3531 1036 A.M.F. N.P.
1160 921 4196 1188 auch nur, um etwaigen Verdächtigungen gegenüber eine Bestätigung
3503 1084 3670 1196 auch
2754 1088 2961 1211 geis
1136 1148 4053 1367 in der Hand zu haben, dass Alberta an jenem Abend gleichfalls
3236 1267 3495 1363 Anlas:
1136 1331 4168 1522 heimgekommen und dass sie am nächsten Tag in Gesellschaft eines
1112 1518 4272 1729 anderen Mannes abgereist sei? Er warf einen Blick nach der Seite.
1116 1694 4256 1873 Die bedenkliche Erscheinung des eleganten Herrn war verschwunden.
1686 1873 4268 2060 Robert setzte seinen Weg fort und zwang sich, an etwas
1100 2072 4077 2232 Gleichgültiges zu denken. Er versuchte sich den Inhalt seiner
1092 2204 4160 2383 letzten Arbeit - zur Statistik des niederösterreichischen Volks-
1092 2391 4184 2570 schulwesens - ins Gedächtnis zu rufen und es beruhigte ihn, dass
1080 2570 4101 2726 manche Einzelheiten daraus, an die er Monate lang nicht mehr ge-
1076 2726 4144 2933 dacht und die ihn im Grunde niemals sonderlich interessiert hat-
1068 2905 4061 3056 ten, sich seinem ausgeruhten Geiste heute mit grösster Klarheit
1060 3108 4065 3252 darboten. Zugleich bedauerte er, und nicht zum ersten Male, dass
1008 3308 4101 3459 auf einem andern Gebiete,wo er weit besser zu Hause war, auf dem
1040 3463 4113 3638 der musikalischen Unterrichtsfragen, seine Mitarbeiterschaft bis-
1028 3598 4220 3790 her nicht in Betracht gezogen worden war, und zweifellos nur darum,
1626 3742 2208 3865 Fickalm
1028 3834 4232 3961 weil Hofrat xxx mit Eifersucht darüber wachte, dass man ihm nicht
1004 3985 4132 4176 jemanden an die Seite setzte, der von diesen Dingen mehr verstand
1004 4168 4160 4332 als er selbst. Robert verspürte Heimweh nach seinem Kanzleiraum
996 4320 4089 4491 nach dem grossen Schreibtisch, dem bequemen, schwarzledernen Lehn-
996 4559 4069 4694 sessel, den hohen Regalen mit den Aktenfaszikeln, den gelbweissen
980 4718 4124 4842 Wänden mit den Landkarten und Tabellen, er sehnte sich nach einem
2622 4802 2849 4929 ware
972 4898 3913 5017 Wirkungskreis, wo es ihm beschieden verwahrhaft Nützliches zu
972 5037 3957 5268 leisten und die Anerkennung seiner Vorgesetzten,vielleicht gar
