4760 5892
2239 563 2582 834 " " "
2082 796 4080 957 ihren, und braab nun nach manchen guten und
1659 766 1994 918 heim zu
1172 808 4304 1062 des Zugs in den winklig-hügeligen Strassen der Hafenstadt umher,
1486 986 3483 1096 timmungen der letzten Monate jenes unbegre-
1202 990 4385 1266 deren Altertümer zu besichtigen er sich täglich vorgenommen hatte,
1147 1155 3229 1261 In Gedanken, nimmer in Worte zu Fassende über
1194 1253 4283 1464 um es eben so oft und endlich bis zur letzten Stunde aufzuschie-
1164 1325 2154 1422 Kunkel drohend noch 8
1189 1409 4321 1613 ben. Als er auf den obersten verwitterten Stufen der Arena stand,
1194 1486 1977 1608 erste sich geirrt
2908 1519 4330 1659 gleich einer drinkeln Mahminz
1177 1587 4364 1803 vom entweichenden Tagesschein uuflossen, stieg, nahmend aus der Tie-
1164 1761 3843 1985 fe des ungeheueren Kreises der Abend zu ihm empor,rund
3449 1947 4025 2133 Beschwerden,
2472 2125 3712 2319 nehmen und es konnte kaum
1253 2125 1672 2260 man ihm
1532 2243 4317 2523 Als der Zug den Bahnhof verliess, verweilte Robert am Fen-
1117 2455 4440 2650 ster seines Abteils und nahm ohne Rührung von der gegenüber im blass-
1088 2595 4351 2819 rötlichen Grauverdämmernden Insel und vom Meere Abschied, auf dessen
1067 2781 4465 3001 fernsten Wellen ein violetter Nachglanz der versunkenen Sonne schwamm.
1054 2950 4288 3238 Zwischen ärmlichen Weinbergen keuchte der Zug langsam aufwärts, dem
1050 3102 4216 3411 Karstland entgegen,und fuhr bald durch einen langen Tunnel in die
2768 3293 3170 3407 en, und n
1033 3293 4232 3581 abendliche Felsenlandschaft ein, deren Horizont nur die Ahnung, aber
2197 3458 2573 3572 sich ohne
1037 3466 4254 3754 nicht mehr das Bild der See in sich fasste. Nun erst streckte sich
1879 3627 2137 3742 sonde
1028 3716 4288 3932 Robert, den das Umherwandern in den unebenen und schlecht gepflaster-
2243 3801 2548 3907 einen 2
1016 3873 4216 4042 ten Strassen der alten Hafenstadt ermüdet hatte, auf sein Lager hin
990 4046 4169 4228 und suchte im Herzen nach dem frohen Vorgefühl, das ihn noch heute
1701 4152 1998 4271 in the
986 4232 4288 4436 morgens während des Spazierganges bewegt und beinahe beglückt hatte.
973 4368 4232 4567 Aber was er fand war nicht Freude mehr, sondern eine sonderbare Ban-
1558 4516 1960 4656 fribuer
3890 4537 4398 4728 entgegen.
957 4554 4118 4825 gigkeit, als stände ihm eine bedeutungsvoll ernste Entscheidung be-
944 4715 4059 4935 ver. Kündigte die Nähe der Heimat in so unerwünschter Weise sich
940 4905 4139 5176 an? Sollte es ihm bestimmt sein ebenso bedrückt als er fortgereist
1562 5100 3297 5329 leicht, öfter eher mit Ungeduld und Amtshaupt,
