4744 5668
1581 326 2593 568 Monsieur, que je pouvais
2674 309 2882 576 G.C.F.P.
3551 504 3771 750 121
648 703 4060 1042 Meiner Mutter darfet du es natürlich nicht vorher sagen. Du schreibst
682 886 4021 1182 ihr ein Wort vom Bahnhof aus, das genügt.- Nun Paula, warum antwortest
678 1085 3818 1356 du nicht? Reut es dich doch? - "Was sollte mich reuen?" - "Dass
682 1237 3979 1496 du mir versprochen hast mit mir zu reisen. Sprich nur,gesteh. Jetzt
682 1411 3873 1661 regen sich doch gewisse bürgerliche Bedenken -?“ - „Was fällt dir
678 1521 3920 1835 ein, Robert, ich denke nur -” Was denkst du?“ - „Ob es nicht klüger
686 1682 3873 2021 wäre, richtiger meine ich, wenn man versuchte die Sache hier, an Ort
699 1937 3695 2148 und Stelle in Ordnung zu bringen.”  „In Ordnunh bringen? Wie
686 2000 3979 2356 stellet du dir das vor? Wir haben keine Zeit zu verlieren, und
699 2178 3962 2521 von dem, was ich dir jetzt anvertraut habe, darf niemand ein Wort er-
682 2352 3839 2665 fahren, das könnte uns Beiden das Leben kosten. Ja, dir auch. Ver-
691 2504 3975 2877 lass dieh nur ganz auf mich. Es ist alles wohl erwogen. Ich erwarte
695 2746 3979 3021 dich auf dem Westbahnhof. Punkt sechs Uhr fährt unser Zug. Du musst
682 2877 3907 3182 nicht viel mitnehmen. Um zehn Uhr Abends kommen wir in dem Ort an,
699 3017 3949 3335 den ich vorläufig als Zuflucht gewählt habe." - "An welchen Ort?"
725 3233 3780 3530 "Sei nicht böse, wenn ich ihn nicht nenne. In der Zerstreutheit
699 3428 3852 3716 könntest du dich verraten, Vielleicht ist es auch Aberglaube. Du
695 3555 3949 3865 musst es mir zugute halten, Paula. Schwör mir nurmdass du zur fest-
695 3788 3966 4038 gesetzten Stunde auf der Bahn bist, sonst ist nämlich alles umsonst.
686 3920 3971 4216 Ohne dich bin ich verloren. Auf jeden Fall. Das ist mein untrügli-
742 4076 3975 4331 ches Gefühl. Wenn du nicht dort bist ist alles aus. Und - wenn du
682 4250 3839 4496 nicht allein kommt auch. Versteh mich gut.-Also du bist auf der
682 4407 3445 4653 Bahn und wirst keiner Menschenseele eine Silbe verraten.
