4760 5908
993 798 4166 1094 der Strasse und spitzte die Lippen zu einem leisen eigentümlichen
932 1021 3611 1260 Nein, nein, so leicht soll es Euch nicht gemacht werden.
2472 1033 4093 1248 denster des ersten Stockwerks Frau
1621 1183 4077 1431 Während die Lampe weiter brannte kam allmählig der
3003 1264 3586 1422 wurde, und
997 1272 1564 1443 Kostner im J
932 1386 1767 1629 Schlaf über ihn.-
2675 1370 4113 1601 Mama, gegen die Kampalm zu, der
1811 1439 2399 1613 ein Stück v
985 1560 4227 1763 Herr Sektionzrat begleitet mir. Frau Kostner erwiderte freundlich
973 1755 4162 1933 Roberts stummen Gruss. „Wie hübsch, dass Sie auch da sind, Herr Sek-
1609 1864 4178 2111 Als er am nächsten Morgen in die kühle Herbstluft hi-
2687 1949 4227 2099 halten zu lassen, ich komme schon
969 1925 1666 2140 tionsrat! Aber
920 2067 4065 2253 naustrat, und den Himmel mit trühen unruhigen Wolken bedeckt sah,
936 2225 4129 2444 senkte er mismutig den Blick, ohne eine junge weibliche Gestalt zu
2821 2330 3193 2427 lebhafte
916 2383 4154 2594 beachten, die in einer weissen Wolljacke auf der Bank am Hotel-Ein-
2829 2496 3647 2634 chung fuhr sie f
924 2533 4182 2837 gang sass. Doch als er von dort zwei Augen auf sich gerichtet fühl-
3416 2667 4105 2800 ntensiv und mi
936 2691 4142 2999 te,wandte er die seinen hin und erkannte Fräulein Kestner..Ist es
3432 2853 4154 2979 pflegt er dann
920 2938 4134 3165 „möglich“, rief er mit einem Ausdruck der Ueberraschung, ja der Freu-
3295 3015 4093 3149 kann dann niemau
916 3116 4081 3360 de, dessen Uebertriebenheit er sofort empfand,- „Es ist sogar ge-
3323 3197 3809 3311 „Sondert
2942 3222 3124 3323 tre.
920 3201 4158 3522 wiss", erwiderte Paula, ihm die Hand entgegenstreckend. „Gestern, den-
3582 3364 4154 3473 es sehr gut
3129 3384 3493 3501 begreif
920 3461 4121 3716 ken sie, sind wir in Wien angekommen und sofort wieder hier herauf-
2545 3546 4105 3676 wordenen Prozesses, in dem ihr Va-
924 3663 4089 3870 befördert worden, Mama und ich. Aber lassen Sie sich nicht stören.
3246 3724 4052 3899 des Erwarten sein
900 3830 3335 4040 Sie wollten gewiss einen Spaziergang unternehmen?
2983 3854 4061 4016 Kreispruch verholfen ha
1613 4004 4000 4223 Damit eilt es nicht. Wenn Sie erlauben, so leiste
2942 4089 4138 4275 Ratsen gewesen.
1098 4024 1524 4279 Auch dank
896 4178 3522 4417 ich Ihnen Gesellschaft bis Ihre Mutter herunterkommt,
2679 4231 3903 4401 tillschweigend. Er war der
1572 4348 4101 4575 „Das dürfte Ihnen zu lange dauern“, sagte Paila. „Mir
892 4377 1341 4636 König, dass
900 4551 4052 4802 übrigens auch. Eben war ich im Begriff mich allein auf den Weg zu
2662 4632 3595 4798 es kluges Wesen zur S
1662 4745 1852 4847 isse
892 4737 1325 4981 machen."
1378 4802 1893 4952 eines war.
2201 4770 2545 4944 wieder
1556 4814 4202 5106 Robert bat um die Erlaubnis sich anschliessen zu dür-
1953 5001 3785 5114 te nach Roberts Bruder und Schwägerin,
859 5058 4016 5305 fen. Paula hatte nichts dagegen, trat vom Tor weg gegen die Mitte fast.
