5048 5908
4090 519 4287 756 36
1017 836 1383 969 emen.
2622 776 4098 1021 andere gleichfalls im Bereiche
1110 800 2590 1037 den Mord begangen, so lag alles
1910 997 2381 1126 vorellem
1106 981 4110 1198 der Möglichkeit; List und Tücke jeder Art, um das Verbrechen zu
1094 1178 4202 1411 verschleiern. Es war ihm bewusst, dass all diese Einfälle und Er-
1086 1347 4174 1556 wägungen im Verlauf von wenigen Sekunden durch sein Hirn gejagt
1094 1528 4190 1741 waren. Nun aber, da er Mariannens Augen mit einen unverkennbaren
1074 1709 4174 1906 Ausdruck der Besorgnis auf sich gerichtet sah, fühlte er, dass er
1086 1874 4226 2087 tötlich erblasst war; und er sagte sich, dass es vor allem darauf
1070 2039 4291 2256 ankam, sich nicht zu verraten. Mit einer gewaltigen Willensanstren-
1058 2212 4246 2465 gung vermochte er seinem Antlitz einen harmlosen Ausdruck zu ver-
2582 2421 4142 2598 bei seinem Bruder zu entschuldi-
1066 2417 2537 2614 leihen und er bat Marianne ihr
1054 2558 4263 2799 gen, da er jetzt eilen müsse, um eine Wohnung auf der Wieden, die nur
1054 2755 4118 2964 bis zu einer gewissen Stunde zur Besichtigung frei stände, noch-
1029 2923 4070 3145 mals in Augenschein zu nehmen. „Für morgen aber lade ich mich
1042 3108 3989 3342 wieder zu Tisch bei Euch ein, wenn ich nicht doch vielleicht",
1033 3314 4271 3490 setzte er eilig hinzu, „für ein paar Tag auf den Semmering fahre“,
1042 3438 3687 3679 „Unruhiger Geist“, rief Marianne ihm zum Abschied nach.
1600 3639 4082 3832 Als er aus dem Tore trat stand gegenüber vor einem
1029 3824 4065 4033 grossen Spiegelfenster, eine Zigarre rauchend, ein Herr von frag-
1021 3969 4082 4218 würdig-verdächtiger Eleganz, der mit auffal lender Raschheit den
993 4166 4037 4375 Blick wandte, als Robert ihn ins Auge fasste. Sind wir so weit?
1005 4363 3969 4552 dachts er flüchtig. Dann aber lachte er. Es wäre das Neueste,
1009 4548 4110 4733 segte er vor sich hin, wegen einer Wahnidee verhaftet und zur Re-
997 4701 4166 4906 chenschaft gezogen zu werden. Denn dass es nur eine törichte Ein-
981 4902 4178 5083 bildung gewesen war, die ihn früher überfallen, dessen war er jetzt
973 5075 4114 5352 wieder ganz gewiss. Ob man aber nicht doch, dachte er weiter, vor-
