4792 5668
3976 283 4255 520 114
1015 440 4365 799 eine xxxnittertes, zusammengehaltetes Papier hervor. „Dass ich
3079 639 3371 761 lange
3663 571 4336 778 als seines Bru¬
1007 728 3985 964 nicht verge esse“, sagte er leichthin, da ist dein Brief,“- „Was
1595 728 1832 825 hängen
3071 808 4213 969 erst und seine Züge zum
1003 909 3909 1121 für ein Brief?“ fragte Robert, der sich im ersten Augenblick
3211 994 4073 1104 te. Dann machte er
4112 931 4272 1121 sick
1003 1079 3955 1316 tatsächlich nicht zu besinnen vermochte..Den du gestern von
3092 1159 3938 1286 s Anlitz, das ein
4014 1087 4247 1282 blas¬
1003 1261 4128 1552 mir verlangt hast. Ich habe ihn glücklicherweise noch vorgefun-
2678 1328 3680 1502 frügte er lächelnd hinzu.
3760 1328 3997 1442 Jugen
1003 1366 4361 1671 den. Hier ist er vergewissere dich nur ob ich nicht etwa einen endsten
3232 1510 4209 1641 Brief, den er hinter¬
3621 1557 4412 1755 Dartüber war sich
1011 1641 2098 1878 unter schoben habe.
3096 1633 4035 1806 erteilta? xxxxxx
1481 1722 4158 1980 Robert atmete tief auf, wie wenn ihm ein Gnadengeschenk
3240 1874 4196 1997 t schluss, auch wann x
1015 1958 4217 2221 geworden wäre. Seine Augen feuchteten sich,er konnte seiner
3384 2052 3854 2170 Rokxwärder
364 1980 668 2280 Auf
1032 2068 4179 2377 Thränen nicht Herr werden, und unwiderstehlich hingezogen zank er
1032 2293 4158 2555 seinen-Bruder schluchzend an die Brust. Eine Weile lag er so und
1134 2356 1354 2462 dern
3469 2403 3689 2500 lucht
1028 2428 4112 2699 spürte, wie gute, etwas schlichterne Hände ihm leise über die Has-
1015 2606 4116 2898 re strichen, so dass er ferner Kinderzeiten und längst vergesse-
1019 2775 4048 3067 ner alterlicher Zärtlichkeiten denken musste. Plötzlich aber -
1028 2944 4196 3278 er war dieses wundersamen Gefühls von Geborgenheit sich kaum erst
1028 3130 4116 3443 bewusst geworden — fuhr ihn der Gedanke durch den Kopf: Was be-
2953 3274 3909 3439 Decem.
1015 3312 4226 3612 deutet das? Warum hat er nach dem Brief gesucht? Warun hat er, in
1032 3447 4332 3760 mir den Beier zurückgebracht? In Sicherheit will er mich wiegen. Da
711 3650 4112 3959 dersel. Er nimmt es auch ohne Brief auf sich. Diesen Brief haben gewiss
3012 3803 3799 3951 genommen wird
1041 3837 4061 4107 schon Andere gesehen. Er hat sich eine Abschrift von Notar be-
2538 4014 3008 4137 Original
1003 3997 4086 4357 glaubigen lassen. Er bedarf des Briefes nicht mehr. Nun glaubt
2817 4171 3536 4302 dass ich
3811 4171 3976 4277 leht
1028 4175 4023 4501 en mich sicher zu haben. Nun denkt er, ich kann ihm nicht mehr
1028 4408 4057 4661 entgehen. Nun brich t er den Stub über mich. Seine Hände strei-
3244 4509 3794 4645 - sondern
1019 4539 4040 4818 cheln über mein Haar, nicht Segen bedeutet das; Abschied und Ur-
1036 4759 3938 5046 teil.-Zugleich wueste er, dass alles darauf ankam sich jetzt
1269 4979 1760 5194 Le comte
2673 5008 3088 5199 xx
