5032 5892
818 484 1292 783 '   ̃:
4062 497 4264 831 39
1134 791 4260 1033 Beamtensfrau, dachte er, Buchhalterin? - Da sie ihren Schritt all-
1134 972 4405 1200 mählich verlangsamt hatte, zweifelte Robert nicht, dass sie sich du
1165 1099 2537 1218 Vahrzeit nicht übel die
1130 1143 4286 1389 nicht ungern gefolgt wusste und so richtete er an einer Strassen-
3240 1257 3732 1385 richtete en
1134 1332 4207 1569 ecke, schon weiter draussen in der Vorstadt, unbefangen das erste
1117 1552 1750 1750 Wort an sie.
1737 1688 4220 1873 „Würden Sie mir’s übel nehmen, Fräulein, wenn ich um
1055 1855 4251 2128 die "Erlaubnis bäte, mich Ihrem Spaziergang anzuschliessen" - Sie
1055 2031 4234 2242 darauf mit einer angenehmen Stimme, weder erstæunt noch beleidigt:
1064 2242 4379 2387 „Es ist kein Spaziergang, ich gehe nach Hause.“ Sie sah ihn kaum an.-
1051 2387 4357 2633 „Aber die Wrlaubnis“, meinte er, „darf ich wohl als erteilt annehmen?"
1706 2554 4106 2792 Sie zuckte die Achseln, etwa, als wollte sie sagen:
1038 2765 4053 2937 Mit mir muss man wirklich nicht so viele Geschichten machen; -
1033 2937 4387 3174 dann erst sah sie ihn von der Seite an. Er sprach davon, dass Sie ihm
1029 3073 4559 3319 schon auf der Ringstrasse aufgefallen sei;- wie sie auf des Bank gesenen
1042 3302 1235 3368 Mais
1033 3249 4154 3486 sass, die Hände in den Manteltaschen, die Rolle auf dem Schoss, den
1016 3433 4181 3649 Blick vor sich hin gerichtet; das sei ein hübsches Bild gewesen.-
1016 3609 4207 3869 „Sie sind doch kein Maler?" fragte sie. - „Leider nicht“,erwider-
1024 3820 4238 4049 te er. Und da er keinen Grund hatte ihr seinen Namen zu verhehlen,
998 3987 4089 4185 so stellte er sich in aller Form vor. Sie nannte den ihren ganz
994 4119 4124 4348 beiläufig, und in dem leicht weiterfliessenden Gespräch, ohne sich
989 4343 4141 4568 erst eindringlich fragen zu lassen, erzählte sie ihm allerlei von
998 4546 4260 4748 ihrem Leben. Sie gab Klavierlektionen; ihr Mann, ein Magistratsbeam-
998 4730 4264 4950 ter, war vor drei Jahren gestorben; und nun, verwitwet und kinderlos,
985 4889 4273 5108 wohnte sie in einer nahen Seitengasse, bei einer besseren Handwerker-
1508 5003 1882 5130 welckx
972 5038 4260 5249 familie. Im letzten Sommer hatte sie sich zum ersten Mal nach ihres
