4776 5652
4033 320 4283 573 1:95
1076 548 4050 798 vollkommen gleichgültig sein konnte. Sofort aber erkannte Ro-
2201 698 2413 814 G.C.F.P.
1769 706 2114 827 G.C.F.P.
1084 681 4108 960 bert diese Auslegung, die er eine Sekunde lang einem nichts be-
1138 906 1392 1018 Stirn
1076 860 4075 1126 deutenden Mienenspiel zu geben bereit gewesen war, als das, was
1254 1068 2376 1213 letzte Aufflanken
2451 1055 2617 1159 F.T.P.
1084 1022 4208 1350 sie man, aus dit halb xxxnxxang an eine lächerli chen
1952 1242 2272 1350 nicht d
1508 1254 1674 1367 das
2368 1325 2667 1500 Geregneur
1072 1338 2334 1475 längst abgetana Wahnidee.
1707 1421 1981 1529 Pianne
1512 1483 4195 1624 En xxxich Doktor Leinbach xxx in xxx xxx
2999 1545 3502 1682 Wunter
1616 1608 1981 1711 die nie
1059 1612 3979 1794 Zeitungen vertieft schien, und war genötigt dessen etwas var-
1483 1740 3506 1890 schien einasverlehrt, dass auch er
1059 1807 4121 2044 letzt klingende Aeußerungen, daß xxx nur durch das Gerücht
2588 1931 3065 2052 seven
1059 1907 4000 2172 von dem wichtigen preignis im Leben des Freundes Kunde erhal-
1063 2085 4067 2330 ten, Durch Roberts Versicherung, dass ihm die öffent-
1034 2276 4021 2517 liche Bekanntgabe von Verlobungen stets als eine überflüssige
1047 2451 4042 2692 und unzarte Einrichtung erschienen sei, liess Leinbach sich un-
1034 2675 4079 2858 schwer beschwichtigen, und führte sogar in Ergänzung von Robert
1030 2804 4087 3124 Anschauungen aus, dass man seiner Ueberzeugung nach in einer hö-
1018 3061 3892 3232 her kultivierten Zeit auch von der Verkündigung vollzogener
1018 3107 4104 3394 Heiraten, insbesondere aber von öffentlichen Hochzeitsfeiern als
1018 3352 4145 3572 von einer völlig barbarischen Sitte Abstand nehmen würde. Robert
1005 3518 4025 3738 liess ihn eine Weile weiter reden, um ihn sich günstig zu stim-
1009 3763 3938 3934 men, endlich aber, als sich Leinbach seiner Gewohnheit nach in
1009 3875 4104 4104 endlose philosophische Erörterungen verlieren wollte, unterbrach
1005 4037 4079 4320 er ihn mit der Bemerkung, dass er ihn aus einem ganz bestimmten,
818 4266 1479 4424 leider wecht
993 4320 4075 4465 ziemlich ernsten Grunde zu einer Unterredung hieher geboten ha-
997 4395 4054 4636 be. Und unter dem Siegel strengster Verschwiegenheit vertraute
955 4586 4283 4723 er ihm seine Besorgnisse wegen Alles gesundheilszüssen dann;
2031 4648 4029 4793 an seines Bruiers, der stch ja bekanntlich
980 4706 1882 4823 er ihn an, dass er
976 4793 1828 4922 u. fragte Thi,
993 4781 3851 4989 schon seit Jahnen in seinen Beruf Ueberwenschliches Sumuste.
3668 4785 4391 5043 In letzten Zeit
1184 4964 2181 5076 einen, sonst würden wir
980 4947 4324 5171 schweren Beschwerden wurde. A nicht auch ihm oder unterzugt
1105 5101 4395 5329 Blich, - die übertriebene Reizbarheit - der sonderbare
1097 5259 4083 5524 Gang Ottos in der letzten seit aufgefallen reiden
