4952 5908
1042 751 3048 1066 zum ersten Mal wieder gegenüberzutreten.
4025 743 4276 977 Uhr
2410 993 2584 1231 4.
1651 1203 4215 1542 Bald darauf trat er aus dem Tor des Gasthofs,behagte
1086 1401 4223 1756 sich in der Einbildung, dass er als Fremder in den strassen einer
1752 1453 2305 1595 Vorstellen
1090 1575 4122 1914 unbekannten Stadt umher bemaltet und nahm mit Absicht sein Mit-
2172 1607 2620 1756 manue
3517 1684 4223 1825 impedict in or
2394 1785 2733 1898 in den
1106 1756 4223 2083 tagessen in einem Gasthaus, das er früher niemals betreten hatte.
1102 1922 4272 2289 Dann begab er sich auf die Suche nach einer Wohnung,lief stunden-
1102 2095 4320 2447 lang in verschiedenen Häusern treppauf-treppab,besichtigte Dutzen-
1126 2285 4296 2624 de von leeren und von bewohnten Räumen, störte irgendwo eine junge
1114 2439 4256 2806 Dame beim Klavierspiel, unterbrach anderswo einen Lehrer beim Un-
1122 2572 4312 2964 terricht zweier Knaben, unterhandelte mit zuvorkommenden,gleichgul-
1126 2766 4324 3145 tigen und mürrischen Vermietern und Hausbesorgern und konnte sich
1118 2955 4328 3339 bei all dem niemals vorstellen, dass sein ganzes Unternehnen ernst
1126 3129 4195 3581 gemeint sei, und zu einem bestimmten Ziel führen sollte. Einmal
1126 3327 4247 3710 geriet er in eine Strasse, wo Erinnerungen einer längst vergange-
1143 3521 4393 3868 nen Zeit ihn umschwebten; hinter jenem Eckfenster im zweiten Stock
1143 3674 4167 4086 hatte er vor vielen Jahren glückliche, oder doch zum mindesten
1155 3900 4171 4203 angenehme Stunden verlebt; und nicht eben schmerzlich, sondern
1171 3985 4373 4373 eher wie einer kleinen Unannehmlichkeit wurde er sich des Umstan-
1163 4243 4260 4550 des bewusst, dass er nun so einsam in der Welt stand,wie kaum je
2035 4284 2285 4401 sent
1175 4389 4316 4744 zuvor. Flüchtig zog ihm wieder Alberta durch den Sinn, gleich da¬
3153 4526 3787 4688 sehr lebend
1155 4587 4268 4962 rauf aber, farbig und scharf umrissen, tauchte das Bild des Fräu-
1159 4728 4389 5103 lein Kestner vor ihm auf, xxx durch den Abschiedsblick
1195 4918 4332 5370 von-gestern näher umhunden fühlte. Er versuchte sich ihren Vor-
755 5047 1118 5301 “blecht”
