4792 5668
3201 310 3424 529 P.S.
1821 485 4215 799 es, rusammengefaltetes Papier hervor.. Dass ich 113
3284 636 3992 827 e Brief.“ - Was
1105 728 4155 1002 breiten und später seine verderbliche Wirkung entfalten sollte;
3527 895 3853 1010 genblick
1086 899 4282 1133 und er nahm sich vor, für alle Fälle nachher das Fenster zu öffnen.
1093 1074 4235 1328 Plötzlich wandte Otto sich um, Robert verlieh seinem eigenen Blick
1093 1260 4076 1511 einen unbefangenen Ausdruck und bemerkte, dass Ottos Augen sich
1074 1447 4179 1654 flüchtig umschleierten. Gleich darauf trat Otto ganz nahe zu ihm
1062 1650 4139 1825 hin und meintellächelnd: „Du bist nun hoffentlich endgültig ver-
3885 1773 4111 1889 soit
1050 1777 4072 2000 nünftig geworden".-  „Endgültig?“ wiederholte Robert, für seinen
1046 2008 4223 2223 Teil den scherzhaften Ton aufnehmend. „Das kann man ja nie wissen.
1034 2143 4135 2394 Bei mir schon gewiss nicht. Und ist es denn gar so wünschenswert
1042 2306 4179 2589 vernürftig zu sein, endgültig vernünftig?" - „Meiner Ansicht nach
1018 2557 4016 2763 doch wohl“,erwiderte der Andere ernst,beinahe hart.-.Des wäre
1010 2668 4107 2942 noch zu beweisen“, entgegnete Robert eigensinnig. Vielleicht bin
998 2859 3944 3074 ich sogar verrückt. Ich will es nicht in Abrede stellen. Aber
1006 3014 4004 3300 wenn ich es bin, so fühle ich mich sehr wohl dabei. Und das ist
978 3193 3940 3380 doch die Hauptsache, nicht?“ Es war ihm, als eröffnete sich ihm
974 3368 3992 3638 mit einem Mal herrnungsspandand eine neue Aussicht auf Rettung.
962 3543 3960 3754 „Ich habe mich niemals vorher so wohl gefühlt", wiederholte er
926 3726 3976 3940 mit Betonung. Also mach dir um meinetwillen keine Sorgen, ich
942 3913 3964 4175 versichere dich, dass ich mit keinem Menschen auf der Welt tau-
2938 4084 3515 4239 nicht mehr.
930 4111 1634 4346 schen möchte."
3324 4163 3857 4394 ihm nicht
1479 4290 3881 4453 Ottos Antlitz war unbeweglich geblieben. „Nun, so
915 4422 3976 4712 ist ja alles in Ordnung“, sagte er. Es klang wie zerstreut. Und
3316 4608 3670 4740 Abschied
895 4640 3964 4867 dann, als fiele es ihm eben erst ein, brachte er aus einer Tasche
3475 4783 3694 4994 Ich
903 4799 1853 5042 seines Ueberrockés -
