4808 5652
3642 293 3906 578 F.T.K.
3994 415 4195 654 116
3399 516 3755 679 Amt
4082 532 4451 721 me in
1756 604 4271 847 „Aber du solltest wohl längst im Bunaau sein,“setete
4296 671 4476 838 beqr
1065 696 1727 901 Anspruch nahm,
4288 813 4548 1027 E
1144 826 4237 1048 Otto in übertrieben frischem Τone e### Fängt xxx
1153 998 4246 1207 nicht schon um sein „Uhr Morgens zu regieren an „Arkennings“,
1148 1140 4313 1408 erwiderte Robert, „und bis drei-Ühr wird Walter regiert mit obliga-
3910 1266 4208 1391 mit
1136 1270 4212 1593 ter Unterbrechung durch das Erführstück- „Seid ich dich ins Amt
901 1442 1073 1593 können
947 1496 4313 1756 bringen?" - „Danke. Ich gehe vor der Arbeit in der klaren Wihter
1136 1676 4074 1941 luft gern ein paar Schritte zu Fuss." Er öffnete dæ Fenster,
1111 1865 4141 2091 wie er sich vorgenomnen, dann verliess er mit seinem Bruder das
1106 2087 1484 2309 Zimmer.
1685 2054 4179 2452 „Also wir red nen zuversichtlich darauf“, sagte Otto
880 2360 1048 2485 3
1106 2393 4145 2620 auf der Stiege, „euch heute Abend bei uns zu sehen. Nicht wahr?“
1090 2590 4212 2770 Robert dickte. Nun war es ihm völlig klar. Heute Abend sollte es
1077 2770 4254 2976 geschehen. Ein Pülverchen in den Wein oder in den Kaffee... alles
1077 2888 4141 3135 ist vorbei - und dann heisst es: es ist ein Herzschlag gewesen.
1069 3089 4149 3357 Die einfachste Sache von der Welt. Wie oft mag sich dergleichen
1056 3231 2988 3487 zutragen und kein Mensch erfährt davon.
1626 3420 4011 3630 Am Tor reichte Otto dem Bruder nochmals die Hand,
1048 3651 4112 3848 bat ihn pünktlich zu sein, dann stieg er in den Wagen, nahm eilig
1048 3768 4116 4015 eine Zeitung vor und war scheinbar schon tief ins Lesen versun-
1031 3982 4133 4212 ken, als der Wagen sich in Bewegung setzte. Robert bedachte, dass
1039 4162 4170 4413 ihm jedenfalls die Zeit bis Abend acht Uhr gesehenkt war. Bis da-
1023 4367 4145 4577 hin drohte keinerlei Gefahr, und so konnte alles in Ruhe überlegt
2611 4472 2980 4581 tfertigt
1014 4493 4166 4753 und vorbereitet werden. Vorerst begab er sich ins Amt, wo er sieh
1006 4652 4128 4925 zeigen wollte, um keinerlei Verdacht zu erregen. Am Schreibtisch
998 4812 4170 5122 merkte er mit Verwunderung, dass die Arbeit sein Interesse so sehr
