4728 5668
3889 328 4098 490 120
2841 324 3076 592 P7
3864 456 4090 660 bäßt:
626 464 839 686 11
1044 660 4094 963 aufgelauert, zweifellos. Du wirst fragen warum? Die Sache ist so
677 733 1014 1027 Meiner
711 869 4132 1206 einfach wie mögl ich. Eifersucht. Das kommt vort Nachträglich er-
686 1082 4068 1333 du nichwachte Eifersucht."-.Woraus schliesst du aber!-Ist denn auch
865 1261 4149 1512 Alberta hier?“ - Das - das weiss ich nicht. Ich glaube es nicht
707 1406 4051 1649 regen recht. Wahrscheinlich ist sie drüben geblieben. Vielleicht hat
716 1598 4047 1870 über sie längst umgebracht." - „Umgehracht?“ Sie starrte ihn an.
2731 1704 3825 1840 so was sich ja ereignen.
997 1781 4081 1981 Nr erwiderte sachlich. „Warum nicht? Das kann jangesehen, ohne
716 1866 912 2024 wäre
699 1943 3906 2168 dass es irgendwer erfährt oder auch nur vormutet. Uebrigens
3242 2062 3676 2181 annehmen,
997 2109 4081 2334 kommt das für uns nicht in Betracht. Wir wollen bekan, dass sie
711 2207 886 2352 ste
716 2266 4098 2560 lebt. Gewiss lebtete/ Hr lachte. „Für mich, und wie ich hoffen
1010 2484 3889 2675 möchte auch ein wenig für dich, ist nur wesentlich, dass er
1022 2590 3958 2897 da ist und es auf mich abgesehen hat. Heut Nacht bin ich ihm
1014 2765 3949 3029 entkommen, es ist mir gelungen ins Tor hineinzuschlüpfen, ohne
997 2939 4077 3208 dass er mich bemerkt hat. Die halbe Nacht ist er nach unten hin
1461 3165 2079 3302 Burgert -
1022 3148 3953 3408 und her xxx, vielleicht noch länger, ich weiss nicht, denn
1227 3353 1955 3480 he endb.
1014 3331 4073 3651 ich habemich schlafen gelegt." - „Und heute Morgens?“ -.War er
3796 3451 4068 3587 chen.
2952 3451 3681 3664 endlich zu Rath
1580 3510 2134 3651 Sorlin
3813 3553 4056 3736 J. F. R.
993 3544 3382 3762 nicht zu sehen. So ein Mensch muss sich doch
3212 3638 3791 3766 within the Revd.
1713 3689 2543 3821 sdap; it has
1010 3723 4026 3996 Und er denkt sich, ich kann ihm doch nicht entgeben. Aber darin
1031 3889 1457 4004 ten Stund
997 3877 3949 4158 soll er sich irren. Ich reise ab. Und du begleitest mich.“Br
993 4085 4107 4307 fasste sie ins Auge, sie nichts nur. „Von der Reise aus leite ich
997 4243 4030 4482 alles Weiters ein. Das wird nicht sonderlich schwer sein. Aber
971 4409 3949 4614 auf ein paar Tage oder Wochen will ich von hier verschwinden.
971 4558 3894 4801 denn es wäre doch lächerlich sich einem Irreinnigen einfach
980 4716 3885 4971 auszuliefern. Oder hültst du das etwa für Feigheit?“ - „Was
967 4865 4239 5214 füllt dir ein." - „Und du musst mit, Paula, du musste mit mir keinen
