4776 5828
3901 601 4081 790 24
1022 742 4041 1134 linken Gesichtshülfte und“ - er wagte sich immer weiter vor-
1034 1066 4189 1343 das linke Auge konnte ich kaum öffnen." zugleich, da er den Blick
1006 1255 4041 1531 Leinbachs doch mit einer gewissen ärztlichen Schärfe auf sich
1026 1447 4137 1668 gerichtet sah, riss er beide Augen weit auf, um sich ja nicht zu
3504 1616 4193 1780 ndw auf der
2558 1624 3127 1780 dings ein, das
1034 1628 1503 1880 verraten.
1591 1768 4189 1992 „Unsinn“, sagte Leinbach. Eine Seite ist immer schwä-
1022 1964 4077 2181 cher als die andere. Du weisst doch selbst, dass die sogenannte
1014 2101 4237 2357 Summetrie der beiden Körperhülften nur eine Fabel ist. Uebrigens +
1018 2321 4197 2550 wo bist du nur zuletzt gewesen? Ach ja, am Meer,-im Süden. Das war
1018 2477 4041 2742 vielleicht nicht das Richtige, besonders als Abschluss. Ich an
1018 2678 4213 2906 deiner Stelle wurde doch, bevor ich mein Amt antrete, noch ein paar
1006 2854 2393 3211 Tage Gebirgsluft schnappen.“
1587 3075 2237 3275 Du glaubst?
1595 3179 4005 3427 „Nicht etwa, dass ich es für notwendig hielte. Gar
1006 3363 4109 3652 keine Idee. Aber wenn man's tun kann! Von mir aus magst du
994 3572 2554 3784 natürlich auch in Wien bleiben!"
1555 3684 4109 3945 Wilhelm Kahnberg trat an den Tisch und begrüsste den
994 3884 4149 4197 Sektionsrat mit einer Herzlichkeit, deren Grund sich Robert nicht
986 4093 3989 4313 recht zu erklären vermochte. Er hatte mit dem jungen Dichter,
998 4281 4037 4478 dessen Lyrik ihm nehelhaft und verstiegen vorkam, immer nur ganz
998 4470 3993 4674 oberflächlich verkehrt; überdies fand er sein Aenseres etwas
990 4610 4073 4883 vernachlässigt, was ihn auch angenehmere Leute völlig verleiden
986 4786 4161 5023 konnte, Doch Kahnberg behandelte ihn wie einen mit Sehnsucht xxx
994 4999 1515 5127 erwarteten
1010 4975 4149 5219 xxx Freund, zog ihn mit sich an einen Nebentisch und erzähl-
994 5171 4213 5412 te ihn die Fortsetzung eines intimen Erlebnisses, von dessen Beginn
