4808 5892
2516 700 3982 929 opf nach der Seite und liess
979 733 2470 983 raschen Bewegung warf sie den
1370 916 2466 1037 schuldigen, hielt er es
2516 904 3786 1075 für angezeigt Paula mitzute.
3840 862 4215 1050 an, dass
995 987 2457 1208 Gespräch harmlos weiter gehen.
1928 1041 4198 1183 schen von ernstlichen Sorgen um den Gesundheits-
1566 1108 1812 1204 nigen
1895 1141 4173 1366 ts träumte Robert von der armen Klavierlehrerin,
1662 1166 1908 1312 Nacht
2228 1266 2870 1362 equalt werde,
1670 1283 1912 1370 des Brz
975 1337 4194 1508 mit der er seinen letzten Wiener Abend verbracht hatte. Er schritt
2116 1445 2303 1533 auch
983 1499 4169 1733 mit ihr denselben Waldespfad einher, den er in jener Abschiedsstun-
983 1683 4032 1908 de mit Alberta gegangen war. Sie hielt die Hände in den Taschen
3940 1749 4136 1874 sein
3365 1774 3578 1878 Uht.
2599 1803 2845 1883 chyer
966 1837 4173 2070 ihres langen Regenmantels und sprach immerfort sehr rasch,ohne ihn
2066 1974 2270 2062 eilc
970 1983 4198 2224 anzusehen, völlig unverständliche Worte ins Leere. Robert aber wuss-
3690 2124 3965 2245 wenig:
962 2170 4090 2412 te, dass dies eigentlich keinen Spaziergang zu bedeuten hatte, son-
958 2370 4198 2636 dern sein eigenes, künftiges, zur Neige gehendes Leben; - was ihn mit
962 2557 4107 2757 einer halb lächerlichen, half ärgerlichen Rührung erfüllte. Als er
958 2716 4073 2945 erwachte, verspürte er in seinem Herzen eine unbestimmte Zärtlich-
3853 2845 4023 2920 züh
929 2895 4107 3115 keit und kam erst allmählich darauf, dass sie der armen Klavierleh-
925 3115 3986 3295 rerin galt. Er hätte darüber weinen mögen, dass sie ein so armes
3494 3149 4111 3290 aufgefordert
920 3257 4078 3449 und verlassenes Ding war, aber dass es eigentlich nicht ihr Schick
920 3440 4107 3636 sal, sondern sein eigenes Leben war, sein künftiges, zur Neige gehen-
908 3590 4157 3807 des, verlorenes, das ihn so traurig stimmte,das war ihm entschwunden.
891 3748 4140 4007 Er erhob sich, sah zum Fenster hinaus, die Scheiben nach einem leich-
891 3957 3869 4161 ten Nachtfrost waren angelaufen, und der Himmel wundersam klar
891 4148 4132 4348 Er hatte mit den Damen verabredet, dass sie ihn der früher aufzubre-
883 4336 4107 4532 chen gedachte, auf einer der neu angelegten herrlichen Bergstrassen
879 4523 4140 4736 im Wagen einholen sollten. In einer lang nicht erlebten, beinahe be-
808 4636 4153 4940 glückten Stimmung, unter hellen kühlen Himmel kräftig wie nach einem
866 4881 3886 5098 fernen Ziele ausschreitend,wanderte er die langsam ansteigende
2203 4977 2507 5073 Cher Uhr
854 5056 3982 5235 Strasse vorwärts, Früher als er vermutet hörte er das Rollen der
