4792 5652
3913 396 4126 613 93
800 604 4048 856 hatte, es war ihm, Robert, keineswegs verwehrt, das Gleiche zu tun, ja,
2295 752 3435 870 errellem eine blos zu Cler¬
826 804 4004 1030 es war seine Pflicht und Schuldigkeit, sogar. Er dachte vor allem
1739 952 2248 1065 Wurde auch
817 991 3978 1183 an Doktor Leinbach. oder auch dessen ärztliche Gediegenheit,viel-
804 1174 3982 1374 leicht auch die Schärfe seines Verstandes einigermassen fraglich,
1065 1187 1309 1287 sogan
2743 1296 3261 1404 eupt weg
813 1326 3839 1539 von D manchen Fachleuten einigermassen in Rüge gezogen, er war
800 1513 3934 1713 Kobert doch von Jugehd auf verbunden,war ihm Freund, liebte ihn
800 1643 4217 1909 in seiner Weise. Und gerade, dass er nicht beruflich begrenzt und
1613 1826 2213 1948 in Spezialer
800 1778 4091 2078 ferne davon war xxx zu sein, machte ihn in diesem Falle zum
800 2026 4069 2217 unbestechlichsten-Richter. Er, besser als jeder Andere, würde die Ei-
783 2182 3974 2430 gentümlichkeit und Schwierigkeit von Roberte Lage zu erfassen im-
2643 2295 3126 2435 seend
800 2348 3978 2561 stande und am ehesten bereit sein ihm zur Seite zu stehen. Es war
3126 2478 3287 2574 man
804 2509 4126 2730 ja nicht notwendig ihm sofort alles zu sagen, und
3513 2626 3878 2748 she
1482 2674 2178 2795 nicht weiter &
787 2643 3969 2922 mirste anfangs mir so weit gehen, als er dringend geboten war. So
783 2700 1117 2813 havent
778 2848 3930 3104 nahm sich Robert denn vor schon am nächsten Tag mit Leinbach zu
787 3035 3961 3248 reden,sonst aber keinem Menschen, nicht einmal Paula, in,
783 3161 4091 3421 heimnis zu ziehen. / Dieser Vorsatz beruhigte ihn so sehr, dass er sei-
770 3378 3978 3565 nem Spiegelbild zulächelte und dieses wieder ihm, was ihm trotz
778 3556 3956 3735 aller Selbstverständlichkeit wohl-tat. Er verbrachte den Rest der
752 3656 4091 3930 Nacht in gutem Schlaf, fühlte sich am nächsten Morgen nahezu frisch,
765 3817 4104 4078 versah seine Amtsgeschäfte wie gewöhnlich, ja mit gesteigerter-Freu-
3613 3891 4243 4061 und al
756 4034 3908 4213 digkeit, die seiner Stimmung noch weiter zugute kam unterste er am
3561 4074 3952 4200 1 M
778 4139 3943 4365 späten Nachmittag zu seiner Verlebten ins Zimmer trat wäre dieser
3626 4256 3978 4343 Ihn
2413 4287 2787 4400 nichts
770 4269 4021 4495 auch dann nicht an seinem Wesen eine ungünstige Veränderung aufge-
1091 4482 1522 4587 Gravis
752 4465 4000 4678 fallen, wenn alle nicht ohneder durch Nachrichten abgelenkt gewesen
748 4674 2908 4830 wäre, die eben vom väter erbgetroffen waren.
1882 4765 2252 4895 ube de
856 4808 4100 5108 wer in nicht durch wichtig Nachrichten
596 4960 4095 5352 abgeleubt gewesen wäre.
