4776 5636
2517 287 2735 441 11 „
3888 291 4058 437 79
1194 328 1372 469 G. P.
3868 421 4131 562 et
1088 599 4022 805 diskreten Art, die Robert verabscheute,
1080 704 4107 882 neten, wurde das Einverständnis zwischen ihr und ihm über allen
1752 793 4006 955 am, war ich so nahe daran mit allem, mit ihr und
1068 878 4127 1060 Zweifel hinaus klar, und als er sich xxxx
2274 975 4168 1109 an, dass ich kaum weiss, was mich schliess
1064 1064 4042 1218 schiedete, sagte Paulas Händedruck noch deutlicher als es ihre
1865 1149 4204 1307 alten hat. Es sind Abgründe in uns, Herr Sektions-
1064 1250 3553 1473 Worte ausgesprochen hatten: Kommen Sie bald wieder.
2209 1372 2399 1469 f.
1809 1376 2092 1493 mir
1529 1420 4010 1562 Wie ist es nur zu verstehen, fragte er sich auf der
1610 1513 3702 1667 Darin bin ich kein Fachmann", erwiderte Roben
1056 1594 4107 1764 Strasse, dass ich ihrer in den letzten Tagen mit solcher Gleich-
3573 1683 3751 1780 mir
1906 1699 3387 1833 weiss nicht recht, warum Sie ger
1558 1736 1845 1837 und ich
1052 1776 4030 2007 gültigkeit gedacht habe, ja, dass sie neulich wie in einer Ver-
2711 1877 3136 1995 verweihen
1044 1922 4014 2108 kleidung durch meine Gedanken schwebte und ich diesem Masken-
3298 2031 3905 2153 wie
2982 2051 3201 2165 tion
1934 2068 2161 2169 aan
1040 2112 4038 2294 bild geradezu feindselig gegenüberstand? Es war offenbar eine
3290 2209 3876 2323 Mansch sind,
2832 2221 3075 2331 steht
1052 2290 4119 2456 unbewusste Scheu, ja eine Angst xxxx, mich ihr wieder zu nähem
2582 2383 3880 2505 noch)
1983 2432 2165 2549 und
1060 2448 1910 2582 denn mir
1052 2424 4155 2687 tief in schlimmert offenbar die Furcht, dass es ihr
2974 2582 3346 2691 erfüllen
2319 2594 2836 2707 mit Schaude
2043 2602 2274 2711 icht
1242 2630 1618 2747 was Ande
1028 2598 4071 2828 als meiner Geliebten, als meiner Frau ebenso ergehen könnte wie
2157 2743 4058 2869 Und nicht ein gleich mieder zurück.
1784 2800 1954 2901 ist
1052 2828 4071 2990 dux Anderen, die ich geliebt habe. Wie Andern?) Wie ist es ihnen
2921 2921 3872 3051 Seels herrschen höch
2569 2942 2812 3067 meine
2011 2958 2391 3071 gründen.
1028 2990 4107 3188 denn ergangen? Ich habe ihnen ja nichts zu Leide getan; darüber
1028 3140 4289 3391 besteht doch sicht der geringste Zweifel mehr. Und doch laufen
3002 3286 3164 3403 1do
2557 3302 2776 3415 dicht
1728 3302 2173 3427 zweifel.
1024 3354 3965 3545 meine Gedanken immer aufs Neue nach dieser Richtung hin, ohne
1024 3496 4107 3731 Sinn und Zweck, wie auf ein totes Geleise. Auf ei totes Geleis,
2112 3621 4058 3771 Vngleitigter Robert
1016 3723 3909 3937 wiederholte er. Ja, das ist es. Und das Vent, dass er gefunden
2974 3812 3945 3921 am auf der Reise Ihn
2217 3848 2395 3945 oh
2921 3888 3508 4022 Übrigens all
1012 3929 2836 4050 hatte, beruhigte ihn wieder ben. he,
2634 3977 3941 4103 mit einer schwichelhaften
1428 4042 1614 4151 Dank
1493 4034 4095 4301 Im Kaffeehaus hatte Kahnberg ihn mit einiger Ungeduld
1971 4208 2132 4309 weis
1161 4208 1384 4325 B.
1003 4253 4058 4410 erwartet. Der Dichter, der ihn neuerdings zum Vertrauten seiner
3273 4350 3439 4447 sargt
3787 4317 4119 4439 sprach
1262 4366 2974 4499 tören machen. Verstehen Sie mich, Herr
991 4431 4115 4592 Liebesschmerzen erwählt, zog ihn in eine stille Ecke und
1129 4528 3642 4677 von den, Ich höre mit wachsendem Brstaunen zu Herr Se
991 4605 3909 4839 Eifersuchtsqualen xxx, die sein Herz durchtobten.
999 4734 4006 4949 Er stehe für nichts mehr ein, behauptete er, er wie se nicht, wie
3852 4868 4071 4981 einen
1465 4888 3743 5034 während sie schlafend an meiner Seite lag,
987 4957 4030 5195 die Sache enden würde. „Heute Nacht“, bemerkte er in seiner in-
