4744 5700
1170 611 3946 883 raten! Niemanden, Paula, niemanden.9 Er wollte hinzufügen,
2484 811 3638 1066 sich davor zurück.
1170 839 2512 1082 meinem Bruder nicht, doch er
1354 1006 2480 1146 aber er laße um. —
1166 1042 4146 1234 xxx.Also, wirst du dort sein" -7, Natürlich werde ich dort
1166 1206 4189 1418 sein." Sie stand vor ihm mit grossen Augen, totenblass und mit
1146 1366 4146 1601 einem verzerrten Lächeln. Aber er merkte nicht, dass ihre Züge
1142 1574 2780 1749 sich so seltsam verändert hatten.
1146 1733 1350 1925 mich
1617 1693 4078 1921 „Nun, so ist alles gut", sagte er. „Und nun will ich
1130 1929 4229 2093 fort, mein Geliebtes." - „Schon.fort? „wiederholte sie mit schwan-
1134 2069 4249 2276 kender Stimme. - „Ich habe doch noch allerlei zu besorgen",
2955 2229 3511 2340 Reiss in
1142 2260 1482 2392 meinte
1126 2296 4333 2516 ### er,, wenn es sich auch nur um ein paar Tage handelt, xxx also
1286 2456 1542 2544 musst
1110 2468 4014 2680 du xxxx mich entschuldigen.“ Er erhob sich, sie hielt seine
1098 2620 4150 2840 Hände gefasst. Soll ich dich nicht ein Stück Wegs begleiten?
1086 2800 4221 3035 Die Mutter kommt noch eine ganze  nicht nach - „Ich danke
1074 2979 4177 3199 dir, Liebste, bleib nur daheim und benütze die Zeit lieber deine
1082 3171 4098 3387 Sachen zusammenzurichten. Viel brauchstäu natürlich nicht mit-
1070 3347 4126 3538 zunehmen auf die Reise;auf die Hochzeitsreise", fügte er leise
1062 3530 4050 3710 hinzu, sie heftig an sich schliessend. Er fühlte sie in seinen
1046 3678 4161 3906 Armen ein wenig zittern und nahm es für bräutliche Erregung.
1046 3858 4209 4074 „Auf Wiedersehen“, sagte er dann, küsste ihre kühlen Lippen und
1022 4062 4201 4229 mit einem vergnügten Nicken, als wäre das Ganze ein Spass gewesen,
1026 4197 2664 4461 verliess er das xxx
1498 4377 4138 4581 Er eilte die Treppen hinunter in xxxx Angst,
998 4541 4173 4749 dass sie ihm nachrufen könnte; und auch auf der strasse schlug
1010 4721 3962 4928 er einen raschenen Schritt ein. Wird es wirklich nur auf Fer
747 4904 3766 5136 sein, fragte er sich. Ist es nicht lücherlich von xxx
4050 4868 4313 5224 6x
2252 5104 3946 5408 Halt ich es denn sei möglich
