4616 5908
3628 502 3796 735 45
751 731 3853 1147 die Berge ging, und Robert, der keinen Schlaf fand, sich im Dunkel
784 857 3881 1261 neuerdings die Einzelheiten seines Abschieds von Alberta ins Ge-
780 1041 3979 1449 dächtnis zurückzurufen suchte, Seine Unfähigkeit sich über den Zu-
780 1233 3857 1616 sammenhang der Ereignisse klar zu werden, quälte ihn immer mehr.
792 1424 3955 1788 Er erinnerte sich gewisser Auftritte aus der früheren Zeit seines
816 1596 4016 1971 Verhältnisses mit Alberta, in denen eifersüchtiger Zorn ihm beinahe
820 1763 3832 2159 die Sinne umnebelt und er sich nur mit Aufbietung aller Kräfte
824 1930 3983 2302 vor einem tätlichen Angriff zurückgehalten hatte. Da nun diesmal
812 2098 3938 2539 das, was seinem furchtbar aufsteigenden Groll tatsächlich gefolgt
841 2314 4028 2645 sein mochte, völlig aus seiner Erinnerung geschwunden war, so gab es
845 2424 4089 2828 durchaus keinen Beweis, dass er das, wozu Absicht und wunsch ihn mehr
2179 2649 3298 2824 imddre Geliebte ermordet
837 2636 4057 3008 als einmal gelackt, nicht endlich einen wirklich getan hatte. Dass
1416 2730 1812 2885 dringt
861 2816 4142 3179 im Hotel dem Verschwinden Albertens keine Bedeutung beigelegt worden
853 2975 4012 3416 war, liess sich ohne Schwierigkeit erklären. Er selbst hatte viel-
849 3183 4008 3567 leicht erzählt, dass sie vor ihm abgereist war, den Ort angegeben,
865 3347 4138 3734 wohin man ihr das Gepäck nach schicken sollte, und mit der Raffiniert
873 3481 4126 3873 heit eines geborenen Verbrechers noch andres dazu getan, um die Spu-
882 3681 4081 4061 ren seiner Tat bis zur Unmöglichkeit der Entdeckung zu verwischen.
3861 3796 4277 3922 anders
890 3857 4147 4240 All dies war denkbar, ja, mehr als das, wahrscheinlich. Denn wie sonst
2832 4024 3334 4171 or byress
877 4036 4061 4444 war die unfassbare Lücke seines Gedächtnisses, die sich von jener
890 4257 4122 4644 abendlichen Scheidestunde bis zu seiner Abreise am nächsten Morgen
902 4428 4102 4767 erstreckte, zu begreifen, als aus dem unbewussten, und bisher wohlge-
898 4579 4045 4967 glückten Bemühen das Ungeheure zu vergessen, dessen Erinnerung zu
910 4800 3049 5175 ertragen er nicht stark genug gewesen wäre?
1579 4853 4187 5306 Und plötzlich, mit stille stehendem Herzen, richtete er
