4904 5908
2981 505 3152 687 G.
2302 516 2938 745 1e Décembre
990 532 2259 768 1 a.u. p.p.s. (1.5.m.t)
1083 827 4060 1180 ihn starrten. Er gab den Blick so hart zurück, dass das junge
1079 1063 4068 1378 Mädchen wegsah und mit Beflessenheit durch den Strohhalm ihr
1095 1211 4211 1506 Eisgetränk weiterschlürfte. Robert aber sagte sich, dass er nicht
1091 1386 4180 1688 länger bleiben dürfe und rief nach dem Kellner. Ich werde nicht
3532 1490 3873 1611 dachte
1087 1560 4013 1809 so dumm sein und ihm zehn Gulden Trinkgeld geben,sagte er.
1106 1723 4188 1983 Indess war die ganze Rechnung schon von August Langer beglichen
1110 1882 4231 2162 worden. Robert bedankte sich mit humoristischer Uebertriebenheit
1110 2022 4184 2290 und empfahl sich. In den Teller auf dem Deckel des Pianinos leg
1118 2193 4083 2468 te er zu den schon gesammelten kleineren Münzen ein goldenes
1840 2255 2057 2364 dort
1098 2379 4087 2666 Zehnkronenstück. und ärgerte sich zugleich, wagte aber nicht es
1106 2569 4130 2814 wieder zurückzunehmen. Der Pianiet nichte zum Dank und immer-
1114 2729 4087 2996 fort weiterspielend, sagte er :“Herr Sektionsrat sind verreist
1129 2895 4091 3155 gewesen? Nun wird man aber hoffentlich wieder öfters das Ver-
1110 3031 4137 3295 gnügen haben.“ Wie nett doch die Leute mit mir sind, dachte Ro-
1126 3221 4095 3474 bert. Alle,Kahnberg,Langer,der Klavierspieler,sogar der Komi-
1110 3350 4102 3613 ker im Theater hat mir von der Bühne her zugenickt. Nur Lein-
1129 3489 4227 3773 bach ist und bleibt ein uneidlicher Narr.-Er hasste ihn in die-
1106 3811 1890 4002 sem Augenblick.
1650 3885 4141 4099 Die Strassen waren beinahe menschenleer. Von einer
2763 4009 3140 4134 de lui en
1118 4075 4192 4316 urmuhr schlug es zwei. Ein Glück, dass man noch keine Amtsstun-
1126 4238 4180 4440 den einzuhalten hatte und sich morgen wird ausschlafen können.
1106 4405 4153 4626 Er ging rasch und sicher, trällerte vor sich hin, endlich begann
1118 4572 4029 4786 er sogar zu singen mit einer schönen dunklen Stimme, die ihm
1118 4720 4141 4941 selber fremd vorkam. Vielleicht ist es gar nicht meine Stimme,
1126 4821 4071 5108 dachte er,vielleicht bin ich es überhaupt gar nicht selber?
1118 5030 4207 5310 Vielleicht träume ich? Vielleleicht ist eemein letzter Traum, den
1219 5216 4289 5399 ich träume, der Traum auf dem Sterbebett. Er erinnerte sich eines
2426 5294 4250 5407 Jahren in grösserer Gesellschaft ganz
1126 5298 2375 5469 Einfalls, den Leinbach vor
1122 5364 4141 5597 ernsthaft, ja mit einer gewissen Wichtigkeit vorgebracht hatte.
