4728 5716
3227 329 4058 649 Wicht besser
813 337 3184 718 und er wüßt, dafürnt auf eine
3902 818 4171 921 Votre B.
1194 740 4218 1021 Landstrassen und Dächer bald in einen linden, herzberuhigenden
3669 978 4279 1112 seiner Nerven
1194 1012 4218 1168 Weiss schimmerten. Robert hatte die feste Absicht, im Lanta der
1185 1164 4158 1371 nächsten Stunden nicht nachzusenken. Er hatte sich Zeitungen
826 1151 1086 1493 of
1839 1337 3015 1471 Die in seiner Cottel
1185 1341 4209 1562 gekauft versenkte sich in Nachrichten aus Nah und Fern, die ihm
597 1272 1099 1696 Esq.
2925 1523 3928 1627 er allmählig über ihn
1177 1536 3984 1800 Annschauß so gleichguttes waren, dass xxx
2851 1705 3556 1921 erwissen. Br. M.
1164 1718 2868 1921 Kahkuysk, kasskaan, ernsönte
3448 1839 3920 1994 mit seinen
662 1886 4140 2081 Als er wieder zu sich kam, glitt der Zug sehen durch
3716 2068 4023 2163 A.F.K.W.
1138 2042 4088 2250 ein enges Felsental. Der Flookenfall hatte aufgehört und von
1146 2237 4088 2483 dem starren Sehnee, der auf den sanfteren Hängen und über dem
684 2202 1138 2570 bezwischen
3137 2405 3543 2527 Abend/
3829 2392 4110 2514 Robert
1133 2405 4127 2596 Nadelholz liegen geblieben war, zeigte ### sich wunderbar
3920 2570 4153 2682 Monsieur les
1120 2561 4235 2782 erhellt. Bald traten die Felsen so eng zusammen, dass das Brausan
3833 2751 4010 2864 Votre
1120 2734 4023 2959 der Ache aus der Tiefe vielfach verstärkt heraufdrang. Dort,
3712 2920 4015 3046 der
1103 2916 4158 3154 wo die Berge zurücktraten, war der ausgestirnt, blaue Winterhim-
3695 3106 4209 3245 zu verstorben
1103 3119 4119 3292 mel weitgespannt zu erschauen. Als der Zug xxxxauk ein paar
1575 3266 2055 3366 eine stelen
3811 3284 4123 3396 und
1099 3292 4179 3483 Minuten hielt, öffnete Robert das Fenster. Die Luft war kalt, doch
3993 3470 4183 3578 rend.
1099 3474 4179 3703 erfrischend, die Stille tröstlich und gut. Die Seltsam-
1077 3643 4149 3842 keit seiner Reise kam Robert xxx zu Bewusstsein. Ob es am
1060 3820 4084 4019 Ende wirklich nur eine Reise war? Ob das, was er als Flucht ge-
1051 4002 4097 4166 plant und unternommen, nicht ### bestimmt sein konnte, als Ver-
3098 4162 3292 4266 regte
1034 4201 4058 4391 antigungsfahrt zu enden? Ein letztes Mal, xxx sich die Hoff-
1025 4326 3595 4586 nung in ihm xxx, dass er sich an Ende doch getauscht
3621 4370 4434 4564 hätte.
4010 4517 4348 4716 ment
1025 4508 3543 4737 dass sein Bruder xxx nicht wahnsinnig war.
1406 4681 2341 4819 e Lage kommen könnte
1021 4690 3561 4932 er selbst Paula gegenüber seine Geschichte von dem Au-
3690 4681 4188 4915 In nexx
1575 4854 1821 4971 wircher
1025 4902 3837 5114 als ein xxx ausgehen xxx zu dem Zweck erdacht, um
1004 5083 3933 5339 Geliebten die zustimmung zu der vorzeitigen Hochzeitsreise zu
