4760 5832
3844 568 4126 903 se
1060 754 4246 1123 Ein leiser Regen setzte ein und sie machten sich auf den Rückweg.
1077 1094 4279 1305 Im Walde kam ihnen die Mutter entgegen und man sprach von der wun-
1081 1205 4304 1450 derbaren Insel, wo man viele Wochen lang so nachbarlich gewohnt und
1060 1404 4200 1649 sich gar nicht umeinander gekümmert hatte. „Im Gebirge“,seherste
1065 1566 3020 1798 Paula, "kommen Sie nicht so leicht davon."
1392 1744 4196 1943 Beim Mittagessen kam das Gespräch auf allerlei gemeinsame
1077 1901 4047 2096 Bekannte aus früherer Zeit. Die Bemerkungen Paulas erschienen
1056 2059 4072 2287 Robert zuweilen etwas scharf, aber immer treffend. Im weiteren
1069 2196 4114 2436 Verlauf der Unterhaltung fügte es sich, dass Robert von den ner-
1081 2440 4043 2593 vösen Verstimmungen sprach, die der Anlass seiner Urlaubereise
1065 2543 4035 2784 gewesen, nun aber so gut wie völlig geschwunden seien. Ihm war
1052 2726 4130 2966 als wüsste Paula mehr zu erraten, als er zu ersählen für richtig
1044 2900 4155 3128 hielt. Doch er dachte: Ihr dürfte ich auch Verbrechen eingeste-
1023 3094 2771 3293 hen, wenn ich welche begangen hätte.
1007 3264 4213 3467 Während seines einsamen Nachmittagsspaziergang spielte er
1031 3347 4292 3637 mit der Frage,ob er es wagen dürfte um Paula anzuhalten. Sie gefiel
1011 3571 4155 3790 ihm besonders gut. Dass sie nicht mehr allzu jung war,vielleicht
1027 3745 4163 3993 sehon dreissig, und auch, dass sie aller Wahrscheinlichkeit nach
1027 3882 4147 4159 ###n ein ernsteres Herzenserlebnis hinter sich hatte, empfand er
1015 4072 4192 4316 als weitere Vorzüge ihrer Person. Am Abend sassen sie lang in der
998 4200 4159 4445 Halle susammen; sie plauderten xxxmen wie alte Freunde,so dass
1023 4366 4213 4627 sie einander endlich mit Verwunderung fragten, warum sie an Meeres-
1011 4619 4180 4793 strand wie Fremde, ja xxxx wie sie sich gegenseitig gestanden, an-
986 4785 4246 4992 fangs sogar mit einer Art von Antipathie aneinander vorbeigegangen
965 4930 4296 5203 waren. „wir haben viel nachzuholen", sagte Robert und er fügte hinzu:
1023 5104 4258 5298 "in den paar Tagen hier heroben,“-Bie sah eine Weile vor sich hin,
998 5261 2614 5476 plötzlich mit einer ihr eigenen
