4808 5828
942 755 4187 1072 ihn starrten. Er gab den Blick so hart zurück, dass das junge Mäd-
958 902 4082 1255 chen wegsah, und mit Beflissenheit durch den Strohhaln ihr Bisge-
963 1145 4017 1405 tränk weiterschlürfte. Robert aber wusste, dass er nicht länger
3891 1186 4256 1397 bikeli-
963 1356 4025 1568 bleiben durfte. Er rief nach dem Kellner. Ich werde ihm keines-
3716 1373 4240 1535 an sich re¬
971 1486 4098 1763 wegs zehn Gulden Trinkgeld geben, dachte er. Die Rechnung war in-
3866 1572 4240 1694 geführt
971 1669 4195 1929 dessen von August Langer schon begliehen worden. Robert dankte mit
3895 1750 4155 1913 s Gei-
958 1872 4086 2116 humoristischer Uebertriebenheit, dann empfahl er sich von der Ge-
3728 1901 4252 2096 mitgewirkt?
975 2039 4090 2274 sellschaft. In den Teller auf den Deckel des Pianinos, der einige
3761 2124 4069 2222 sental
967 2213 4049 2453 kleinere und grössere Silbermünzen enthielt, legte er ein golde-
3818 2254 4187 2368 t i e t i o a
958 2368 4041 2628 nes Zehnkronenstück. Der Pianist nickte zum Dank und während er
3923 2457 4203 2583 vieren
967 2563 4086 2823 immer weiterspielte, sagte or: Herr Sektionsrat sind verreist ge-
963 2758 4000 2985 wesen. Nun wird man aber/heffentlich wieder öfters das Vergnü-
963 2936 4098 3180 gen haben". - Wie nett doch die Leute mit mir sind, dachte Robert,
963 3062 4013 3367 alle,- Kahnberg,Langer, der Klavierspieler, sogar der Komiker im
3688 3184 4029 3351 Lsenvor-
975 3330 4000 3533 Theater... Nur Leinbach ist ein Narr...
1555 3468 3992 3679 Die Strassen waren beinahe menschenleer. Von einer
954 3513 1405 3712 Wissen,
3769 3594 4151 3753 gen noch
967 3663 3655 3870 Thurmuhr schlug es Zwei. Ein Glück, dass man sich auch in
3773 3712 3980 3838 iter
954 3761 4098 4065 ausschlafen konnte. Er ging rasch, sicher, trällerte vor sich hin,
3688 3895 4008 3992 skau mi
3692 3960 4094 4114 die ihm
971 4033 3704 4240 endlich sang er sogar mit einer schönen dunklen Stimme,
3692 4057 3895 4147 the Re-
954 4147 4102 4402 fremd vorkam. Nun ja, dachte er, vielleicht ist es gar nicht meine
954 4309 4017 4630 Stimme, vielleicht bin ich es gar nicht selber viel leicht träum
3667 4459 3948 4638 auf dem
975 4463 3688 4760 ich,-vielleicht ist es mein letzter Traum, oder Traum auf
3663 4577 3960 4723 hohlie
954 4719 4033 5016 Sterbebett. Er erinnerte sich eines Einfalles, den Leinbach vor
938 4813 3907 5137 vielen Jahren in grösserer Gesellschaft, auch Otto war dabei
950 5056 4212 5361 wesen, ganz ernsthaft, ja mit einer gewissen Fichtigkeit, vorgebracht
1044 5097 1271 5215 amzur
