4792 5652
1665 292 1838 458 1"
1901 288 2158 481 „    „
2517 245 2694 533 1.° 1
3913 316 4075 477 87
3902 442 4115 584 xx
1030 580 4205 836 wohl verstanden. Du hast also auch davon reden gehört?
1633 584 2367 734 Wie umfasste mit
1511 757 4083 1085 „Wie sollt ich nicht? Die Geschichte war ja fast be-
1109 801 1424 955 recht.
2454 915 4075 1140 Vielleicht, weil ich nicht mussete,
1365 986 1590 1132 wurde
1018 1069 1349 1199 rtihmt.
3550 1057 4075 1243 wie du frü-
1503 1132 3543 1365 „War sie das?“ Sie lächelte vor sich hin.
1491 1298 4146 1535 „Wie lang ist's her, dass er tot ist?“ fragte er leise.
1503 1487 2947 1724 „Sieben Jahre“, erwiderte sie.
1503 1696 2592 1874 „Du hast ihn geliebt?"
1503 1819 4032 2047 „Er hat mirviel bedeutet. Aber geliebt habe ich ihn
1006 2044 4134 2296 nicht. Geliebt hab ich einen Andern. Davon haben die Leute frei-
1010 2201 4071 2426 lich nicht gesprochen, es wäre auch nicht besonders interessant
1014 2343 4099 2592 gewesen. Der andere war nämlich ein ganz unberühmter junger Ad-
1006 2509 4166 2789 vokat. Vielleicht hast du ihn gekannt." Und sie nannte den Namen
3436 2679 3622 2777 Wicht,
1006 2698 4028 2947 eines jungen Mannes, dem Robert zuweilen ich Gesell-
998 2868 4119 3124 schaft begegnet war.
982 3180 1941 3306 aksetennen kattxxx
2967 3184 4091 3369 bemerkte er beiläufig.
1464 3180 3578 3456 „Ein ganz hübscher Mensch,
3799 3345 4166 3495 andere:
1468 3393 4197 3645 „Ja, das war er wohl - und zwanzig Jahre junger. als der
1507 3562 3909 3838 „Und wie komnt's, dass auch daraus nichts geworden
3578 3732 3898 3945 Angest.
2552 3748 3381 3973 gehen, nichts von
990 3807 1266 4016 ist?"
1456 3909 3992 4162 „Ich weiss selber nichtrecht. Wahrscheinlich lag es
2971 4091 4036 4276 gleicher seit wollten
970 4115 3558 4359 daran, dass diese beide Geschichten zum selben Zeit ge¬
935 4268 4099 4584 hen. Und so hat sich meine Seele bald dem Einen, bald dem Andern
3113 4442 4087 4663 aufsteigen, eine ganz
2328 4482 2619 4612 Angs
1400 4509 1724 4620 It's or
959 4588 1531 4742 zugeneigt."
1621 4588 2055 4714 wieder die
1207 4608 2182 4801 und doch xxxxx
1452 4624 4217 4868 „Deine Seele...“ wiederholte er leise und nahm
1471 4821 3799 5034 Was hatte der Brief denn heute noch zu bedeuten
959 4852 1471 5125 ihre Hand.
