5000 5908
3956 546 4154 736 33
4276 615 4607 837 11 /1
1141 732 4203 967 genug. Es geht ohnehin nicht recht.“ Und da sie eine Einwendung
1137 866 4251 1100 erhob, fuhr er fort: „Auch ist es höchste Zeit, dass ich mich wie-
3082 1052 3471 1177 neunly
1137 1056 4085 1298 der auf die Wanderschaft mache. Ich bin auf Wohnungssuche." -
1137 1218 4195 1476 „Ob du nicht lieber noch eine Weile warten solltest?“ sagte Ma-
1141 1444 4276 1630 rianne. „Da du schon einmal im Hotel abgestiegen bist... Es könn-
1125 1565 4280 1816 te sich ja doch fügen, dass du bald eine geräumigere Wohnung benö-
1137 1824 4320 2055 tigst". Robert, solcher Anspielungen von Mariannens Seite nicht un-
1100 1942 4106 2168 gewohnt, schüttelte den Kopf: „Zu der was du meinst, ist es nun
1116 2148 4174 2326 doch allmählich zu spät geworden".- „Warum?“ erwiderte sie leb-
1112 2289 4356 2516 haft. „Es kommt ja doch noch. Eines schönen Tages wirst du uns
1036 2492 2261 2625 Hetstauzeige
1096 2439 4267 2690 überraschen".- Denkt sie an eine bestimmte Person,fragte er sich.
1100 2670 4061 2912 An Fräulein Kestner am Ende—? Ich habe doch kaum drei Mal mit
3111 2783 4445 2941 hier nalmibt sein.
1100 2896 4227 3090 ihr gesprochen. Sollte man trotzdem schon bisher berichtet haben?
1076 2985 4231 3240 Dann fiel ihm ein, dass an verschiedenen Orten der Schweiz Bekann-
1092 3187 4154 3414 te ihn mit Alberta gesehen hatten, zu der seine Beziehungen auch
1076 3357 4174 3560 für Bruder und Schwägerin kein Geheimnis gewesen waren. Marianne
1076 3523 4110 3754 hatte sich sogar manchmalf, wenn sie ihn mit seiner Geliebten im
1076 3697 4037 3940 Theater oder sonst irgendwo gesehen hatte, anerkennend und mit
1052 3875 4057 4138 kaum verhehlter Bewunderung über deren guten und diskreten Ge-
1056 4041 4150 4361 schmack geäussert. Da man es längst aufgegeben hatte, Robert mit
3353 4223 3572 4340 des
1048 4223 4158 4478 bürgerlichem Masse zu messen, und er zu Beginn xxx Verhältnis-
1052 4433 4231 4640 ses mit Alberta seiner Umgebung ruhiger, ja man durfte wohl sagan,
1027 4603 4069 4830 glücklicher erschienen sein mochte, als in den Jahren vorher, so
1036 4761 4017 5004 zweifelte er nicht daran, dass die Familie sagen eine eheliche
1027 4967 4069 5254 Verbindung mit Alberta nicht ungern gesehen hätte. Dass er die
