4776 5876
3992 525 4366 836 e8
2694 776 3029 935 ndeber
3077 888 3638 1011 entrückt; al
2627 907 3013 1011 Gegendwie
1130 828 4278 1126 Mit den Knaben trieb er allerhand Kurzweil, nahm den kleineren auf
3025 1063 3582 1174 chte, erschie
1118 1118 4263 1317 den Schoss und hatte dabei das Gefühl einer Vorbedeutung, ja eines
1110 1258 4175 1489 heiter-trostreichen Zukunftsbildes. Otto kam aus seiner Ordina-
3351 1405 3996 1512 denen der arme
3073 1417 3268 1536 eine
1098 1457 4227 1656 tion, bewillkommte den Bruder herzlich und forderte ihn auf,falls
1118 1576 4167 1811 er nichts Besseres vor habe, ihn nach Hietzing zu begleiten. Ro-
1106 1759 4175 2002 bert nahm an, und ein paar Minuten darauf rollte der Wagen durch
3634 1934 3817 2058 lten
1106 1954 3403 2197 die abendlichen Strassen der Gartenvorstadt zu.
3049 2034 4064 2229 rauchte und besonders,
1668 2181 4163 2356 Robert berichtete mit einiger Beflissenheit von den
3073 2285 3598 2408 in Amt
1083 2356 4231 2579 guten Aussichten in seinam Amt, die sich für ihn eröffneten; dann
1094 2491 4060 2738 sprach er von seinem Semmeringer Aufenthalt und konnte hiebei
1075 2643 4263 2933 wohl nicht vermeiden seiner Begegnung mit den Damen Kostner Erwäh-
1059 2814 4179 3096 nung zu tun. Otto brachte ihnen keine sonderliche Sympathie ent-
1075 3017 4107 3248 gegen. Seiner Auffassung nach waren sie nicht ganz ohne Schuld
1079 3164 4167 3447 an dem schlimmen Verlauf, den die Angelegenheiten des Anwalts im
1063 3359 4171 3618 Laufe der letzten Zeit genommen hätten, wie je überhaupt eine un-
1051 3538 4068 3769 glückliche Häusliokkeit häufig genug nicht nur den seelischen,
1071 3713 4060 3964 sondern auch den materiellen Niedergang begabter und tätigen
1051 3888 4175 4155 Männer herbeifühne. Und es sei nicht zu verwundern, dass die Toch-
1059 4095 4115 4314 ter, trotz ihrer Andut, die nun allerdings schon einigermassen im
1047 4251 3081 4505 Verblühen sei, keinen Mann gefunden habe.
1361 4322 4155 4673 Der Wagen hielt vor einem Gartentor. Ein Diener öff-
1023 4601 4171 4856 nete, Otto trat ein, und Robert wandelte in der stillen Gasse zwi-
2575 4812 2778 4911 or the
1035 4844 4167 5055 schen fast entlaubten Gärten langs am auf und ab. So sehr er sich
1023 4947 4231 5230 dagegen wehren wollte, die Bemerkungen Ottos über die Familie Kem-
1019 5130 4147 5405 ner wirkten in ihm nach. Paula gestern noch der Inbegriff seiner
