4840 5652
4091 336 4340 502 102
1150 474 4253 739 aus einzugleichen im Begriffe & a.
1051 660 4225 822 buch in das er sich eben Notizen gemacht hatte auf. Robert las
2881 747 4071 866 befinden dürftest, das ich
1621 787 1838 893 den 31
1209 870 4111 1063 in diesem Blick erstaunen, Missbilligung und ein leichtes Er-
1126 964 1387 1083 gerne
1202 1004 4249 1202 schrecken. Er erschien sich ein wenig wie ein Schüler, der nicht
1198 1174 4229 1383 genügend vorbereitet sich einer bedeutungsvollen Prüfung unter-
1458 1304 2312 1435 mingeporinzen ist.
1186 1344 4213 1561 ziehen und sich nun in seinen Antworten ganz auf die Eingebung
1735 1490 2190 1621 12
1190 1534 4146 1775 des Augenblicks verlassen mæste. So nahm er denn einen über-
2862 1628 3356 1759 erfort
1178 1723 4142 1960 trieben frischen Ton an, den er selbst xxx als gekünstelt
3186 1814 3490 1949 te zugl
2644 1818 2822 1953 Jnd
1174 1933 1597 2099 empfand.
2320 1909 4099 2095 all“, wiederholte Otto anscheinend noch
1652 2095 4202 2288 „Ja, ich bin's“, sagte er. „Zu einer etwas ungewohnten
1138 2237 3391 2455 Stunde, nicht wahr. Störe ich dich vielleicht?
1636 2455 4154 2565 „Durchaus nicht“, erwiderte Otto und sah auf die Uhr.
1150 2514 3885 2751 „Willst du dich nicht setzen? Wie geht es deiner Braut?“
3949 2569 4119 2794 C
2727 2692 3739 2814 Ii St alle Händerveé.
1621 2735 4257 2980 „Danke, sehr gut. Sie hat viel zu tun, wie du dir denken
1103 2885 1411 3020 als hat
1126 2941 4134 3162 kannst. Die Wohnung ist aufgenommen; weisst du,die,von der wir
3067 3043 3340 3182 ohne
1119 3138 4103 3352 dir neulich erzählt haben; mit dem Blick auf die Gärten. Aber
1115 3320 3996 3502 um dich nicht über Gebühr aufzuhalten,- ich komme aus einem
1103 3490 3968 3707 ganz bestimmten Grund. Wie ich dir schon neulich erzählte -
1103 3656 4162 3862 er supfand es als aina glückliche Kingahung, dass diese Möglich-
1079 3838 4012 4067 keit der Anknäpfung sich ihn eben danket - bin ich damit be-
1095 4039 4095 4229 schäftigt, wie es sich in solchen Lebensperioden ziemt, "-er lä-
1091 4150 4043 4427 chelte wie verschämt, was ihm gleich wieder kindisch vor-
1067 4368 4209 4601 kam- „Ordnung in meine alten Papiere zu bringen. Da habe ich nun
1383 4518 1538 4597 1810
1067 4541 4190 4771 unter andern auch Briefe von unserem gemeinsamen, längst verstor-
2099 4664 2783 4779 imal Zeit hast“;
1067 4731 4087 4901 benen Freund Höhenburg gefunden.“ Otto nickte zum Zeichen, dass
2605 4834 2976 4952 ichte nicht
1071 4850 2320 4949 wäre ich dir dankbar, denn xxx
1059 4901 4162 5138 er sich erinnere. „Und bei dieser Gelegenheit", fuhr Robert fort,
2308 5020 2490 5190 spät
1040 5032 1498 5166 begreifen
