<?xml version="1.0" encoding="UTF-8" standalone="yes"?>
<PcGts xmlns="http://schema.primaresearch.org/PAGE/gts/pagecontent/2013-07-15" xmlns:xsi="http://www.w3.org/2001/XMLSchema-instance" xsi:schemaLocation="http://schema.primaresearch.org/PAGE/gts/pagecontent/2013-07-15 http://schema.primaresearch.org/PAGE/gts/pagecontent/2013-07-15/pagecontent.xsd">
    <Metadata>
        <Creator>prov=READ-COOP:name=TrHtr:version=2.1.0:model_id=51170:date=15_08_2023_07:00</Creator>
        <Created>2023-05-10T15:04:07.886+02:00</Created>
        <LastChange>2023-08-15T07:00:54.261+02:00</LastChange>
        <TranskribusMetadata docId="1428793" pageId="55429623" pageNr="44" tsid="132841451" status="IN_PROGRESS" userId="64420" imgUrl="https://files.transkribus.eu/Get?id=WWSFDAQMZNLIMVAPBXFJIUIC&amp;fileType=view" xmlUrl="https://files.transkribus.eu/Get?id=MPZZIEYKOEVFWXGEZURGYZXK" imageId="44703696"/>
    </Metadata>
    <Page imageFilename="1428793_0044.jpg" imageWidth="4920" imageHeight="5908">
        <ReadingOrder>
            <OrderedGroup id="ro_1711806221092" caption="Regions reading order">
                <RegionRefIndexed index="0" regionRef="tr_1"/>
                <RegionRefIndexed index="1" regionRef="tr_2"/>
            </OrderedGroup>
        </ReadingOrder>
        <TextRegion id="tr_1" custom="readingOrder {index:0;}">
            <Coords points="614,845 4231,845 4231,3524 614,3524"/>
            <TextLine id="tr_1_tl_1" custom="readingOrder {index:0;}">
                <Coords points="587,1103 3896,935 3963,784 596,960"/>
                <Baseline points="614,1050 656,1044 745,1044 835,1050 924,1050 1014,1050 1104,1044 1193,1038 1283,1038 1372,1032 1462,1026 1551,1014 1641,1014 1730,1002 1820,1002 1909,996 1999,990 2088,990 2178,984 2267,978 2357,972 2446,966 2536,966 2625,960 2715,954 2804,948 2894,942 2983,936 3073,930 3162,930 3252,924 3341,919 3431,913 3520,907 3610,901 3699,901 3789,895 3878,895 3968,895"/>
                <TextEquiv>
                    <Unicode>biederwanzig Jahren die Wände eines kleinen alten Palastes um ihn;</Unicode>
                </TextEquiv>
            </TextLine>
            <TextLine id="tr_1_tl_2" custom="readingOrder {index:1;}">
                <Coords points="986,1287 4047,1111 4101,956 994,1120"/>
                <Baseline points="1014,1223 1062,1223 1151,1217 1241,1211 1330,1205 1420,1199 1509,1193 1599,1187 1688,1181 1778,1175 1867,1169 1957,1169 2046,1163 2136,1157 2225,1151 2315,1145 2404,1145 2494,1139 2584,1133 2673,1127 2763,1121 2852,1121 2942,1115 3031,1109 3121,1104 3210,1098 3300,1092 3389,1086 3479,1080 3568,1080 3658,1074 3747,1068 3837,1062 3926,1056 4016,1050 4105,1056"/>
                <TextEquiv>
                    <Unicode>und das verblichene Rot des Stiegenteppichs leuchtete wie Purpur-</Unicode>
                </TextEquiv>
            </TextLine>
            <TextLine id="tr_1_tl_3" custom="readingOrder {index:2;}">
                <Coords points="994,1451 3800,1308 4047,1271 4055,1128 1002,1296"/>
                <Baseline points="1020,1402 1098,1396 1187,1390 1277,1384 1366,1378 1456,1372 1545,1366 1635,1360 1724,1354 1814,1354 1903,1348 1993,1342 2082,1336 2172,1330 2261,1324 2351,1318 2440,1318 2530,1312 2619,1306 2709,1300 2798,1294 2888,1294 2977,1289 3067,1283 3156,1277 3246,1271 3335,1271 3425,1265 3514,1259 3604,1253 3693,1247 3783,1247 3873,1241 3962,1235 4052,1235"/>
                <TextEquiv>
                    <Unicode>unter seinen Füssen. Zum wievielten Male schritt er wohl diese</Unicode>
                </TextEquiv>
            </TextLine>
            <TextLine id="tr_1_tl_4" custom="readingOrder {index:3;}">
                <Coords points="998,1589 1925,1619 3024,1485 3426,1552 3632,1438 4018,1447 4026,1346 1006,1455"/>
                <Baseline points="1026,1569 1080,1575 1169,1569 1259,1563 1348,1557 1438,1551 1527,1545 1617,1539 1706,1539 1796,1527 1885,1521 1975,1515 2064,1509 2154,1509 2243,1509 2333,1503 2422,1497 2512,1491 2601,1485 2691,1479 2780,1479 2870,1468 2959,1462 3049,1462 3138,1456 3228,1450 3318,1450 3407,1444 3497,1438 3586,1432 3676,1426 3765,1420 3855,1414 3944,1414 4034,1408"/>
                <TextEquiv>
                    <Unicode>Treppe jetzt hinauf? Zum hundertsten,zum tausendsten Male? Und</Unicode>
                </TextEquiv>
            </TextLine>
            <TextLine id="tr_1_tl_5" custom="readingOrder {index:4;}">
                <Coords points="1006,1812 4039,1631 4043,1485 1958,1640 1019,1602"/>
                <Baseline points="1032,1748 1092,1748 1181,1742 1271,1736 1360,1730 1450,1724 1539,1718 1629,1712 1718,1706 1808,1706 1897,1700 1987,1700 2076,1694 2166,1682 2255,1682 2345,1676 2434,1670 2524,1670 2613,1664 2703,1653 2792,1653 2882,1647 2971,1641 3061,1641 3150,1635 3240,1629 3329,1623 3419,1617 3508,1611 3598,1611 3688,1605 3777,1599 3867,1599 3956,1593 4046,1587"/>
                <TextEquiv>
                    <Unicode>immer wieder? Wie oft war sie der arme Höhnburg hinaufgegangen</Unicode>
                </TextEquiv>
            </TextLine>
            <TextLine id="tr_1_tl_6" custom="readingOrder {index:5;}">
                <Coords points="990,1929 4051,1820 4101,1627 990,1862"/>
                <Baseline points="1014,1927 1062,1927 1151,1921 1241,1915 1330,1909 1420,1903 1509,1903 1599,1897 1688,1891 1778,1885 1867,1879 1957,1879 2046,1873 2136,1867 2225,1861 2315,1861 2404,1849 2494,1844 2584,1844 2673,1838 2763,1832 2852,1826 2942,1826 3031,1820 3121,1814 3210,1808 3300,1802 3389,1796 3479,1790 3568,1790 3658,1784 3747,1778 3837,1778 3926,1772 4016,1772 4105,1760"/>
                <TextEquiv>
                    <Unicode>zu seiner geliebten Schauspielerin? Und ging er sie immer noch,</Unicode>
                </TextEquiv>
            </TextLine>
            <TextLine id="tr_1_tl_7" custom="readingOrder {index:6;}">
                <Coords points="1002,2109 4114,2005 4118,1875 1006,2017"/>
                <Baseline points="1026,2100 1080,2106 1169,2106 1259,2100 1348,2094 1438,2082 1527,2076 1617,2070 1706,2058 1796,2058 1885,2058 1975,2058 2064,2052 2154,2040 2243,2034 2333,2034 2422,2029 2512,2023 2601,2017 2691,2011 2780,2005 2870,1999 2959,1999 3049,1993 3138,1987 3228,1981 3318,1975 3407,1969 3497,1963 3586,1963 3676,1957 3765,1957 3855,1945 3944,1945 4034,1939 4123,1933"/>
                <TextEquiv>
                    <Unicode>und ging sie xxx Zeiten? Zum Teufel mit den unsinnigen Ge-</Unicode>
                </TextEquiv>
            </TextLine>
            <TextLine id="tr_1_tl_8" custom="readingOrder {index:7;}">
                <Coords points="1732,1996 1891,2013 1925,1988 2051,2009 2109,1979 2273,1975 2277,1875 2239,1870 2185,1904 2139,1887 2109,1904 2000,1900 1971,1879 1849,1942 1828,1921 1736,1912"/>
                <Baseline points="1754,1981 1832,1987 1921,1987 2011,1981 2100,1981 2190,1963 2279,1969"/>
                <TextEquiv>
                    <Unicode>elvig it</Unicode>
                </TextEquiv>
            </TextLine>
            <TextLine id="tr_1_tl_9" custom="readingOrder {index:8;}">
                <Coords points="1195,2042 1350,2030 1401,2076 1510,2013 1602,2013 1610,1933 1568,1925 1535,1950 1510,1929 1485,1938 1455,1921 1397,1942 1380,1933 1342,1967 1321,1958 1287,1979 1204,1938"/>
                <Baseline points="1223,2017 1253,2023 1342,2017 1432,2005 1521,1999 1611,1993"/>
                <TextEquiv>
                    <Unicode>imple</Unicode>
                </TextEquiv>
            </TextLine>
            <TextLine id="tr_1_tl_10" custom="readingOrder {index:9;}">
                <Coords points="2793,2114 2856,2126 2910,2105 2952,2118 2999,2097 3036,2118 3074,2097 3129,2093 3133,2034 3087,2038 3049,2005 3007,2026 2994,2021 2952,2055 2881,2026 2848,2034 2801,2021"/>
                <Baseline points="2816,2106 2870,2106 2959,2094 3049,2082 3138,2082"/>
                <TextEquiv>
                    <Unicode>enden</Unicode>
                </TextEquiv>
            </TextLine>
            <TextLine id="tr_1_tl_11" custom="readingOrder {index:10;}">
                <Coords points="1011,2302 3955,2193 4081,2164 4089,2026 1015,2193"/>
                <Baseline points="1032,2279 1044,2279 1133,2273 1223,2267 1312,2267 1402,2261 1491,2255 1581,2249 1670,2243 1760,2243 1849,2237 1939,2225 2029,2225 2118,2219 2208,2214 2297,2208 2387,2202 2476,2202 2566,2196 2655,2184 2745,2178 2834,2178 2924,2178 3013,2172 3103,2166 3192,2160 3282,2154 3371,2148 3461,2142 3550,2136 3640,2136 3729,2130 3819,2130 3908,2118 3998,2112 4087,2106"/>
                <TextEquiv>
                    <Unicode>danken! Jedenfalls wollte sie nicht aufhören, diese Treppe. End-</Unicode>
                </TextEquiv>
            </TextLine>
            <TextLine id="tr_1_tl_12" custom="readingOrder {index:11;}">
                <Coords points="986,2520 4076,2348 4135,2143 2571,2315 998,2307"/>
                <Baseline points="1014,2458 1092,2458 1181,2446 1271,2440 1360,2440 1450,2434 1539,2428 1629,2422 1718,2416 1808,2416 1897,2410 1987,2404 2076,2399 2166,2393 2255,2387 2345,2381 2434,2375 2524,2369 2613,2369 2703,2363 2792,2351 2882,2345 2971,2345 3061,2339 3150,2333 3240,2327 3329,2327 3419,2321 3508,2315 3598,2309 3688,2303 3777,2303 3867,2297 3956,2297 4046,2291 4135,2285"/>
                <TextEquiv>
                    <Unicode>lich war er oben, Hier sah es freilich nicht eben fürstlich uns.</Unicode>
                </TextEquiv>
            </TextLine>
            <TextLine id="tr_1_tl_13" custom="readingOrder {index:12;}">
                <Coords points="3451,2411 3514,2399 3548,2416 3586,2395 3598,2407 3661,2399 3707,2411 3741,2407 3745,2344 3703,2336 3632,2357 3611,2340 3569,2344 3527,2328 3456,2340"/>
                <Baseline points="3473,2393 3485,2393 3574,2387 3664,2381 3753,2381"/>
                <TextEquiv>
                    <Unicode>war</Unicode>
                </TextEquiv>
            </TextLine>
            <TextLine id="tr_1_tl_14" custom="readingOrder {index:13;}">
                <Coords points="1002,2646 3854,2567 3997,2550 4005,2411 2453,2382 1866,2533 1006,2541"/>
                <Baseline points="1026,2631 1056,2631 1145,2625 1235,2619 1324,2613 1414,2607 1503,2601 1593,2595 1682,2595 1772,2589 1861,2584 1951,2578 2040,2572 2130,2566 2219,2560 2309,2554 2399,2554 2488,2548 2578,2542 2667,2536 2757,2530 2846,2524 2936,2518 3025,2512 3115,2512 3204,2506 3294,2500 3383,2494 3473,2494 3562,2488 3652,2482 3741,2476 3831,2470 3920,2470 4010,2464"/>
                <TextEquiv>
                    <Unicode>In welche Finsternis verlor sich der Gang? Jäh verlöschte die</Unicode>
                </TextEquiv>
            </TextLine>
            <TextLine id="tr_1_tl_15" custom="readingOrder {index:14;}">
                <Coords points="1002,2810 3183,2785 3514,2671 4215,2697 4223,2567 1006,2701"/>
                <Baseline points="1026,2804 1098,2804 1187,2798 1277,2792 1366,2786 1456,2786 1545,2780 1635,2774 1724,2769 1814,2769 1903,2763 1993,2757 2082,2751 2172,2745 2261,2739 2351,2727 2440,2727 2530,2721 2619,2715 2709,2709 2798,2709 2888,2703 2977,2697 3067,2697 3156,2685 3246,2679 3335,2673 3425,2673 3514,2667 3604,2661 3693,2655 3783,2655 3873,2649 3962,2643 4052,2637 4141,2637 4231,2625"/>
                <TextEquiv>
                    <Unicode>Beleuchtung im Stiegenhaus? Robert schrak zusammen, Aber er fasste</Unicode>
                </TextEquiv>
            </TextLine>
            <TextLine id="tr_1_tl_16" custom="readingOrder {index:15;}">
                <Coords points="1908,2701 1942,2709 1963,2697 1984,2705 2042,2701 2063,2688 2143,2684 2147,2604 2105,2613 2080,2588 2055,2588 2009,2617 1984,2613 1958,2629 1912,2625"/>
                <Baseline points="1933,2673 1975,2667 2064,2667 2154,2667"/>
                <TextEquiv>
                    <Unicode>vulos</Unicode>
                </TextEquiv>
            </TextLine>
            <TextLine id="tr_1_tl_17" custom="readingOrder {index:16;}">
                <Coords points="1015,3015 4139,2852 4148,2743 1019,2915"/>
                <Baseline points="1038,2983 1109,2977 1199,2971 1289,2971 1378,2959 1468,2959 1557,2954 1647,2948 1736,2942 1826,2942 1915,2930 2005,2924 2094,2918 2184,2918 2273,2912 2363,2906 2452,2906 2542,2900 2631,2894 2721,2888 2810,2882 2900,2876 2989,2870 3079,2864 3168,2858 3258,2852 3347,2852 3437,2846 3526,2846 3616,2834 3705,2828 3795,2828 3884,2816 3974,2816 4063,2816 4153,2816"/>
                <TextEquiv>
                    <Unicode>sich rasth. Offenbar hatte man ihn schon in seinem Limmer kannte-</Unicode>
                </TextEquiv>
            </TextLine>
            <TextLine id="tr_1_tl_18" custom="readingOrder {index:17;}">
                <Coords points="998,3208 3867,3061 3959,3040 3967,2852 3061,2982 1006,3032"/>
                <Baseline points="1026,3162 1104,3162 1193,3156 1283,3150 1372,3144 1462,3138 1551,3133 1641,3127 1730,3121 1820,3115 1909,3109 1999,3109 2088,3103 2178,3091 2267,3091 2357,3085 2446,3079 2536,3079 2625,3073 2715,3061 2804,3061 2894,3055 2983,3049 3073,3043 3162,3037 3252,3031 3341,3025 3431,3025 3520,3019 3610,3013 3699,3007 3789,3007 3878,3001 3968,2995"/>
                <TextEquiv>
                    <Unicode>tat. Er zündete ein Streichholz an und leuchtete sich so zur</Unicode>
                </TextEquiv>
            </TextLine>
            <TextLine id="tr_1_tl_19" custom="readingOrder {index:18;}">
                <Coords points="2185,3217 3749,3133 3795,3036 2189,3141"/>
                <Baseline points="2208,3180 2279,3180 2369,3168 2458,3168 2548,3162 2637,3156 2727,3150 2816,3144 2906,3144 2995,3144 3085,3138 3174,3127 3264,3127 3353,3115 3443,3115 3532,3103 3622,3103 3711,3103 3801,3085"/>
                <TextEquiv>
                    <Unicode>und das gnedicht einzustellet.</Unicode>
                </TextEquiv>
            </TextLine>
            <TextLine id="tr_1_tl_20" custom="readingOrder {index:19;}">
                <Coords points="1023,3368 4076,3221 4131,3028 3745,3133 1032,3250"/>
                <Baseline points="1050,3329 1092,3323 1181,3323 1271,3323 1360,3318 1450,3312 1539,3306 1629,3300 1718,3300 1808,3294 1897,3288 1987,3282 2076,3276 2166,3270 2255,3270 2345,3264 2434,3264 2524,3258 2613,3252 2703,3246 2792,3240 2882,3234 2971,3228 3061,3222 3150,3216 3240,3216 3329,3210 3419,3204 3508,3198 3598,3192 3688,3186 3777,3180 3867,3180 3956,3174 4046,3168 4135,3162"/>
                <TextEquiv>
                    <Unicode>Türe. Als er sie hinter sich geschlossen hatte, atmete er auf, wie</Unicode>
                </TextEquiv>
            </TextLine>
            <TextLine id="tr_1_tl_21" custom="readingOrder {index:20;}">
                <Coords points="1015,3535 1149,3569 1388,3506 1451,3540 1866,3535 1933,3498 2109,3527 2151,3519 2160,3338 1908,3418 1820,3380 1577,3426 1464,3389 1023,3430"/>
                <Baseline points="1044,3514 1092,3514 1181,3508 1271,3503 1360,3497 1450,3491 1539,3485 1629,3479 1718,3479 1808,3473 1897,3467 1987,3461 2076,3461 2166,3455"/>
                <TextEquiv>
                    <Unicode>einer Gefahr entronnen.</Unicode>
                </TextEquiv>
            </TextLine>
        </TextRegion>
        <TextRegion id="tr_2" custom="readingOrder {index:1;}">
            <Coords points="1038,3823 4266,3823 4266,5303 1038,5303"/>
            <TextLine id="tr_2_tl_1" custom="readingOrder {index:0;}">
                <Coords points="1585,4051 3829,3988 4156,3909 4164,3774 2499,3812 2319,3892 2088,3833 1594,3942"/>
                <Baseline points="1611,4016 1664,4016 1754,4010 1844,3998 1933,3992 2023,3992 2112,3986 2202,3980 2291,3980 2381,3974 2470,3968 2560,3956 2649,3956 2739,3944 2828,3944 2918,3944 3007,3938 3097,3932 3186,3926 3276,3926 3365,3920 3455,3914 3544,3908 3634,3902 3723,3896 3813,3890 3902,3890 3992,3884 4081,3878 4171,3873"/>
                <TextEquiv>
                    <Unicode>Am nächsten Tag ux die Mittagsstunde mit einem aufge-</Unicode>
                </TextEquiv>
            </TextLine>
            <TextLine id="tr_2_tl_2" custom="readingOrder {index:1;}">
                <Coords points="1015,4257 4068,4156 4076,4005 1027,4055"/>
                <Baseline points="1044,4219 1127,4219 1217,4213 1306,4207 1396,4201 1485,4201 1575,4195 1664,4189 1754,4183 1844,4177 1933,4177 2023,4165 2112,4159 2202,4153 2291,4153 2381,4147 2470,4141 2560,4135 2649,4135 2739,4129 2828,4123 2918,4117 3007,4111 3097,4111 3186,4105 3276,4093 3365,4093 3455,4087 3544,4081 3634,4075 3723,4069 3813,4069 3902,4063 3992,4058 4081,4052"/>
                <TextEquiv>
                    <Unicode>takelten Segelboot, sowie einem Schlachtschiff, die er beide so-</Unicode>
                </TextEquiv>
            </TextLine>
            <TextLine id="tr_2_tl_3" custom="readingOrder {index:2;}">
                <Coords points="1023,4408 3493,4353 4257,4261 4261,4148 1032,4290"/>
                <Baseline points="1050,4392 1133,4398 1223,4392 1312,4386 1402,4380 1491,4374 1581,4374 1670,4368 1760,4368 1849,4356 1939,4350 2029,4350 2118,4344 2208,4338 2297,4332 2387,4326 2476,4320 2566,4314 2655,4308 2745,4308 2834,4296 2924,4290 3013,4290 3103,4284 3192,4284 3282,4272 3371,4272 3461,4266 3550,4260 3640,4254 3729,4254 3819,4248 3908,4243 3998,4237 4087,4237 4177,4231 4266,4231"/>
                <TextEquiv>
                    <Unicode>eben in einem Spielwarengeschäft in dankbarer Erinnerung an seinen</Unicode>
                </TextEquiv>
            </TextLine>
            <TextLine id="tr_2_tl_4" custom="readingOrder {index:3;}">
                <Coords points="2575,4424 2768,4391 2957,4399 3007,4366 3074,4412 3175,4362 3321,4399 3326,4303 3225,4286 3145,4336 3070,4303 2952,4303 2898,4328 2873,4311 2827,4349 2759,4328 2667,4357 2583,4328"/>
                <Baseline points="2601,4398 2619,4392 2709,4386 2798,4380 2888,4368 2977,4362 3067,4362 3156,4362 3246,4356 3335,4356"/>
                <TextEquiv>
                    <Unicode>an nichtter Tag</Unicode>
                </TextEquiv>
            </TextLine>
            <TextLine id="tr_2_tl_5" custom="readingOrder {index:4;}">
                <Coords points="1019,4630 4039,4533 4085,4273 3347,4408 1023,4492"/>
                <Baseline points="1044,4571 1050,4577 1139,4571 1229,4565 1318,4559 1408,4553 1497,4553 1587,4547 1676,4541 1766,4535 1855,4529 1945,4523 2034,4517 2124,4517 2214,4511 2303,4505 2393,4505 2482,4493 2572,4493 2661,4487 2751,4481 2840,4475 2930,4475 3019,4469 3109,4463 3198,4463 3288,4451 3377,4445 3467,4439 3556,4433 3646,4428 3735,4428 3825,4422 3914,4422 4004,4410 4093,4404"/>
                <TextEquiv>
                    <Unicode>Aufenthalt am Meer erstanden, trat er in das Zimmer seiner Neh-</Unicode>
                </TextEquiv>
            </TextLine>
            <TextLine id="tr_2_tl_6" custom="readingOrder {index:5;}">
                <Coords points="1011,4781 3758,4668 4072,4638 4076,4533 1019,4642"/>
                <Baseline points="1038,4750 1044,4750 1133,4744 1223,4744 1312,4738 1402,4732 1491,4726 1581,4726 1670,4714 1760,4714 1849,4708 1939,4702 2029,4696 2118,4690 2208,4684 2297,4684 2387,4678 2476,4672 2566,4666 2655,4660 2745,4660 2834,4654 2924,4648 3013,4642 3103,4636 3192,4636 3282,4630 3371,4624 3461,4618 3550,4613 3640,4613 3729,4607 3819,4601 3908,4595 3998,4595 4087,4595"/>
                <TextEquiv>
                    <Unicode>fen, eines neunjährigen und eines sechsjäbrigen Knaben, die dem</Unicode>
                </TextEquiv>
            </TextLine>
            <TextLine id="tr_2_tl_7" custom="readingOrder {index:6;}">
                <Coords points="1036,4965 3284,4898 4001,4802 4009,4651 1044,4848"/>
                <Baseline points="1062,4917 1145,4923 1235,4917 1324,4911 1414,4905 1503,4905 1593,4899 1682,4893 1772,4887 1861,4881 1951,4881 2040,4875 2130,4869 2219,4863 2309,4857 2399,4851 2488,4851 2578,4845 2667,4839 2757,4833 2846,4833 2936,4827 3025,4821 3115,4821 3204,4815 3294,4809 3383,4803 3473,4798 3562,4792 3652,4786 3741,4780 3831,4780 3920,4780 4010,4774"/>
                <TextEquiv>
                    <Unicode>Oheim und den Geschenken einen freudigen Empfang bereiteten.</Unicode>
                </TextEquiv>
            </TextLine>
            <TextLine id="tr_2_tl_8" custom="readingOrder {index:7;}">
                <Coords points="1023,5133 3812,5024 4156,4965 4164,4814 1032,5016"/>
                <Baseline points="1050,5096 1121,5096 1211,5096 1300,5090 1390,5084 1479,5078 1569,5078 1659,5072 1748,5066 1838,5060 1927,5060 2017,5054 2106,5048 2196,5042 2285,5036 2375,5030 2464,5024 2554,5018 2643,5018 2733,5012 2822,5006 2912,5000 3001,4994 3091,4988 3180,4988 3270,4983 3359,4977 3449,4971 3538,4965 3628,4959 3717,4959 3807,4959 3896,4953 3986,4947 4075,4941 4165,4935"/>
                <TextEquiv>
                    <Unicode>Eben war er daran den Kindern ohne besondere Fachkenntnisse, aber</Unicode>
                </TextEquiv>
            </TextLine>
            <TextLine id="tr_2_tl_9" custom="readingOrder {index:8;}">
                <Coords points="3003,5091 3393,5066 3611,5087 3753,5058 3829,5079 3879,5070 3883,4995 3816,5020 3728,4978 3594,5012 3384,4995 3321,5032 3187,4999 3003,5020"/>
                <Baseline points="3025,5072 3085,5072 3174,5066 3264,5066 3353,5060 3443,5066 3532,5060 3622,5054 3711,5048 3801,5048 3890,5054"/>
                <TextEquiv>
                    <Unicode>Kleven kodelle</Unicode>
                </TextEquiv>
            </TextLine>
            <TextLine id="tr_2_tl_10" custom="readingOrder {index:9;}">
                <Coords points="1011,5381 1707,5259 2206,5326 2432,5217 3879,5251 4114,5221 4122,4991 1019,5217"/>
                <Baseline points="1038,5293 1086,5281 1175,5275 1265,5275 1354,5269 1444,5257 1533,5251 1623,5245 1712,5239 1802,5239 1891,5233 1981,5233 2070,5227 2160,5221 2249,5221 2339,5209 2428,5209 2518,5203 2607,5197 2697,5185 2786,5185 2876,5179 2965,5173 3055,5173 3144,5168 3234,5168 3323,5162 3413,5156 3503,5156 3592,5150 3682,5138 3771,5138 3861,5132 3950,5126 4040,5120 4129,5120"/>
                <TextEquiv>
                    <Unicode>mmo gemeinverständlichen, die Bauart der Seefahrzeuge zu erläu-</Unicode>
                </TextEquiv>
            </TextLine>
            <TextLine id="tr_2_tl_11" custom="readingOrder {index:10;}">
                <Coords points="1027,5221 1111,5200 1174,5217 1191,5200 1208,5213 1254,5188 1304,5209 1338,5188 1367,5196 1367,5116 1346,5116 1313,5142 1246,5121 1174,5146 1124,5112 1065,5137 1027,5137"/>
                <Baseline points="1050,5179 1109,5185 1199,5179 1289,5179 1378,5173"/>
                <TextEquiv>
                    <Unicode>hoekik</Unicode>
                </TextEquiv>
            </TextLine>
        </TextRegion>
    </Page>
</PcGts>
