4872 5908
1596 543 1768 679 7
4075 523 4287 730 S8
1141 766 4171 1030 Wahns vor Gericht stellen? Ich bin krank, meine Herren Geschwo-
1074 826 4227 1118 zur Besinnung. Er sagte sich, dass die Abreise der Denen unmöglich
1134 970 4227 1193 renen, aber ich bin kein Verbrecher. Die Umstände sprechen gegen
1094 1054 4199 1281 in irgend einer Beziehung zu seiner Anwesenheit hier oben stehen
1141 1149 4079 1369 mich. Forschen Sie nach, meine Herren. Alberta ist in Amerika
1082 1185 4291 1469 könne. Er wusste, dass er weder schuldig, noch irgend einem Menschen
1153 1305 4119 1565 verheiratet und meine Frau war herzleidend. Sie ist eines na-
1261 1377 4179 1616 der Welt verdächtig war. Seine Nerven waren noch immer nicht
1141 1481 4215 1728 türlichen Todes gestorben. Und wie, schrillte plötzlich eine ho-
2898 1573 3907 1708 aber war Pauls das Ge-
2028 1644 2818 1796 alles. Keineswegs
1130 1648 4271 1916 he stimme, erklären sie sich, Angeklagter, dass Ihre Geliebte unter
1106 1688 1928 1812 in Ordnung, das wa
2694 1764 3848 1904 vorleunderisches
2187 1820 2638 1960 par Uifens
1149 1856 4215 2087 welkem Laube im Walde tot gefunden wurde? - Man hat sie tot ge-
1082 1864 1780 2004 auf ein unklar
2467 1948 3808 2107 ihn seinem Schicksal zu über-
1197 2012 4083 2235 funden? Dann hat sie ein Anderer umgebracht. Der Amerikaner
1082 2020 2331 2207 gramm hin davonzufahren un
3432 2115 3872 2227 haben; was
1840 2179 2726 2323 abgereist, ohne ihn
1122 2143 4207 2431 hat es getan.- Sie verwickeln sich in Widersprüche, Angeklagter.
1106 2219 1748 2351 Sie wäre nich
3189 2307 3512 2403 eigene
2275 2367 2471 2451 hätt
1138 2355 4207 2610 Haben Sie uns nicht selbst erzählt, dass dieser Amerikaner sich
1165 2546 4119 2778 um Ihre Geliebte bewarb und dass Sie mit ihr in den Wald spa-
1118 2578 1720 2706 der Angehagen
2091 2694 2542 2846 als in sei,
1145 2710 4251 2973 zierten, während der Amerikaner im Hotel zurückblieb? Sie erzähl-
1565 2750 1840 2862 hätt
1864 2866 2758 3025 rau es zu verstehen
1165 2906 4163 3117 ten uns ferner, dass das Klavierspiel Ihrer Gattin Sie zur Ver-
1708 3057 2507 3205 trachte, cass
1145 3061 4179 3301 zweiflung gebracht und Sie sich längst mit Mordgedanken getra-
2271 3241 2558 3349 ützende
1153 3225 4203 3488 gen xxx. - Ich habe nichts erzählt, man legt mir Dinge in den
1361 3293 1720 3405 hatten)
1165 3397 4219 3668 Mund, die ich nie gesagt habe. Ich bin unschuldig. Ich kann kei-
1489 3468 1776 3572 is t wer
1153 3608 4207 3844 ner Fliege ein Haar krimmen.- Ein dröhnendes Lachen geht durch
2155 3608 2319 3712 jede
1145 3784 4115 3999 das ganze Auditorium, dass alle Fenster klirren. Ich bitte um
1145 3824 1445 3939 also
1141 3963 4167 4179 Ruhe, schreit der Richter, hier ist kein Theater. Ich werde den
2962 4083 3289 4203 sédent les
1145 4139 4251 4378 Saal räumen lassen. Die nennen Nachwenständigen wenden sich zu
2965 4243 3748 4410 zu ordnen.
1916 4299 2534 4478 er seine
1684 4327 1868 4446 dres
1257 4350 1561 4462 dʼavance.
1141 4410 1880 4538 äussern haben.
3269 4418 3456 4542 nur
2024 4442 2415 4606 und ke
1636 4410 4171 4702 Robert, der ununterbrochen im ### Zimmer hin
1114 4530 1305 4670 törd.
1153 4650 4195 4885 und her gelaufen war, blieb stehen, sah rings um sich und, wie es
1134 4626 1485 4825 sein
1157 4869 4079 5081 ihm meistens geschah, gerade, wenn die Flucht seiner Gedanken
1249 4865 1788 5005 e Erklärung
1110 4993 2774 5165 Abgendenannt. Man mir
1165 5029 4191 5372 sich ins unsinnig Abgeschmachte verloren hatte, kam er jählings
1381 5241 1561 5380 per
