4760 5636
3970 548 4238 792 125
492 656 4266 1031 den Heil Durch den Kutscher, der ihn an die Bahn geführt hatte, liess er den
1050 942 4144 1289 Brief an die Adresse Paulas befördern. Und ein paar Minuten da-
1012 1130 2400 1373 rauf sass er xxxx im Zug.
2302 1261 2634 1533 17.
1509 1434 4036 1706 An diesem grauumzogenen Desembertage dunkelte es
1031 1627 4205 1852 früh. Kaum war der Eng über die Vorstädte und die kleinen Villen-
1031 1819 3994 2039 orte hinausgeflogen, so setzte ein leichter.allmählig dichter
1027 2002 4162 2184 werdender Sohneefall ein,so dass Wald,Hügel, Landstrassen und Dä-
1017 2161 4012 2339 cher bald in einem linden herzberuhigenden Weiss schimmerten.
998 2316 4144 2508 Robert hatte sich Zeitungen gekauft und, allein in seinem Anteil.
1012 2489 3966 2733 versenkte er sich in die Nachrichten von  nah und fern, die
989 2691 4172 2916 ihm so gleichgültig waren, dass er bald über ihnen einschlummerte.
2934 4280 3192 4462 décret
