4456 5716
3606 371 3847 653 135
725 576 3856 927 genblick und überhaupt jemals ausgesehen haben konnte.Uebergross
2872 733 3851 862 ber die Brüstung des
725 765 3900 1076 und hager stand er da in einem fliegenden dunklen Mantel und warf
2659 894 3851 1056 sog. Leinbach aber erklärt,
741 951 3839 1229 einen schwarzen Schatten weit vor sich hin. Diesen Schatten aber
2639 1080 3823 1229 der Bach¬
721 1140 3839 1406 nahm er jetzt tatsächlich wahr, da er gerade an einer Laterne vo-
2635 1249 3819 1414 wie die meisten begabten
1237 1317 1898 1454 deren Licht
729 1329 3868 1575 rüberging,die gelblich trüb über dem Eingange des Gasthofs schim-
1704 1434 3835 1688 darauf wanderte Robert zwischen Bahngelsisen
1483 1515 1656 1696 vieh
2957 1535 4041 1765 mit einer roten Fahne
729 1628 1092 1801 merte.
1273 1607 3775 1894 Er trat ins Haustor und fragte für alle Fälle noch-
2639 1777 3980 1938 wankte, und endlich auf einen
721 1869 3823 2123 mals, ob nicht eine Depesche für ihn gekommen sei. Der Wirt klär-
2731 1958 3831 2119 graben lag. Dann schritt
729 2010 3823 2325 te ihn auf, dass es in diesem kleinen Orte von sieben Uhr Abend(s)
3223 2143 3811 2272 den Seiten,
717 2176 3872 2506 bis sieben Uhr Früh keinen Telegraphendienst gäbe. Nun kam Robert
3062 2321 3416 2449 Endlich
3864 2308 4033 2462 be
741 2317 3835 2647 auf seine erste Vermutung zurück, dass Paul den Zug versäumt hät
3908 2385 4190 2595 h
2663 2498 3626 2643 der Arbeit, entgegenf
713 2550 3864 2820 te oder aus einem andern Grund genötigt gewesen wäre, den späteren
572 2582 1237 2731 heben kann
3984 2546 4222 2768 3.
3086 2695 3271 2796 die
725 2703 3819 3026 zu nehmen; und so durfte er noch immer mit der Möglichkeit recht
3449 2836 3723 2949 sein k
2337 2864 3360 3014 e et A vt
3336 2877 3682 3062 Coune
991 2921 1720 3066 Jahrer Eintret
721 2957 3223 3223 nen, dass sie um zwei Uhr Nachts eintraffen konnte.
2897 3034 3614 3175 fordern. Doch
1273 3070 3868 3348 Er suchte sein Zimmer auf und legte sich unausgeklei-
3283 3207 3622 3324 von Ra
717 3215 3767 3553 det aufs Bett. Eine Stunde wollte er ruhen, denn Mitternacht war
2933 3376 3650 3513 ter durch eine
733 3416 3771 3715 vorüber, und sich dann wieder an den Bahnhof begeben. Er löschte
3022 3565 3561 3690 Dieder sassen
717 3614 3831 3876 das Licht nicht aus und starrte von seinem Bett aus durch das ge¬
2957 3739 3642 3888 Papler fuhren,
713 3775 3775 4045 genüberliegende Fenster in die Nacht. Er sah nur den Himmel und
2917 3924 3634 4041 offene Reisetassen
717 3936 3948 4222 eine einsame Felsenspitze, über der ein Stern schimmerte. Vom Kirch-
2969 4093 3557 4222 wie Krokoditz
713 4133 3952 4436 turm schlug es halb eins, und die Klänge tönten lange fort, als woll-
2651 4275 3493 4428 durch ein sogar stärk.
705 4343 3674 4649 te die Nacht sie nicht wieder herausgeben; sie wurden lauter,
2687 4448 3465 4605 Robert nach dem
721 4488 3819 4786 voller, und endlich dröhnend wie Orgelklange in einer riesigen,
2595 4625 3529 4778 schttischchen gelegt.
717 4681 3715 4959 sonst völlig leeren Kirche wandelte Robert mit Doktor Leinbach
2768 4814 3481 4955 vielmehr
3356 4875 3807 5080 aassa.
705 4843 3014 5165 umher und an der Orgel ungegeben, aber Robert wurde
2929 5032 3876 5237 g die Register trat
693 5036 2494 5334 der Pimist aus dem Nachtlokal, währen
