4744 5908
997 879 4177 1086 der Strasse und spitzte die Lippen zu einem leisen eigentümlichen
976 1037 4161 1268 Pfeifen, auf das hin an einem Fenster des ersten Stockwerks Frau
976 1195 4157 1426 Kestner im heliblauen Morgenkleid sichtbar wurde, und rief zu ihr
980 1410 4120 1596 hinauf: „Ich gehe ein Stück voraus, Maria, gegen die Kampaln zu, der
984 1523 4209 1738 Herr Sektionsrat begleitet mich.“ Frau Kostner erwiderte freundlich
980 1714 4169 1961 Roberts stummen Gruss. „Wie hübsch, dass Sie auch da sind Herr Sek-
980 1896 4209 2119 tionsrat! Aber bitte sich nicht aufhalten zu lassen, ich komme schon
1345 2099 4039 2252 em Kreise - auf dem Piano phantasieren gehört zu haben.
960 2115 1264 2338 nach."
1256 2196 4043 2394 vielen Sie noch viel? fragte sie. Er erwiederte unbestimmt:
1625 2317 4144 2536 Paula schlug sofort ein lebhaftes Tempo ein und ohne
2941 2402 3970 2536 mit jenen berühmten,
1130 2431 2155 2556 Wnd jenes Gerücht vor
956 2483 4051 2702 Rücksicht auf die stattgehabte Unterbrechung fuhr sie fort: „Das
1552 2609 2066 2731 verstorbenen
1187 2613 1438 2710 & the
944 2670 4128 2864 pflegt der Papa nämlich immer zu tun, wenn er sehr intensiv, und mit
944 2864 4148 3047 besonders schwierigen Dingen beschäftigt ist".- „Was pflegt er dann
932 3010 4148 3176 zu tun? Eragte Robert.- „Er schickt uns fort. Er kann dann nieman-
984 3140 2107 3261 - gans décidée viemondin
2281 3152 2520 3257 der
936 3200 3934 3387 den) von seiner Familie in seinen Nähe vertragen".- „Sondert ar“,
1685 3306 2167 3431 in dubia
928 3326 4161 3529 sagte Robert.- „Warum), entgegnete Paula. „Ich begreife es sehr gut.
928 3525 4108 3703 Und sie erwähnte eines berühmt gewordenen Prozesses,in dem ihr Va-
2974 3650 3504 3764 unternehmen
936 3658 4157 3893 ter vor drei Jahren plaidiert und wider allgemeines Erwarten seinem
2613 3820 3399 3938 e besorgt um sie.
1414 3841 1815 3966 Allein?
916 3873 4136 4104 Klienten, einem Millionenkridatar, zu einem preispruch verholfen hat-
3225 3986 3508 4104 entso
2860 4003 3091 4100 ohl d
1588 4019 2131 4153 hottier
895 4104 4157 4262 te. Auch damals waren Frau und Tochter auf Reisen gewesen,
1560 4246 4112 4444 Robert wunderte sich stillschweigend. Er war der Mei-
2265 4363 2662 4493 the Arbe
891 4412 3990 4631 nung, dass einem eigentlich alles viel leichter vonstatten gehen
883 4631 4088 4813 müsste, wenn man solch ein klaräugiges kluges Wesen zur Seite hatte
1681 4768 1851 4845 man
871 4772 2532 5011 wie Paula eines war.
1499 4910 4092 5133 Sie fragte nach Roberts Bruder und Schwägerin, die sie
859 5101 4112 5360 aus früherer Zeitbflüchtig kannte. Nun habe sie seit lange fast je-
