4824 5796
1382 417 3931 725 thalten, die Robert vorge eben hatte; und seines guten
2342 636 2630 746 le P.
1114 661 4052 916 dächtnisses sich freuend sich er noch andere Tage der Vergan-
2865 790 3181 912 serieux
3830 782 4154 956 zeigen,
1082 827 4085 1090 ersten Mal seit wanzig Jahren erhobenen Haups in die Zukunft
1086 997 4154 1272 schauen xxx durfte, immer nur verdächtiger gewordent Ja, der Un-
1094 1191 4215 1435 selige, der in sich selbst dunkel die Zeichen herandrohenden Wahn-
3894 1366 4117 1475 Ou si
1082 1366 4044 1645 sinne empfand und davor zurückschäute sie sich einzugestehen,
1082 1516 4138 1787 glaubte er nicht vielleicht in einer gleichsam démonischen Wei-
1078 1718 4089 1970 so das Unheil dadurch beschwören zu können, dass er es in eine
1074 1901 4089 2164 scheinbar dafür vorbestimmte Seele hinüberdeutete? Geschähe es
1070 2087 4040 2322 denn das erste Mal, dass ein gesunder, geistig normaler Mensch
1054 2249 4000 2472 fälschlich als irrsinnig erklärt und ins Narrenhaus gesperrt
1062 2440 4081 2654 würde? Nur diese Möglichke it erwog Robert vorläufig; denn, da
1058 2614 4020 2889 Otto seiner Sache doch noch nicht ganz sicher schien, durfte
1058 2788 4093 3047 er eine andere, entsetzlichere aus dem Kreis seiner Befürchtun-
1029 2979 3951 3185 gen verweisen. Zum mindesten blieb ihm Zeit genug Gegenmass-
1046 3137 4235 3412 regeln zu treffen.- und ebenso wie Otto sich Verbündete suchte, war
1046 3315 4190 3562 es Robert unbenommen das Gleiche zu tun. Sein alter Freund Doktor
1017 3489 4239 3712 Leinbach fiel ihm ein. War dessen ärztliche Gediegenheit auch nicht
1021 3676 4219 3939 über jeden Zweifel erhaben, er war Robert doch von Jugend auf herz-
1009 3830 4267 4129 lich verbunden; gerade, dass er nicht beruflich begrenzt, daß er kei###
1021 4036 4166 4288 eigentlicher Fachmensch war, machte ihn in dieser Angelegenheit zu
1001 4211 4186 4429 einem unbestorhenen Richter, und Robert nahm sich vor, sehen morgen
1009 4365 4190 4510 mit ihm, der über dem rein Medizinischen das allgemein Menschliche
1013 4437 4182 4620 niemals vergass, eine Unterredung herbeizuführen. Wie es gewöhnlich
1005 4551 4198 4705 der Fall war, beruhigte ihn die Tatsache eines gefassten Entschlus-
1021 4632 4125 4786 sos so weit, dass er sich wieder zu Bette begeben und den Rest der
1005 4721 3477 4920 Nacht in leidlichem Schlaf zu verbringen vermochte.
1098 4770 4259 4964 Am nächsten Tag gelang es ihm sich meiner Amtstätigkeit
1001 4895 4024 5070 mit aller nötigen Sammlung zu widmen, was eine günstige Wirkung
1009 5005 4032 5143 auf seine Stimmung ausübte; und seiner Verlobten wäre an diesen
993 5102 2991 5313 Abend vielleicht auch dann nichts weiter-
