4776 5864
1118 869 4168 1123 jeden gesellschaftlichen Verkehr aufgegeben, da sie nicht die
1136 1011 4211 1325 geringete Freude davon haben. Robert glaubte sich zu erinnern,
1123 1187 4185 1424 dass die musikalischen Abende im Hause Kostner in verflossenen
1127 1359 4185 1609 Jahren eines gewissen Rufs genossen und dass bei solchen Gele-
1910 1540 2413 1643 persulit
1123 1510 4198 1781 genheiten Pauls selbst mitgewirkt hatte. Ich hatte diesen Aben-
1548 1690 2366 1807 mal theiljearmer.
1123 1755 4585 1914 den nie beigewohnt. Hingegen vermochte Paula sich zu entsinnen, dass
1114 1871 4073 2103 dem Herrn Sektionsrat vor Jahren - sie wusste nicht mehr in
3785 2004 3987 2099 a the
1123 2082 4078 2254 welchem Kreise - auf dem piano phantasieren gehört zu haben.
1136 2207 4134 2430 "Spielen Sie noch viel?“ fragte sie. Er erwiederte unbestimmt:
1114 2374 4039 2581 sünd jenes Gerücht von ihrem Verlöbnis mit jenem berühmten.
1088 2538 3906 2779 seither verstorbenen Komponisten ging ihm durch den Sinn.
1381 2701 4146 2912 Sie sassen auf einer Bank, die, auf  einem Felsenvorsprung
1088 2843 4198 3088 gelegen, freieste Aussicht auf die Windungen der Bahn, auf Wiesen,
1093 3011 4215 3260 Wälder, Viadukte und auf die herandämmernde Ebene bot. Paula nahm
1075 3131 3940 3424 aus ihrer Dose eine Zigarette und bot auch ihrem Begleiter
1080 3321 4112 3579 eine an. Die Dose, erzählte sie, hatte ihr der Vaterwor einiger
1062 3497 3923 3729 Zeit aus Moskau mitgebracht. Dann äusserte sie den Plan im
1054 3604 3622 3815 nächsten Jahre eine Reise nach Japan zu unternehmen.
1385 3776 3493 3970 "Allein?" fragte Robert,wie besorgt um sie.
1333 3927 3987 4164 Sie lächelte: "Ich werde mich wohl dazu entschliessen
1058 4090 3716 4293 müssen. Mama hat zu grosse Angst vor der Seekrankheit.'
1351 4215 4129 4426 Wie schön wäre das, dachte Robert, mit ihr xxx
1028 4435 4060 4658 in der Welt herauszureisen; und er wusste, dass sie seine Gedan-
1011 4615 1794 4822 ken mitfühlte.
