4872 5908
2167 565 2968 839 Votre très obéissant ?
3946 506 4212 822 78
1088 772 4220 1109 sich aussprechen zu dürfen, und er berichtete ihm lebhaft von sei-
2833 982 3065 1092 schen
1332 1025 2032 1159 neveu
1071 1033 4220 1299 nen letzten Arbeiten, die sich mit Fragen des musikalischen Unter-
1079 1206 4145 1509 richtswesen beschäftigten. Unwillkürlich fiel hiebei sein Blick
1088 1400 4153 1611 auf das geschlossene Piana, und als Paula bemerkte, es sei darauf
1084 1598 4229 1834 schon lange nicht gespielt worden, schlug Robert vorerst, ohne sich
1079 1758 4233 1944 niederzusetzen, ein paar Töne an; sie klangen etwas dumpf und das
3466 1834 4191 1973 im dem Klavice
4204 1855 4423 2024 to the
1075 1939 4199 2125 Porzellan zitterte leise mit. Paule begaan die Gegenstände, die m
1071 2058 4098 2311 dem Bockol standen, hanunthazuräumen, und unteréserts Beihilfe
1075 2285 4140 2526 stellte sie Tassen, Teller, Uhr, Armleuchter und Vasen auf den Bo-
1067 2429 4263 2703 den hin. Dann setzte sich Robert an den geöffneten Flügel und hun
3748 2559 4149 2656 wein
1058 2644 4153 2918 in seiner Weise zu phantasieren an,bis er aus einer Tanzmalodie,
1067 2804 4043 3048 in die er unversehens geraten war, und die er dem Moment nicht
1046 2863 4183 3263 recht angemessen fand, sich in eine melancholische,in Chopin'sche
1062 3175 4187 3403 Modulationen verklingende Melodie rettete. Die Frauen schwiegen,
1058 3318 4123 3567 nachdem er geendet; er sah sie nicht,da sie hinter ihm in einer
1033 3483 4161 3723 Ecke des zimmers sassen, doch er fühlte, dass ihnen sein Spiel ge-
1037 3634 4187 3908 fallen hatte. Paula erhob sich, trat zu ihm und fragte ihn, ob ihm
1058 3866 4279 4077 selbst ein guter Fltigel zu Gebote stände. „Ich habe einen vortreff-
1046 3993 4284 4330 Liehen gehabt“, erwiderte er. „Aber im vorigen Frühjahr habe ich ihn
1037 4216 4288 4419 sowie manches andere, verkauft.Sobald ich wieder eine Wohnung nehme,
1037 4368 4393 4591 schaffe ich mir einen neuen an-Vorläufig hause ich nämlich noch immer
1008 4575 4398 4811 Gasthof. In den Augen Paulas schimmerte ein leises Lächeln auf, und er
1025 4718 4385 4996 wusste, was es zu bedeuten hatte. In einem Blick, in dem sie sich begeg-
1893 4988 3900 5148 chts mehr ein, behauptete er, er wie se nicht
1872 5093 3774 5232 xxx sie schlafend an meiner Seite lag,
1674 5182 3934 5372 enden würde. "Heute Nacht", bemerkte er in seiner
