4888 5908
4000 464 4196 775 77
3267 532 3591 848 P.I.
1099 630 1406 861 1,1
2569 784 2833 912 une
1125 797 3979 1091 Unglücksfällen ist im Grunde die Verlegenheit der Andern."
3664 941 4060 1065 Kestner
1082 1031 4141 1261 Robert wollte eben etwas erwidern, als Frau Dank ein-
1125 1184 4102 1474 trat, von jener Atmosphäre des Gleichmasses umgeben, in die an-
1112 1384 4102 1627 scheinend weder äussere noch innere Stürme Unruhe zu bringen
1913 1534 2190 1644 habe
1125 1457 4179 1798 vermochten. Es hätte ihr recht leid getan, bemerkte sie xxxx
1099 1742 4200 1955 Toh, dass sie dem Herrn Sektionsrat auf dem
1103 1913 4004 2177 Semmering nicht mehr persönlich hatte Adieu sagen können...
2816 2019 3549 2126 Aber sei meinem
2006 2049 2266 2147 fügte
3885 2002 4064 2275 be
1112 2019 3851 2296 und etwas zögernd sie hinzu: „Sie dürften ja samm
1099 2219 3885 2467 unternichtet sein, wenn ich in denen zuschossen hat und
1282 2373 2765 2560 schört und gelesen haben.
1576 2437 4243 2641 Paula, leicht errötend, unterbrach sie: „In den Zeitungen
3962 2565 4132 2628 dert
1095 2628 4111 2837 ist eine Menge dummes und unwahres Zeug gestanden." Robert
1095 2799 4047 3016 wollte abwehren, Paula aber fuhr fort: „Richtig ist eigentlich
1546 2935 1725 3046 der
1091 2905 4345 3199 nur, dass xxxx Vater abgereist ist und wahrscheinlich nicht mehr —
656 3148 4077 3336 der Stadt zurückkommen wird. Aber eine zwingende Notwendigkeit dazu be-
1082 3327 4132 3532 steht keineswegs. Es wäre ihm eben nur peinlich gerade hier in
1078 3472 4141 3728 anderen, gegen früher erheblich geänderten Verhältnissen weiter
1069 3647 4188 3898 existieren zu müssen. Er gehört nun einmal zu den Men-
1082 3825 4260 4068 schen, die ein neues Leben nur in einer neuen Umgebung beginnen
1078 4047 4320 4256 können. Bei mir ist das anders; bei uns“fügte sie mit einem xxx
1069 4158 4277 4422 liebevollen Blick auf die Mutter hinzu, wieder eine Wohnung nehme,
1517 4388 4354 4618 „Ich danke für Ihr vertrauen“, entgegnete Robert leis e.
2905 4490 3174 4601 einer
1056 4409 1261 4605 seha
1546 4537 4183 4733 „Und jetzt“, sagte Paula mit das Gebärde endgiltiger und
1061 4724 4354 4993 Erledigung; „Genug von uns. Wie geht’s denn Ihnen?“ Sie erkundig-
1056 4886 4145 5103 te sich, wie er sich nach einer so langen Urlaubspause wieder in
1039 5044 4004 5372 Gebundenheit und Beruf hineingefunden. Ihm war es willkommen
