4920 5876
1141 804 4287 1109 sollte er sie auch ungebracht haben? Das ist vielleicht viel häu-
2419 980 2820 1101 lerhand
1129 936 4339 1274 figer, als man ahnt. Es wäre interessant diesen Dingen nachzugehen.
1133 1133 4242 1470 Vielleicht ahnt er das Gleiche von mir und ist darum so auffal-
2463 1169 2619 1270 das
2182 1322 3069 1446 ukunftsbildes. Otto
1125 1318 4178 1659 lend liebenswürdig. Gibt es am Ende eine Art Freimaurerzeichen
1591 1366 1816 1458 ostre
2664 1519 2893 1611 zlic
1125 1490 4202 1832 für uns Mörder? Sonderbar, er hält noch immer meine Hand fest...
3310 1623 3857 1776 Fecha Salin
2627 1687 2848 1788 nach
1699 1671 4174 1985 In diesem Augenblick trat Hofrat Kanto ein. Robert
1133 1864 4202 2198 enwachte sofort aus seinem Wahn,erwiderte den Willkommgruss des
1113 1832 1278 1997 ber-
2812 2041 2993 2133 Wm.
1129 2021 4263 2306 Hofrats mit Unbefangenheit und bald war zwischen dendrei Herren
1121 2230 4190 2539 ein berufliches Gespräch im Gang, im Verlauf dessen Robert Gele-
1121 2366 4194 2712 genheit nahm, seine Ideen zur Umgestaltung des musikalischen Un-
2575 2519 4009 2660 Man hart ihm mit Interesse an
1133 2559 4198 2873 terrichtswesens vorzubringen, die mit Interesse angehört wurden.
1125 2736 4319 3077 Nachher stattete er einigen Amtskollegen in ihren Kanzleien Besu-
3029 2917 3218 3017 under
1137 2905 4263 3238 che ab; und manche beglückwünschten ihn zu seiner Genesung in so
1133 3097 4307 3411 scherzhaftem Ton, als hätten sie seine Erkrankung nie recht ernst
1125 3395 1599 3612 genommen.
1655 3347 4230 3664 Zu Mittag speiste er mit dem Ministerialsekretär Weg-
1121 3604 4174 3961 ner, der ihn in seiner beshaften Weise mit allerlei Amtsklatsch
1125 3809 4259 4138 unterhielt, nachher spielten sie nach alter Gewohnheit eine Partie
3234 3973 3411 4066 wonder
1125 3965 4122 4283 Billard, und so war es schon später Nachmittag, als Robert die
1137 4154 4226 4447 Treppe zur Wohnung seines Bruders hinaufschritt. Da dieser noch
2455 4323 2724 4459 bunden
1137 4359 4202 4664 ordinierte, meldete er sich bei Marianne als heimgekehrt und er-
1125 4512 4255 4849 zählte ihr von seiner Bergwanderung mit Doktor Leinbach, wobei er
2186 4700 2475 4817 Robert
1121 4684 4174 5018 dessen Ausrüstung in humoristischer Weise übertrieb und insbe-
1125 4813 4295 5179 sondere den Inhalt des Rucksacks durch Hinzuerfindung von Konser-
2306 5034 2909 5171 Bemerkungen für
1965 5070 2234 5183 te, die
1121 5014 4355 5424 venbüchsen und Schnapsflaschen ins Lächerliche zu steigern wusste.
2752 5211 4162 5416 sich nach der Inbegriff seiner
