5032 5892
634 498 887 782 1 mai
1120 486 1552 712 1.° M. I. 1. 4. p.
3068 486 3430 766 1e,4.17
1233 653 1416 774 1'7" 11
3722 568 4048 793 38 a
1209 782 4332 1034 ein Lob aus des Ministers eigenem Munde zu erringen, was ihm nicht
1186 976 4196 1225 nur zur Befriedigung seines Ehrgeizes, sondern auch aus einem
1190 1178 4184 1392 andern, ihm nicht gleich deutlich werdenden Anlass von Wichtig-
1174 1338 4270 1528 keit zu sein dünkte. Und nun entdeckte er zu einem Verdruss,
1186 1509 4033 1746 das keine törichte Angst immer noch auf dem Grunde seiner
2761 1657 3127 1762 Konnte
1171 1719 4266 1882 Seele xxxlauerte, etwa so, als tglbteder düstere Wahn, der ihn
1163 1835 4196 2065 selbet verlassen,unabhängig von ihm,wie ein freigewordener bö-
1167 2057 4180 2201 ser Geist in anderen Menschen sein gefährliches Wesen weiter-
1159 2205 4192 2368 treiben. Doch als er um sich blickend, sich völlig unangefoch-
1143 2372 4157 2524 ten an einem nachmittägig belebten Teil der Ringstrasse unter
1139 2508 4075 2695 vielen Menschen sich völlig unangsfochten, ein harmloser Spa-
1120 2734 1412 2882 zier-
