4792 5908
879 777 4067 1010 in einem Zug mit Lust, fast mit Begier. Der Klavierspieler phanta¬
1409 692 1711 930 dans
896 930 4012 1206 sierte über Themen aus Wagnersschän Opern, in parodistischem Wal-
879 1061 4079 1363 zertempo. Irgend etwas, längst Vergangenes, zog durch Roberts sein.
3787 1206 4105 1333 D, er
887 1299 4126 1592 Vor vielen Jahren, iA Beginn seiner Ehe, war er einmal während einer
900 1435 3995 1723 Tristan-Aufführung mit seiner jungen Gattin in der verdunkelten
891 1634 4309 1885 Lage gesessen und sehr zärtlich mit ikx gewesen. Es war ihm nun den
896 1830 3842 2067 als hätte er sie damals unendlich geliebt und er dachte, dass
913 1859 1545 1995 Erinnerung
1397 1987 2212 2144 in remen Lebe
908 1991 3939 2314 vielleicht manches anders gekommen wäre, wenn sie nicht so jung
891 2182 4045 2441 hätte sterben müssen. Trotz dieses wehmütigen Einfalls fühlte er
891 2352 4130 2619 sich ganz behaglich und merkte, dass er mit der Hand sanft zum Kla-
908 2543 4024 2785 vierspiel den Takt schlug. Er lächelte d### oder wollte viel-
2318 2691 2751 2819 fielte en
896 2717 3842 2976 mehr lächeln, denn plötzlich begannen seine Lippen zucken,
896 2802 4092 3146 Thrähen stiegen ihm in die Augen, und er konnte sich eben noch mit
896 3052 3854 3294 Mühe zurückhalten laut aufzuschluchzen, und den Kopf auf die
900 3205 4135 3472 Tischplatte einken zu lassen. Er biss die Zähne zusammen, sah rings
904 3417 4130 3680 um sich, ob irgend jemand seine Schwäche bemerkt hätte, was an sein
891 3566 3948 3850 ner Befriedigung nicht den Fall wan, und lachte nun auf, aber so
887 3727 4067 4029 laut und schrill, dass etliche Blicke sich nach ihm wandten. Lein-
879 3884 3859 4194 bach blickte ihn scharf an. „Was hast du" fragte er. Robert
883 4020 4135 4343 schüttelte den Kopf. „Mir ist was Komisches eingefallen“, sagte er.
2555 4245 3073 4402 aucheinend
879 4313 4045 4576 „Darf man wissen?“ fragte Leinbach/nur mehr aus Neugier. „Nichts
896 4419 4033 4720 für Euch, nichts für euch“, erwiderte Robert,blickte dann verstoh-
3167 4597 3460 4703 keine
2195 4623 2598 4767 Mreich
908 4661 4143 4975 len im Saal horum, stellte neuendings fest, dass er weitere Aufmerk-
972 4686 1651 4818 wurde
891 4848 4105 5073 samkeit erregte,und dass nur aus einer Ecke zwei Augen, die einem
879 5026 4050 5277 jungen Mädchen angehörten, höhnisch oder vielleb ht bedauernd auf
3209 5213 3375 5391 des
2526 5217 3014 5421 in geös¬
1426 5251 1613 5459 des
2381 5370 3646 5565 en Wichtigkeit vorgenracht
1456 5429 2016 5565 Ja mit einem
