4792 5668
3945 350 4206 575 211.
2811 330 3173 599 1)1 (1)
1130 643 4206 909 Bräutigam der jungen Dame, von der ich dir einmal erzählt habe“.
1142 840 4283 1122 „Welcher jungen Dame?... Du hast trotz deiner Diskretion immerhin
2919 977 3603 1102 gen aus seinem
2320 1009 2883 1138 nächsten Mo:
1146 1070 4106 1259 schon von einigen gesprochen.“ - „Ich spreche von der, mit der
2730 1138 3671 1295 stehen. Robert fühl
1130 1210 4327 1424 ich letzten Sommer ein paar Wochen in der Schweiz verbracht habe.
1834 1218 2059 1331 Bruder
1158 1407 4202 1621 „Von Alberta? Du bist ihr begegnet?“ - Nicht ihr, ihrem Verlob-
1138 1520 4283 1789 ten".- „Dem Amerikaner?“ - „Ganz richtig,dem Amerikaner“.- „Ihrem
1146 1729 4254 1962 Mann also?" - „Wieso? Ah freilich.“ Er hatte ganz vergessen, dass
1130 1926 4234 2111 er ihr von dem letzten Brief Albertens nichts erzählt hatte, aber
3129 2019 4142 2175 in Günsten seine Stadt.
1142 2103 4186 2324 er erkannte sofort, dass er diesen Umstand für seine Zweske noch
1130 2228 4331 2505 besser vanwenden könnte ale wenn Parla die Warrheit wtsete. Und er
1516 2300 1946 2401 adimitur
1122 2465 4351 2686 sagte: „Ganz richtig wenn er sie geheiratet hat, was ich wohl anneh-
1126 2626 4230 2831 men muss, so ist er ihr Mann. Daran hatte ich gar nicht gedacht."
3418 2722 3965 2855 in Wies
1178 2787 3997 3024 „In diesem Pelt xünde Alberta wohl auch wieder hier sein?"
1846 2799 2188 2911 So das
1166 2964 4259 3213 Möglich.-Gesehen habe ich nur ihn".- Auch gesprochen?“ - „Nein,
1122 3145 4287 3394 er hat mich wohl gar nicht bemerkt. Er befand sich auf der andern
1094 3342 4098 3563 Seite der Strasse." Und rasch, als legte er der soeben von ihm
3764 3422 4025 3555 der
1118 3519 4158 3736 erfundenen Begegnung keinerlei Bedeutung bei,brachte er das Ge-
2517 3583 4411 3768 nur unverlegenheit von der
1106 3704 4315 3909 spräch auf andere, näherligende Dinge, so auf die Einrichtung ihrer
2167 3852 2541 3961 to the
1118 3812 4206 4106 künftigen Wohnung und auf gewisse Anschaffungen, für den zu grün-
3511 3965 3792 4078 erkten
1098 4017 4271 4246 denden Haushalt, nach dem Abendessen entwarfen sie unter Beihilfe
2783 4150 3675 4291 hagen hervorhob u
1102 4190 4130 4468 der Mutter eine genaue Liste aller nötigen Einkaufsgegenstände
2216 4375 2646 4500 wie der
1114 4411 4138 4620 und verabredeten endlich für den morgigen Tag zum Zweck dieser
3024 4524 3213 4624 weder
2055 4540 2903 4677 ist dieser Besuch zu
1094 4588 4114 4785 Einkäufe einen gemeinsamen Gang in die Stadt. Zu später Stunde
3116 4681 3639 4809 den Sinn, ob
2686 4709 2952 4821 durch du
2015 4733 2320 4854 lüchte.
1106 4757 4118 4966 erst verabschiedete sich Robert in anscheinend se aufgeräumter
2907 4882 3157 4990 hätte,
1721 4890 2827 5035 and glaubte
1102 4938 4082 5127 Stimmung, dass an auch den Rest von Unruhe aus Paulas Gemüt ge-
1082 5115 2332 5392 schwunden glaubte dass
