4696 5700
1108 591 4226 908 es tiefer mit den Wurzeln alles Seine verschlungen war, als das zu
1237 824 4309 1078 der Glut, kam ihm zu Bewusstsein, dass er die Geliebte erwartete.
3856 920 4514 1074 us my
1249 1049 4297 1220 In einer Stunde wird sie da sein, sagte er sich und ich habe es-
1112 1145 1674 1291 hängnisses
3035 1120 4497 1341 Nach dem überein zu stimmen.
3685 1199 4143 1403 unkleisten.
1228 1224 3393 1382 bis zu diesem Augenblick nicht recht genusst.
1199 1324 1824 1432 eich stärkst.
1224 1403 4135 1591 Wie wird alles licht sein, wenn ich sie wieder habe. Seit ich
1128 1511 1616 1628 sen drohte
1220 1553 4559 1736 heute Mittag von ihr Abschied nahm, ist doch alles wie ein Traumpeac-
1220 1720 4372 1911 mein ganzes Leben habe ich indess durchgetrüumt, und darum scheint
1141 1857 1999 1978 wäusche des heraik
1224 1799 4493 2128 es mir auch so unendlich lange her, dass ich Paula verlassen ha-
1203 2040 4347 2319 be, länger fast als seit dem Tag, an dem ich hier in dieser selben
3631 2211 4051 2423 in Pfiff,
1212 2269 3543 2469 Allee mit Alberta spazieren ging. das Gepäck ab;
1690 2398 4272 2640 Er überschritt die Brücke und bald darauf wandelte er
1112 2548 1657 2677 der Zug seit
1199 2619 4118 2802 auf dem Perron längs der geleise auf und ab. Weit hinaus ins
1207 2752 1495 2852 Zevend
1199 2756 4447 2969 Dunkel liefen die schwarzen schnurgeraden Schienen durch die
1195 2956 4255 3198 weis se Bahn. Der Stationschef ging an ihm vorbei und grüsste
1162 3081 4318 3373 höflich. Irgendwoher kam ein Ton wie von singenden Drähten. Innern
1174 3298 4318 3560 Ganz nahe streckten die Felsen sich ins Blau der Nacht.  Welchthof
1166 3448 1416 3568 ich i
1166 3481 4214 3722 ein Friede hier, dachte Robert.- Am Ende kann doch noch alles
1158 3627 1428 3743 zurück
1162 3643 4284 3835 gut werden? Ob in einem solchen Frieden nicht auch Otto genossen
4097 3835 4293 4026 orn
1153 3810 2469 4080 könnte, der seine ganz
1170 3985 1478 4097 ersäumt
1158 4010 4135 4247 an das zeit der Welt versunwandet hat. Er muss wieder gesund
1124 4168 1582 4260 wahrschei
1141 4164 4226 4439 werden! Er muss! Hätte ich selber denn noch eine ruhige Stunde,
1137 4343 1474 4455 um zweich
1911 4355 4001 4559 xxx weiterzuatmen, wenn er nicht wieder ge-
1141 4409 1928 4605 ja vermöchte ick
1911 4497 2477 4613 wusste,
1337 4518 1653 4618 eintret
2515 4497 4255 4751 es kein Mensch auf Erden Lebte, der
1128 4584 1828 4797 sund würde? Und
1811 4584 2502 4797 sind er xxx
2561 4672 3456 4792 lte wieder einmall
3389 4697 4155 4926 rein Verhältnis
1128 4718 2748 4967 ihm teuerer war als Otto, dass
1116 4872 1899 4976 gewölbte Gastzin
1120 4892 4130 5138 von so innerster, naturgewollter Beständigkeit gab, als das von
1274 5042 1595 5155 geben, j
1091 5109 2223 5309 Bruder zu Bruder, dass
