4872 5652
3112 310 3307 567 G.C.P.
3845 493 4044 741 107
911 629 4081 890 Aufenthaltes; und seine Stimme klang so warm,so nah,-insbesondere
902 811 4130 1068 als er dann noch von anderen längst vergangenen Dingenmund endlich
890 1014 4035 1233 auch vom Elternhaus,einem uralten, seither verschwundenen Gebäude
890 1237 4056 1391 der inneren Stadt zu sprechen anfing, dass Robert ein wundersames,
877 1386 4023 1577 lange nicht genossenes Gefühl von  Geborgenheit durch die Seele
877 1560 4143 1713 fliessen fühlte. Doch das währte nur eine kurze Weile. Dann schäm-
873 1726 4201 1871 te er sich seiner Rührung wie ein Betrogener, heftig hob er das Haupt
2400 1854 2587 1953 lter
865 1867 4184 2090 empor und mit einem forschend Kisten Blick, der den Bruder notwendig
832 2053 3998 2297 überraschen musste, sah er ihm ins Auge. Und plötzlich, mit Grauen
840 2289 4081 2458 erblickte er ein Antlitz, das er kannte. Es war das gleiche,das ihm
824 2413 4081 2562 neulich nachts aus dem Spiegel entgegengestarrt hatte, sein eigenes,
832 2574 4048 2761 blass,mit weitaufgerissenen Augen und um die Lippen einen schmerz-
819 2761 4035 2959 lich entsetzten Zug. Diese Aehnlio keit war so ausserordentlich, so
803 2914 4010 3116 zwingend, dass ihn der Gedanke durchzuchte,ob es nicht wirklich das
791 3079 4015 3270 Bild seines Bruders und nicht sein eigenes gewesen war, das ihm da-
1900 3195 2334 3307 and den
2599 3191 3663 3323 entgegengeblicht h.M.
795 3278 3957 3477 mals Warnend oder drohend im Spiegel erschienen war. War es viel-
782 3406 1126 3576 leicht
