4872 5908
3950 541 4138 861 e4
1074 829 4138 1194 ter. Es war vollkommen ausgeschlossen, dass er Pomla umgebracht
1170 845 2476 1082 Einsamkeit zu schwärmen, abe
1987 1074 3157 1222 Wermar ter mieder il
2756 1038 4231 1282 Er hatte doch nie jemanden
1062 1210 2544 1362 hatte. Fassung, Ruhe! Verdannte
1074 1270 4158 1566 umgebracht. Das stand ja fest, er wusste es, nie. Lehen hatte er
1082 1438 4227 1699 sich wieder in der Gericht. „Was ist das für eine Affaire?“ fragte
1995 1602 3417 1799 Erkundigungen im Hause einzunehmen
1078 1771 1534 1903 er ruhig.
1667 1795 4187 2035 „Ach, du hast wohl heute noch keine Zeitung gelesen.
1607 1855 1779 1955 noch
1082 1947 4175 2239 Doktor Kestner ist durchgegangen. Unterschlagene Depots,Mündel-
1066 2143 3878 2428 gelder und dergleichen,-man hat schon lang was gemunkelt."
1643 2316 4010 2576 „So, durchgegangen? Ich habe noch nichts gelesen.
1078 2492 4082 2772 Uebrigens kenn' ich ihn nur ganz flüchtig. Aber meine Familie
1074 2664 4271 2945 habe ich erst gestern gesprochen. Sie waren hier heroben, Frau und
2147 2696 2352 2820 Leben
3950 2808 4106 2949 ten
1078 2848 3213 3137 Tochter, Gestern Abend sind sie abgereist.
1647 2937 4559 3277 „So - die waren hier? In der Zeitung stand allerdings!
1078 3209 4203 3469 von Wien abwesend... ja... Offenbar hat er die Familie heraufge-
1078 3369 4247 3630 schickt, um indess in Ruhe seine Vorbereitungen treffen zu können.
1078 3525 4138 3818 Er soll schon seit sechsunddreissig Stunden verschwunden sein.
3534 3710 4138 3862 her bewegen,
1074 3730 3429 3998 Schade um ihn. Er war ein sehr begabter Mensch.
1635 3910 4070 4150 Robert konnte sich der Empfindung nicht erwehren,
1074 4038 4299 4371 dass er eigentlich eine angenehme Neuigkeit erfahren hatte. Durch
1062 4227 4231 4619 das Unglück, das die Familie betroffen, war er Paula wieder näher-
1078 4419 4235 4743 gerückt, war in gewissem Sinne in ein geheim-verwandtschaftliches
1074 4575 4259 4896 Verhältnis zu ihr geraten. Er sprach mit Leimbach über die Angele-
2127 4635 2668 4759 zwecklos un
1074 4803 4295 5060 genheit nicht weiter; doch statt erst am nächsten Morgen, wie seine
1078 5004 4243 5240 Absicht gewesen, reiste er noch am selben Nachmittag mit ihm heim,
1074 5120 4183 5457 zu Leinbachs grosser Befriedigung, der zwar stets behauptete für
