4808 5908
3889 594 4049 777 61
1602 757 4232 1004 Robert berichtete, dass er beinahe die ganzen Tage ist
1128 964 4204 1196 Mein Bruder denkt nicht daran mir den Schuldschein vorzuweisen.
3690 1104 4017 1251 nd viel
1128 1116 3885 1395 Es gibt weder Schein noch Schuld... Ich habe die Wahl...
2471 1287 4228 1478 Durch, tolles Zeug, wahrhaftig! Leinbach
1040 1327 1909 1566 geträumt, die ganz
3559 1443 4089 1706 kimt haben
2790 1470 2969 1650 Rob
1913 1506 2112 1726 . W.
1028 1626 1203 1757 Zur
1690 1646 4101 1861 Am nächsten Morgen kündigte Doktor Leinbach durch
1160 1718 1558 1921 ohte, was
1108 1817 4196 2072 eine vergnügte Karte seinen Besuch für denselben Tag an. Robert,
1104 1992 4248 2244 der mit ruhigen Sinnen erwacht war, entschloss sich ihm entgegen
3929 2184 4113 2291 undi
1088 2180 4256 2427 zugehen. Auf der breiten Waldstrasse, im kühlen Herbstschatten der
1084 2359 4280 2610 Tannen, durch die ein mattblauer Himmel schimmerte,begegneten sich
1076 2606 4184 2770 die Freunde. Leinbach war touristisch ausgerüstet, mit Nagelschu-
1072 2774 4160 2949 hen, Kniehosen, Bergstock und Rucksack. „Was hast du Grosses vor?
1052 2949 4109 3128 fragte Robert. „Nichts weiter“,erwiderte Leinbach, als mich in
1052 3064 4160 3304 die Landschaft zu fügen und allen Möglichkeiten gegenüber gerüs-
1048 3236 4160 3467 tet zu sein." - „Jedenfalls“, sagte Robert, müsstest du auf meine
1040 3399 4184 3658 Gesellschaft verzichten, falls du etwa gesonnen wärst eine Bergbe-
3869 3598 4113 3702 obert
1020 3575 4105 3826 steigung zu unternehmen".- „Ich denke nicht daran,umso weniger,
1020 3786 4204 3993 als ich schon um fünf Uhr zwanzig hineinfahren muss".- „Also wozu
1004 3965 4113 4192 der Rucksack?" - „Für den Fall, dass man Lust hätte in Freien zu
996 4132 4184 4356 essen".- „Was hast du denn alles mit?“ - „Schinken, Käse, Brot, eine
980 4316 3957 4543 Flasche Wein, einen Band Goethe und etwas Verbandzeug".-.Das
984 4427 4089 4718 auch"“ - „War noch von meiner letzten Tour her drin. Ich wollte
976 4647 4132 4862 es schon herausnehmen, aber so etwas hiesse das Schicksal herau-
3949 4826 4176 4981 wahre
956 4826 4132 5073 fordern." Er hing sich in Roberts Arm. „Also erzähle, was hast du
960 5025 4164 5284 die paar Tage heroben gemacht? Schönes Wetter gehabt, nicht wahr?-
1056 5196 3889 5519 Querten, gab dies Leinbach Anlass zu einem Vergleich mit dem
