4456 5716
3593 351 3863 608 xxx
2548 587 3023 822 aren, —
660 749 3413 1075 k-be. Nun steht alles schlimmen als es ja, gestanden ist
775 908 3854 1250 titästemannateisten xxxx. xxxx ogannaltennaszustekxx
831 1071 3897 1413 xxx Otto weiss, wo ich bin. Er wird mir nachfahren; gar sch
1657 1122 1880 1246 par le
2865 1178 3507 1328 Spur gelicht
835 1203 4077 1593 durch meine Flucht lank ich ihn auf meine Neugen. Er hält die X
1516 1289 2120 1422 nab faese
814 1435 3897 1743 Stunde für gekommen, in der er verpflichtet ist sein Wort einzu-
827 1585 3914 1910 lösen, endkich adlwebe in der furchtbarsten Gefahr, ohnnenxxxxxx
865 1764 3306 1970 und das Spiel ist für mich so gut wie verloren! -
856 1820 3811 2141 tänistänissän sekkevästi.
1143 1936 3974 2235 Während er all dies erwog, ass und trank er anscheinend
403 1970 856 2248 sünstbar
775 2098 3760 2458 in grösster Seelenruhe weiter, und xx merkte mukumit leisem
878 2304 3889 2625 staunen, dass all seine Gedanken kühl und kaum von Angst betont
2141 2407 3906 2638 I am ohne forlof simple jeschehen
882 2492 3927 2801 durch seine Seele zogen. Und mir aus natürlichen Verstandes¬
869 2604 3880 2998 folgerungen, als aus einem Gefühl von Furcht(herms,) ergab sich
2895 2839 3079 3006 ing
3927 2741 4300 3002 müsse.
2972 2788 3824 3088 depos. Remmps
856 2904 2253 3152 ftir ihn, dass an ingand etwas
2364 2989 4030 3259 zumlehte. Dass er hier nicht blei-
775 3079 4154 3529 sorben, dass er weiterflichen müsste, das war klar. Die Frage war nur
749 3143 1353 3353 zu xxx
1152 3250 1880 3383 in zwen T.W.
2814 3306 3417 3469 même, & in
784 3315 4115 3662 wohin. Wären/die Verfolger mergen nicht auf seiner Spur, so würden
1692 3413 1996 3533 m
779 3490 4235 3876 sie es in wenigen Tagen sein. Selbst wenn es ihm gelänge das Land, ja
2253 3563 2428 3662 und
2214 3730 2398 3841 und
878 3696 3966 4017 den Kontinent zu verlassen, da/die neue Welt zu erreichen.- vor
908 3901 3871 4205 der fixen Idee eines Wahnsinnigen war er doch nirgends sicher
2364 3983 3983 4163 Bewusstsein dauernder Gefahr und
3096 4060 3850 4300 xx xxx
916 4158 1443 4274 Sicherheit
856 4150 2707 4424 und am Ende konnte ihn dieses anlgxx
805 4205 3983 4552 xyz ewigen Verfolgtseinain Virklichkeit um den Verstand bringen.
792 4428 3974 4736 so dass er die Andern ins Recht gesetzt, seinem Bruder gewisser-
797 4625 3948 4925 massen in die Hände gerbeitet und zu ein teuflischer Witz des
788 4792 3807 5088 der Schicksals - dessen Wahmides bestätigt hätte-traurig-ernst
767 4929 3918 5310 zugenickt und gr. verließt das ### und xxx dre###
775 5156 3734 5443 blickt hatte. Doch sah er sich völlig anders, als er in jenem
