<?xml version="1.0" encoding="UTF-8" standalone="yes"?>
<PcGts xmlns="http://schema.primaresearch.org/PAGE/gts/pagecontent/2013-07-15" xmlns:xsi="http://www.w3.org/2001/XMLSchema-instance" xsi:schemaLocation="http://schema.primaresearch.org/PAGE/gts/pagecontent/2013-07-15 http://schema.primaresearch.org/PAGE/gts/pagecontent/2013-07-15/pagecontent.xsd">
    <Metadata>
        <Creator>prov=READ-COOP:name=TrHtr:version=2.1.0:model_id=51170:date=15_08_2023_07:01</Creator>
        <Created>2023-05-10T15:04:12.804+02:00</Created>
        <LastChange>2023-08-15T07:01:14.032+02:00</LastChange>
        <TranskribusMetadata docId="1428793" pageId="55429884" pageNr="78" tsid="132841493" status="IN_PROGRESS" userId="64420" imgUrl="https://files.transkribus.eu/Get?id=QBHHEMXXBEAILQIQJMMCDYDF&amp;fileType=view" xmlUrl="https://files.transkribus.eu/Get?id=EOGVBKSYLBKGZQDINSMBWKXI" imageId="44703956"/>
    </Metadata>
    <Page imageFilename="1428793_0078.jpg" imageWidth="4840" imageHeight="5908">
        <ReadingOrder>
            <OrderedGroup id="ro_1711806341562" caption="Regions reading order">
                <RegionRefIndexed index="0" regionRef="tr_2"/>
                <RegionRefIndexed index="1" regionRef="tr_1"/>
            </OrderedGroup>
        </ReadingOrder>
        <TextRegion id="tr_2" custom="readingOrder {index:0;}">
            <Coords points="1098,743 4254,743 4254,2361 1098,2361"/>
            <TextLine id="tr_2_tl_1" custom="readingOrder {index:0;}">
                <Coords points="4025,856 4060,864 4072,852 4100,860 4112,848 4124,856 4147,840 4179,848 4171,602 4151,602 4124,582 4084,594 4056,574 4017,574"/>
                <Baseline points="4046,793 4135,793 4189,799"/>
                <TextEquiv>
                    <Unicode>63</Unicode>
                </TextEquiv>
            </TextLine>
            <TextLine id="tr_2_tl_2" custom="readingOrder {index:1;}">
                <Coords points="1925,1034 1989,1034 2024,1054 2111,1030 2171,1058 2210,1030 2321,1038 2321,951 2179,907 2151,883 2080,887 1977,816 1925,836"/>
                <Baseline points="1945,1026 1975,1026 2064,1020 2154,1020 2243,1020 2333,1020"/>
                <TextEquiv>
                    <Unicode>Dunkorn</Unicode>
                </TextEquiv>
            </TextLine>
            <TextLine id="tr_2_tl_3" custom="readingOrder {index:2;}">
                <Coords points="1109,1173 4052,1109 4056,911 2702,907 2167,1058 1113,1010"/>
                <Baseline points="1133,1115 1199,1115 1289,1115 1378,1109 1468,1109 1557,1109 1647,1104 1736,1109 1826,1104 1915,1104 2005,1104 2094,1104 2184,1098 2273,1098 2363,1098 2452,1092 2542,1092 2631,1086 2721,1086 2810,1086 2900,1080 2989,1080 3079,1080 3168,1074 3258,1074 3347,1074 3437,1074 3526,1068 3616,1068 3705,1068 3795,1068 3884,1068 3974,1068 4063,1068"/>
                <TextEquiv>
                    <Unicode>Grunde für einen B###l. Und nicht ganz mit Unrecht. Für eine</Unicode>
                </TextEquiv>
            </TextLine>
            <TextLine id="tr_2_tl_4" custom="readingOrder {index:3;}">
                <Coords points="1711,1236 1798,1216 1842,1216 1866,1232 1917,1212 1957,1224 1996,1208 2068,1228 2076,1141 2024,1153 1973,1141 1953,1121 1921,1145 1862,1153 1830,1137 1806,1145 1790,1121 1719,1137"/>
                <Baseline points="1736,1217 1808,1211 1897,1205 1987,1193 2076,1193"/>
                <TextEquiv>
                    <Unicode>Min kopf</Unicode>
                </TextEquiv>
            </TextLine>
            <TextLine id="tr_2_tl_5" custom="readingOrder {index:4;}">
                <Coords points="1093,1355 3581,1331 4191,1268 4195,1101 1093,1216"/>
                <Baseline points="1115,1300 1157,1306 1247,1294 1336,1294 1426,1289 1515,1283 1605,1283 1694,1283 1784,1283 1873,1277 1963,1277 2052,1277 2142,1271 2231,1271 2321,1265 2410,1265 2500,1265 2589,1265 2679,1259 2769,1259 2858,1259 2948,1259 3037,1259 3127,1253 3216,1253 3306,1253 3395,1253 3485,1253 3574,1253 3664,1247 3753,1247 3843,1241 3932,1241 4022,1241 4111,1241 4201,1247"/>
                <TextEquiv>
                    <Unicode>geistreichen xxx, wie er sich neulich einmal ausgedrückt hatte</Unicode>
                </TextEquiv>
            </TextLine>
            <TextLine id="tr_2_tl_6" custom="readingOrder {index:5;}">
                <Coords points="1097,1537 4088,1438 4092,1268 1101,1394"/>
                <Baseline points="1121,1474 1145,1474 1235,1468 1324,1468 1414,1462 1503,1462 1593,1456 1682,1456 1772,1456 1861,1456 1951,1456 2040,1450 2130,1450 2219,1450 2309,1450 2399,1444 2488,1444 2578,1444 2667,1438 2757,1438 2846,1438 2936,1432 3025,1432 3115,1426 3204,1426 3294,1426 3383,1420 3473,1420 3562,1420 3652,1420 3741,1414 3831,1414 3920,1414 4010,1414 4099,1414"/>
                <TextEquiv>
                    <Unicode>Immerhin blieb es auffallend, dass Leinbach den Blick so rasch</Unicode>
                </TextEquiv>
            </TextLine>
            <TextLine id="tr_2_tl_7" custom="readingOrder {index:6;}">
                <Coords points="1101,1711 3989,1640 4171,1616 4175,1442 1105,1561"/>
                <Baseline points="1127,1647 1139,1647 1229,1647 1318,1641 1408,1641 1497,1635 1587,1641 1676,1635 1766,1635 1855,1629 1945,1629 2034,1629 2124,1629 2214,1623 2303,1623 2393,1623 2482,1617 2572,1617 2661,1617 2751,1611 2840,1611 2930,1611 3019,1611 3109,1611 3198,1611 3288,1605 3377,1605 3467,1605 3556,1599 3646,1599 3735,1599 3825,1599 3914,1599 4004,1593 4093,1593 4183,1593"/>
                <TextEquiv>
                    <Unicode>wieder abgewandt hatte und nun scheinbar gleichgültig zum Himmel</Unicode>
                </TextEquiv>
            </TextLine>
            <TextLine id="tr_2_tl_8" custom="readingOrder {index:7;}">
                <Coords points="1101,1901 4199,1806 4242,1699 1105,1759"/>
                <Baseline points="1127,1826 1211,1820 1300,1820 1390,1820 1479,1814 1569,1814 1659,1814 1748,1814 1838,1808 1927,1808 2017,1802 2106,1802 2196,1802 2285,1802 2375,1802 2464,1796 2554,1796 2643,1796 2733,1790 2822,1796 2912,1790 3001,1790 3091,1790 3180,1784 3270,1784 3359,1778 3449,1778 3538,1778 3628,1778 3717,1778 3807,1772 3896,1772 3986,1772 4075,1766 4165,1766 4254,1760"/>
                <TextEquiv>
                    <Unicode>aufstarrte. Robert begann zu pfeifen, er wusste selbst nicht recht</Unicode>
                </TextEquiv>
            </TextLine>
            <TextLine id="tr_2_tl_9" custom="readingOrder {index:8;}">
                <Coords points="1077,2020 4108,1981 4187,1842 2048,1826 1081,1941"/>
                <Baseline points="1104,1993 1151,1999 1241,1993 1330,1993 1420,1993 1509,1987 1599,1987 1688,1987 1778,1987 1867,1987 1957,1987 2046,1981 2136,1981 2225,1975 2315,1975 2404,1975 2494,1975 2584,1969 2673,1969 2763,1969 2852,1969 2942,1969 3031,1963 3121,1963 3210,1957 3300,1957 3389,1957 3479,1957 3568,1957 3658,1957 3747,1951 3837,1951 3926,1951 4016,1945 4105,1945 4195,1951"/>
                <TextEquiv>
                    <Unicode>warum. War es, um Leinbach zu prüfen, um Ihn zu ärgern, oder um ihn</Unicode>
                </TextEquiv>
            </TextLine>
            <TextLine id="tr_2_tl_10" custom="readingOrder {index:9;}">
                <Coords points="1073,2266 4155,2163 4159,1957 2678,2099 1077,2068"/>
                <Baseline points="1098,2172 1121,2172 1211,2172 1300,2172 1390,2172 1479,2166 1569,2166 1659,2166 1748,2166 1838,2160 1927,2160 2017,2154 2106,2154 2196,2154 2285,2154 2375,2154 2464,2148 2554,2148 2643,2148 2733,2148 2822,2142 2912,2142 3001,2142 3091,2136 3180,2136 3270,2136 3359,2136 3449,2130 3538,2130 3628,2130 3717,2130 3807,2130 3896,2124 3986,2124 4075,2124 4165,2130"/>
                <TextEquiv>
                    <Unicode>hinters Licht zu führen? Plötzlich erhob er sich und schlug vor,</Unicode>
                </TextEquiv>
            </TextLine>
            <TextLine id="tr_2_tl_11" custom="readingOrder {index:10;}">
                <Coords points="1081,2432 4191,2333 4191,2218 3070,2143 2381,2274 1085,2286"/>
                <Baseline points="1109,2345 1151,2351 1241,2351 1330,2351 1420,2345 1509,2345 1599,2339 1688,2339 1778,2339 1867,2333 1957,2333 2046,2333 2136,2333 2225,2333 2315,2327 2404,2327 2494,2321 2584,2321 2673,2321 2763,2315 2852,2315 2942,2315 3031,2315 3121,2315 3210,2309 3300,2309 3389,2303 3479,2303 3568,2303 3658,2303 3747,2297 3837,2297 3926,2297 4016,2297 4105,2297 4195,2297"/>
                <TextEquiv>
                    <Unicode>sich auf den Rückweg zu machen. Leinbach nickte und rüstete sich</Unicode>
                </TextEquiv>
            </TextLine>
        </TextRegion>
        <TextRegion id="tr_1" custom="readingOrder {index:1;}">
            <Coords points="1008,2420 4272,2420 4272,5398 1008,5398"/>
            <TextLine id="tr_1_tl_1" custom="readingOrder {index:0;}">
                <Coords points="1077,2571 3981,2527 4195,2607 4270,2337 1081,2432"/>
                <Baseline points="1104,2530 1139,2524 1229,2524 1318,2524 1408,2518 1497,2518 1587,2518 1676,2518 1766,2518 1855,2512 1945,2512 2034,2512 2124,2512 2214,2506 2303,2506 2393,2506 2482,2506 2572,2500 2661,2500 2751,2500 2840,2494 2930,2494 3019,2494 3109,2488 3198,2488 3288,2488 3377,2488 3467,2488 3556,2482 3646,2482 3735,2482 3825,2476 3914,2476 4004,2476 4093,2470 4183,2470 4272,2476"/>
                <TextEquiv>
                    <Unicode>etwas umständlich zum Amstieg. Da Robert ein paar Schritte voraus-</Unicode>
                </TextEquiv>
            </TextLine>
            <TextLine id="tr_1_tl_2" custom="readingOrder {index:1;}">
                <Coords points="1070,2761 4124,2694 4124,2559 3918,2527 1073,2614"/>
                <Baseline points="1092,2715 1181,2703 1271,2703 1360,2703 1450,2697 1539,2697 1629,2697 1718,2691 1808,2691 1897,2685 1987,2685 2076,2685 2166,2685 2255,2685 2345,2679 2434,2679 2524,2679 2613,2679 2703,2673 2792,2673 2882,2673 2971,2673 3061,2667 3150,2667 3240,2667 3329,2661 3419,2661 3508,2661 3598,2661 3688,2655 3777,2655 3867,2655 3956,2655 4046,2649 4135,2649"/>
                <TextEquiv>
                    <Unicode>geeilt war,bemerkte Leinbach trocken: „Deine Lähmung scheint ja</Unicode>
                </TextEquiv>
            </TextLine>
            <TextLine id="tr_1_tl_3" custom="readingOrder {index:2;}">
                <Coords points="1066,2935 4143,2860 4147,2694 1066,2812"/>
                <Baseline points="1086,2876 1109,2882 1199,2876 1289,2876 1378,2876 1468,2876 1557,2876 1647,2876 1736,2870 1826,2870 1915,2870 2005,2864 2094,2864 2184,2858 2273,2858 2363,2858 2452,2858 2542,2852 2631,2852 2721,2852 2810,2852 2900,2846 2989,2846 3079,2846 3168,2846 3258,2846 3347,2840 3437,2840 3526,2840 3616,2840 3705,2840 3795,2834 3884,2834 3974,2834 4063,2828 4153,2834"/>
                <TextEquiv>
                    <Unicode>zurückgegangen zu sein".- Robert wandte sich hastig nach ihm um.</Unicode>
                </TextEquiv>
            </TextLine>
            <TextLine id="tr_1_tl_4" custom="readingOrder {index:3;}">
                <Coords points="1058,3098 3945,3042 4147,3022 4151,2931 3003,2864 1058,2991"/>
                <Baseline points="1080,3061 1115,3055 1205,3055 1294,3055 1384,3055 1474,3049 1563,3049 1653,3043 1742,3043 1832,3043 1921,3043 2011,3037 2100,3037 2190,3037 2279,3037 2369,3037 2458,3031 2548,3031 2637,3031 2727,3031 2816,3025 2906,3025 2995,3025 3085,3025 3174,3019 3264,3019 3353,3019 3443,3013 3532,3013 3622,3013 3711,3013 3801,3013 3890,3007 3980,3007 4069,3007 4159,3007"/>
                <TextEquiv>
                    <Unicode>Doch die Miene des Freundes zeigte nur den gewöhnlichen Ausdruck</Unicode>
                </TextEquiv>
            </TextLine>
            <TextLine id="tr_1_tl_5" custom="readingOrder {index:4;}">
                <Coords points="1058,3268 4029,3224 4072,3018 1062,3149"/>
                <Baseline points="1080,3234 1127,3234 1217,3228 1306,3228 1396,3228 1485,3222 1575,3222 1664,3222 1754,3216 1844,3216 1933,3222 2023,3216 2112,3216 2202,3216 2291,3210 2381,3210 2470,3210 2560,3210 2649,3210 2739,3210 2828,3204 2918,3204 3007,3198 3097,3198 3186,3198 3276,3192 3365,3192 3455,3192 3544,3192 3634,3192 3723,3192 3813,3186 3902,3186 3992,3192 4081,3192"/>
                <TextEquiv>
                    <Unicode>eines matt überlegenen Spottes. „Ich habe mir nie eine Lähmung</Unicode>
                </TextEquiv>
            </TextLine>
            <TextLine id="tr_1_tl_6" custom="readingOrder {index:5;}">
                <Coords points="1054,3426 4013,3391 4132,3375 4136,3193 1058,3308"/>
                <Baseline points="1074,3413 1104,3407 1193,3407 1283,3407 1372,3401 1462,3401 1551,3401 1641,3401 1730,3401 1820,3401 1909,3401 1999,3395 2088,3395 2178,3395 2267,3389 2357,3389 2446,3389 2536,3389 2625,3389 2715,3383 2804,3383 2894,3377 2983,3377 3073,3377 3162,3371 3252,3377 3341,3377 3431,3377 3520,3371 3610,3371 3699,3371 3789,3365 3878,3365 3968,3365 4058,3359 4147,3353"/>
                <TextEquiv>
                    <Unicode>eingebildet", sagte Robert. „Ein Hypochonder mag ich ja sein, aber</Unicode>
                </TextEquiv>
            </TextLine>
            <TextLine id="tr_1_tl_7" custom="readingOrder {index:6;}">
                <Coords points="1038,3668 4147,3589 4187,3399 1042,3506"/>
                <Baseline points="1062,3580 1151,3586 1241,3586 1330,3580 1420,3580 1509,3580 1599,3574 1688,3574 1778,3574 1867,3574 1957,3568 2046,3568 2136,3568 2225,3568 2315,3568 2404,3562 2494,3562 2584,3556 2673,3556 2763,3556 2852,3556 2942,3550 3031,3550 3121,3550 3210,3550 3300,3550 3389,3550 3479,3544 3568,3544 3658,3544 3747,3538 3837,3544 3926,3538 4016,3538 4105,3538 4195,3550"/>
                <TextEquiv>
                    <Unicode>ein Idiot bin ich nicht. Uebrigens habe ich mich noch nie so jung</Unicode>
                </TextEquiv>
            </TextLine>
            <TextLine id="tr_1_tl_8" custom="readingOrder {index:7;}">
                <Coords points="1034,3811 3783,3759 4013,3735 4013,3573 1038,3704"/>
                <Baseline points="1056,3759 1068,3759 1157,3759 1247,3759 1336,3759 1426,3759 1515,3753 1605,3753 1694,3753 1784,3753 1873,3753 1963,3747 2052,3747 2142,3747 2231,3747 2321,3741 2410,3741 2500,3741 2589,3735 2679,3735 2769,3735 2858,3735 2948,3735 3037,3729 3127,3729 3216,3729 3306,3723 3395,3723 3485,3723 3574,3717 3664,3717 3753,3723 3843,3717 3932,3717 4022,3717"/>
                <TextEquiv>
                    <Unicode>und so frisch gefühlt xxx jetzt".- „Ja“, seufzte Leinbach,wer</Unicode>
                </TextEquiv>
            </TextLine>
            <TextLine id="tr_1_tl_9" custom="readingOrder {index:8;}">
                <Coords points="1026,3961 3735,3949 4108,3914 4108,3819 2072,3763 1030,3878"/>
                <Baseline points="1050,3932 1074,3932 1163,3932 1253,3932 1342,3932 1432,3926 1521,3926 1611,3926 1700,3926 1790,3920 1879,3920 1969,3920 2058,3920 2148,3920 2237,3920 2327,3914 2416,3914 2506,3908 2595,3908 2685,3908 2774,3908 2864,3908 2954,3902 3043,3902 3133,3902 3222,3896 3312,3896 3401,3896 3491,3896 3580,3896 3670,3896 3759,3890 3849,3890 3938,3890 4028,3890 4117,3890"/>
                <TextEquiv>
                    <Unicode>auch sechs Monate Urlaub nehmen könnte! Wenn unsereiner so lange</Unicode>
                </TextEquiv>
            </TextLine>
            <TextLine id="tr_1_tl_10" custom="readingOrder {index:9;}">
                <Coords points="1014,4163 3918,4104 3945,3945 1018,4029"/>
                <Baseline points="1038,4117 1086,4117 1175,4117 1265,4111 1354,4111 1444,4111 1533,4111 1623,4105 1712,4105 1802,4105 1891,4105 1981,4099 2070,4099 2160,4099 2249,4099 2339,4093 2428,4093 2518,4093 2607,4093 2697,4087 2786,4087 2876,4087 2965,4087 3055,4081 3144,4081 3234,4075 3323,4075 3413,4075 3503,4075 3592,4075 3682,4075 3771,4069 3861,4075 3950,4075"/>
                <TextEquiv>
                    <Unicode>seine Freiheit haben wollte, müsste er geradezu durchbrennen.</Unicode>
                </TextEquiv>
            </TextLine>
            <TextLine id="tr_1_tl_11" custom="readingOrder {index:10;}">
                <Coords points="1022,4310 3914,4302 4080,4258 4084,4092 1989,4227 1026,4179"/>
                <Baseline points="1044,4290 1050,4290 1139,4296 1229,4290 1318,4290 1408,4290 1497,4284 1587,4284 1676,4284 1766,4278 1855,4278 1945,4278 2034,4278 2124,4278 2214,4278 2303,4272 2393,4272 2482,4266 2572,4266 2661,4266 2751,4266 2840,4260 2930,4260 3019,4260 3109,4254 3198,4254 3288,4254 3377,4254 3467,4254 3556,4254 3646,4254 3735,4248 3825,4248 3914,4248 4004,4248 4093,4243"/>
                <TextEquiv>
                    <Unicode>Im übrigen“, setzte er anscheinend unvermittelt hinzu, „was sagst</Unicode>
                </TextEquiv>
            </TextLine>
            <TextLine id="tr_1_tl_12" custom="readingOrder {index:11;}">
                <Coords points="2892,4448 3121,4417 3181,4445 3308,4401 3474,4445 3565,4401 3613,4445 3688,4413 3720,4433 3771,4385 3827,4397 3831,4266 3605,4274 3557,4310 3403,4282 3118,4306 3062,4266 2896,4286"/>
                <Baseline points="2912,4416 2942,4416 3031,4410 3121,4398 3210,4392 3300,4380 3389,4386 3479,4392 3568,4386 3658,4392 3747,4380 3837,4380"/>
                <TextEquiv>
                    <Unicode>par or paula</Unicode>
                </TextEquiv>
            </TextLine>
            <TextLine id="tr_1_tl_13" custom="readingOrder {index:12;}">
                <Coords points="998,4548 1303,4532 1521,4591 1711,4524 1866,4575 2016,4536 2345,4575 2349,4318 2198,4397 1933,4322 1184,4369 1002,4334"/>
                <Baseline points="1020,4469 1104,4469 1193,4469 1283,4469 1372,4469 1462,4463 1551,4463 1641,4457 1730,4457 1820,4457 1909,4451 1999,4451 2088,4451 2178,4451 2267,4445 2357,4433"/>
                <TextEquiv>
                    <Unicode>du zu der Affaire Kestner?"</Unicode>
                </TextEquiv>
            </TextLine>
            <TextLine id="tr_1_tl_14" custom="readingOrder {index:13;}">
                <Coords points="2824,4536 2872,4544 2900,4532 2947,4551 2991,4524 3058,4524 3078,4540 3102,4524 3173,4532 3185,4405 3165,4401 3149,4417 3129,4409 3054,4456 2995,4417 2943,4452 2836,4429"/>
                <Baseline points="2852,4517 2918,4517 3007,4505 3097,4493 3186,4487"/>
                <TextEquiv>
                    <Unicode>slavr</Unicode>
                </TextEquiv>
            </TextLine>
            <TextLine id="tr_1_tl_15" custom="readingOrder {index:14;}">
                <Coords points="1549,4678 4060,4654 4112,4437 1549,4571"/>
                <Baseline points="1569,4648 1611,4654 1700,4642 1790,4636 1879,4636 1969,4636 2058,4636 2148,4630 2237,4630 2327,4624 2416,4624 2506,4618 2595,4618 2685,4618 2774,4618 2864,4618 2954,4618 3043,4613 3133,4613 3222,4613 3312,4613 3401,4607 3491,4607 3580,4607 3670,4601 3759,4601 3849,4601 3938,4601 4028,4601 4117,4601"/>
                <TextEquiv>
                    <Unicode>„Affaire Kestner?“ Robert blieb das Herz still etc.</Unicode>
                </TextEquiv>
            </TextLine>
            <TextLine id="tr_1_tl_16" custom="readingOrder {index:15;}">
                <Coords points="986,4833 3791,4841 4132,4801 4136,4615 986,4690"/>
                <Baseline points="1008,4821 1098,4821 1187,4821 1277,4821 1366,4815 1456,4815 1545,4815 1635,4815 1724,4815 1814,4809 1903,4809 1993,4809 2082,4809 2172,4803 2261,4803 2351,4803 2440,4803 2530,4798 2619,4798 2709,4792 2798,4792 2888,4792 2977,4792 3067,4792 3156,4786 3246,4786 3335,4786 3425,4780 3514,4780 3604,4780 3693,4780 3783,4780 3873,4780 3962,4780 4052,4780 4141,4780"/>
                <TextEquiv>
                    <Unicode>hen. Was hatte das zu bedeuten? Affaire Kestner? Hatte daa einen</Unicode>
                </TextEquiv>
            </TextLine>
            <TextLine id="tr_1_tl_17" custom="readingOrder {index:16;}">
                <Coords points="998,5059 4124,5007 4128,4845 1002,4920"/>
                <Baseline points="1020,5000 1092,5000 1181,5000 1271,5000 1360,5000 1450,5000 1539,4994 1629,4994 1718,4994 1808,4988 1897,4988 1987,4988 2076,4988 2166,4988 2255,4983 2345,4983 2434,4983 2524,4983 2613,4977 2703,4977 2792,4977 2882,4977 2971,4971 3061,4971 3150,4971 3240,4971 3329,4965 3419,4965 3508,4965 3598,4965 3688,4965 3777,4965 3867,4959 3956,4959 4046,4959 4135,4959"/>
                <TextEquiv>
                    <Unicode>Bezug auf ihn? War er in irgend eine Sache verwickelt, ohne es zu</Unicode>
                </TextEquiv>
            </TextLine>
            <TextLine id="tr_1_tl_18" custom="readingOrder {index:17;}">
                <Coords points="998,5249 3953,5185 4096,5154 4100,4995 998,5066"/>
                <Baseline points="1020,5179 1062,5179 1151,5179 1241,5173 1330,5173 1420,5168 1509,5168 1599,5168 1688,5173 1778,5168 1867,5168 1957,5168 2046,5162 2136,5162 2225,5162 2315,5156 2404,5156 2494,5156 2584,5156 2673,5150 2763,5150 2852,5150 2942,5150 3031,5144 3121,5144 3210,5144 3300,5144 3389,5138 3479,5138 3568,5138 3658,5138 3747,5138 3837,5138 3926,5138 4016,5132 4105,5132"/>
                <TextEquiv>
                    <Unicode>ahnen? Paula? Sie sind gestern beide abgereist. Mutter und Toch-</Unicode>
                </TextEquiv>
            </TextLine>
            <TextLine id="tr_1_tl_19" custom="readingOrder {index:18;}">
                <Coords points="1077,5498 1291,5494 1442,5403 1715,5463 2056,5383 2226,5459 2761,5467 3070,5411 3078,5237 2052,5233 1743,5308 1089,5253"/>
                <Baseline points="1104,5388 1115,5388 1205,5382 1294,5382 1384,5376 1474,5370 1563,5370 1653,5364 1742,5358 1832,5353 1921,5353 2011,5347 2100,5341 2190,5335 2279,5335 2369,5329 2458,5329 2548,5323 2637,5317 2727,5317 2816,5311 2906,5305 2995,5299 3085,5293"/>
                <TextEquiv>
                    <Unicode>zu Leinbachs grosser Befriedigung, der zwey</Unicode>
                </TextEquiv>
            </TextLine>
        </TextRegion>
    </Page>
</PcGts>
