4936 5876
4180 524 4390 796 76
2037 668 3249 866 bedenklich wäre ihre logi
1055 763 4374 1043 ### entschliessen konnte, das Wasser zu geniessen,das mir abends
1220 940 4188 1212 ins Zimmer gestellt wurde, in der Befürchtung, dass irgendwer,
1208 1113 4300 1332 sei es nun jemand vom Dienstpersonal oder ein anderer Gast, dem
1158 1290 4271 1612 Wasser irgend eine schädliche oder gar tötliche Substanz beige-
1208 1463 2251 1686 mischt haben könnte.“
1187 1682 1414 1810 etwas
1703 1641 2255 1855 „Nun und?-“
2445 1694 3599 1917 * populiren Ausdruok zu
1163 1822 1402 2012 voors.
1686 1793 4275 2041 „Das ging so weit, dass ich in manchen Nächten, wenn es
2271 1975 2461 2102 my
1196 1987 4271 2263 mir nicht mögl ich war ein anderes Getränk zu verschaffen, lieber
1175 2181 3966 2408 den quälendsten Durst litt, als einen Tropfen zu trinken.“
1661 2354 2032 2564 „Und-?“
3484 2350 4106 2605 Einbildingen
1674 2552 4147 2737 „Ja, was willst du noch wissen? Diese-Vorstellungen
1154 2737 4263 2931 oder Wahnideen,wenn du willst, sind natürlich wieder uurlos ver-
1171 2902 2589 3141 schwunden,wie andere vorher."
1645 3059 4164 3265 „Selbstverständlich. Aber ich frage dich,ob du aus
1154 3236 4230 3434 deinen Befürchtungen irgend welche logische Folgerungen gezogen
1134 3413 4139 3669 hast? Ob du-einmal wenigstens -das dir verdächtige Wasser hast
1134 3578 4226 3801 chemisch untersuchen lassen? Ob du deinen Verdacht gelegentlich
1121 3772 4048 4057 auf bestimmte Personen gerichtet und eine Anzeige erstattet
1806 3937 2028 4143 s
3962 3933 4304 4164 auf 1 Aug.
1117 3953 1443 4234 hast?»
1595 4090 4238 4378 „Das allerdings nicht, Aber darauf kommt es wohl nicht
1109 4312 1356 4547 an.“
1595 4494 4151 4733 „Gewiss kommt es darauf an, mein Lieber, ob eine soge-
1080 4613 4193 4856 nannte Zwangsvorstellung zu weiteren Konsequenzen führt, insbe-
1080 4869 4085 5095 sondere, ob sie sich in Zwangshandlungen umsetzt- oder ob sich
1064 4988 4135 5231 rechtzeitig korrigiert wird. Das ist
1055 5165 4259 5466 lang man in der Lage ist eine seelische Störung in dem Augenblick
