4856 5908
3878 368 4049 560 42
3874 535 4045 673 15
1383 531 2578 819 Vous ne pouvoir qu'il y ai
915 468 1308 802 Monsieur
1066 677 4053 1124 ihr hin, legte die Hände um ihre Wangen und küsste sie auf den
1070 1112 1354 1316 Mund.
1559 1158 4124 1450 Bald nach Mitternacht, xxxxxxxxx zum Fortgehen be-
1074 1316 4158 1571 reit, sichxxxxxxxxxxnxxxxxx, warf sie einen Blick nach dem
1086 1496 4024 1747 gedeckten Tisch zurück, wo noch Reste des Abendessens standen
1091 1676 4158 1981 und sagte: „Darum ist eigentlich schade“. - „Es wird morgen schon
2545 1818 2888 1939 meinte
1074 1864 4049 2144 für Andere aufgewärmt werden", xxx er scherzend. Sie darauf:
3397 1964 3694 2081 alle
1082 2027 4028 2348 „Das könnte man wohl selbst besorgen, da es doch bezahlt ist."
1082 2206 4066 2537 Und auf seinen befremdeten Blick hin! „Hast du etwas dagegen?
1086 2386 4195 2691 Er in einiger Verlegenheit: „Das wäre doch wirklich nicht nötig,
1091 2591 4137 2804 mein Kind." Und er fügte hinzu: „Verzeih, dass ich davon spreche,
2240 2683 3468 2854 nu Kufrijung stehen dars
1091 2762 4154 2988 aber wenn ich dir ingewie betilftich sein xxxx...“ Sie unter-
1086 2888 4208 3239 brach ihn mit einer entschiedenen Handbewegung, doch ohne die Be-
1082 3096 4116 3376 leidigte zu spielen. „Danke“, sagte sie, und mit einem müden Lä-
1099 3264 4087 3564 cheln: „Das sollst du doch nicht von mir glauben“. Sie öffnete
1107 3427 4254 3748 ihne Notenrolle, die aus ser einigen ziemlich zerrissenen Notenhef-
4041 3544 4442 3669 en davon
3176 3556 3957 3673 mikelle in er
1107 3627 4279 3915 ten ein paar Bogen Kanzleipapier enthielt, nahm einen davon schlug
1099 3769 4329 4016 das kal te Fleisch ein und steckte das Päckchen in die Tasche, ihres
1103 3991 4246 4204 Dann gingen sie die Treppe hinab: änä Robert leuchtete mit einem
1099 3999 1772 4124 Regenmantels.
1103 4166 4183 4434 Wachskerzchen voran. Auf der Strasse hing er sich in ihren Arm.
1103 4350 4225 4651 „Oh, du musst mich nicht nach Hause begleiten“, sagte sie.- „Frei-
1099 4421 4463 4747 lich muss ich nicht. Aber wenn ich mir ein Vergnügen daraus machtig
1099 4697 4162 5014 cke. An der nächsten Ecke stand ein Wagen. „Wir werden fahren",
1099 4818 4212 5165 sagte er. Sie schüttelte den Hopf. „Verschwender“, erwiderte sie,
3397 4981 3711 5086 vorher.
1103 5060 4275 5299 in dem gleichen müden Ton, wie ein paar Stunden zukommen, als er eine
