4776 5828
3088 802 3324 956 G.C.F.
1249 875 1648 1029 warten.
1164 903 4223 1204 tung dadurch gegeben war, dass Doktor Leinbach sein persönliches
1298 1115 1469 1212 gea
1147 1111 4276 1383 Verhältnis zur Musik philosophisch klarzulegen suchte /Er sprach
1261 1274 1774 1383 weiterschickt
1143 1355 4215 1530 dieser Kunst einen sozusagen amoralischen Charakter zu, indem er
1135 1444 1595 1566 ben durft
1123 1485 4215 1729 für seinen Teil unter dem Einfluss schöner Klänge sich stets ge-
1111 1668 4284 1920 neigt fühle, sich von sämmtlichen Fehlern und Sünden, die er jemals
1119 1819 4085 2079 begangen, und je begehen würde, ein für alle Mal loszusprechen.
1099 2026 4215 2270 Kahnberg stimmte zu und führte aus, dass innerhalb des Absoluten,
1172 2165 1347 2283 schs
1086 2234 4329 2445 also obensowohl innerhalb des Mathematischen wie des Musikalischen
1082 2360 4069 2624 für den Begriff Stündepder Verbrechen überhaupt kein Raum sei.
1062 2567 4048 2807 Robert folgte der Unterhaltung nicht weiter; es fiel ihn ein,
1074 2726 4101 2978 dass er dieses Lokal zuletzt in Albertens Gesellschaft besucht
1050 2913 4118 3125 hatte; und er fragte sich so sie jetzt wohl sein möchte? Ob der
1050 3088 4065 3340 junge Amerikaner sie wohl wirklich geheiratet hatte? Konnte er
1351 3231 1534 3340 aen
1033 3247 4170 3507 nicht ein Gauner gewesen sein, und sie irgendwo im Stich gelassen
1021 3414 4118 3642 haben? Es war doch recht gewissenlos gewesen, sie so ohneweiters
1021 3629 3715 3890 ihrem Schicksal zu überlassen, ja geradezu auszuliefern.
1566 3804 4134 4036 Immer mehr Menschen drängten in den kleinen Raum und
997 3963 4138 4227 zwängten sich zwischen den Tischen durch. Eine sehr grosse, unna-
997 4118 4207 4419 türlich magere junge Dame in Begleitung von zwei Herren blieb eine
976 4305 4134 4581 Weile, mit den Blicken im ganzen Saal herumsuchend, ganz nah neben
956 4484 3963 4769 Roberts/Sessel stehen und ihr Arm streifte den seinen. Da sie
964 4655 4154 4939 keinen Platz fand, wandte sie sich mit ihren Begleitern wieder zum
952 4866 3979 5106 Gehen; doch an der Türe sah sie sich lächelnd nach Robert um.
940 5025 4203 5298 Ein frisch gefülltes Glas Champagner stand vor ihm. Er trank bracht
