4760 5844
987 675 2948 928 seiner Sinne floss.
1451 818 1835 932 Verpietet
1493 827 4327 1075 eben ins Hotel zurück als die andern Gäste sehen beim Mit-
1054 915 1392 1105 deren xxx
2282 978 3256 1109 re in Millogenen
974 1046 4146 1240 tagessen xxx und nahm der seine wie immer, allein an einem der
962 1223 4196 1434 breiten Saalfenster mit dem Blick aufs Meer. Nachher verabschiede-
953 1438 4226 1573 te er sich höflich von einigen Badebakanntscheften und liess sich
949 1510 4032 1750 endlich für eine kurze Weile am Tisch der Damen Kestner nieder,
936 1763 4180 1953 die auf der Uferterrasse ihren Nachmittagskaffee tranken. Fräulein
924 1873 4226 2092 Paula, der Robert während seines Aufenthaltes auf der Insel keine be-
919 2083 4175 2286 sondere Aufmerksamkeit geschenkt hatte,wie ihm überhaupt der Ver-
907 2248 4188 2467 kehr mit unverheirateten Damen aus guter Familie wenig zusagte,be-
907 2463 4277 2682 trachtete ihn heute mit einer Teilnahme, die ihn nachden klich stimm-
903 2628 4167 2864 te. Als er zum Abschied nicht nur der noch immer schönen, etwas ho-
877 2784 4167 2994 heitsvollen Mutter, sondern, gegen seine Gewohnheit, auch der Tochter
873 2965 4095 3214 die Hand küsste, fühlte er auf seiner stirn den warmen Glanz eines
860 3142 4188 3353 freundschaftlich-nahen Blicke s ruhen, der gleichsam dunkler wurde,
877 3344 4078 3538 als ihm Roberts Augen begegneten. Er begeb sich ins Klavierzimmer,
844 3505 4032 3699 griff ein paar Akkorde auf dem verstimmten Flügel, verliess aber
844 3682 4175 3880 bald wieder den Raum, hinter dessen herabgelassenen Vorhängen der
848 3834 4163 4028 schvüle Nachmittag dunstete; und, auf dem weissen strahlenden üferkies
844 4019 4180 4218 hin und her waandelnd, empfand er peinlich die unergründliche Leere
831 4158 4222 4382 jener nutzlosen Stunden vor einer festgesetzten Abreise. Daher ent-
3910 4319 4315 4483 entgeps
822 4374 4078 4606 schied er sich, statt abends mit dem regelmässigen Dampfer, lieber
801 4589 4040 4762 gleich mit einem der kleinen Motorboote, noch im vollen Licht, die
806 4757 4125 4964 kurze strecke übers Meer zu fahren und wonderte bis kurz vor Abgang
