4840 5796
1095 432 4072 703 Aufenthaltes, die Robert vergessen hatte; und seines guten Ge-
2316 648 2580 766 lick
1084 632 4036 919 dächtnisses sich freuend tief er noch andere Tage der Vergan-
2901 797 3086 903 here
1072 836 4181 1080 genheit handen, liess Gestalten aus der Jugendzeit emporsteigen.
2214 978 2772 1115 Vemandte;
1084 985 4213 1241 Schulkameraden und Lehrer, und seine Stimme klang so warm, so nah,
1080 1198 4162 1464 insbesondere, als er dann vom Elternhaus, einem uralten, seither
1107 1355 4130 1629 abgerissenen Gebäude der inneren Stadt zu sprechen anfing, dass
1084 1563 4154 1775 Robert ein wundersames, lange nicht genossenes Gefühl von Gebor-
1084 1716 4138 1979 genheit durch die Seele fliessen fühlte. Gern hätte er es fest-
1076 1904 4126 2179 gehalten, sich ganz damit durchtränkt, denn er wusste ja, dass es
1076 2073 4229 2316 ihm nicht gegeben wir, solcher Empfindungen für die Dauer froh zu
3447 2191 3863 2297 niregen
1731 2218 2595 2383 wirklich by ihr
1091 2230 4174 2513 werden. Und schon regte eine neue Unruhe sich in Ihm Was liess
1940 2407 2340 2525 welche
1095 2438 4087 2705 den Bruder heute mit einer wärme sprechen, die ihm sonst nicht
2477 2583 2760 2697 etwa
1076 2623 4075 2831 gegeben war? Kam es ihm nicht vielleicht nur darauf an ihn in
1084 2772 4115 3008 Sicherheit zu wiegen? Und schon wandelten sich ihm dieses Worte
1084 2917 4099 3196 aus dem Innigen das Eüsstehe ins Unruhne, ins Tückischaum. bey
1048 3141 4072 3357 Der mähnung, die sich eben noch in seiner Miene gezeigt. begann
695 3223 919 3388 her
1327 3274 3031 3439 schämte er sich einer Stützung
1072 3290 4130 3522 er sich zu schänen wie ein Betrogener; heftig hob er das Haupt
1080 3490 4087 3738 mmpor, und mit einem forschend kalten Blick, der den Bruder not-
1084 3691 4174 3887 wendig überraschen musste, sah er ihm ins Auge. Und er erblickte
1072 3840 4087 4072 plötzlich ein Antlitz, das er mit Grauen wiedererkannte, Es war
1072 4036 4083 4260 das gleiche, das ihm neulich Nachts aus den Spiegel entgegenge-
1830 4134 4107 4264 einen schwerlich entschlär zug um die dispie¬
1048 4225 4119 4441 starrt hatte, sein eigenes, xxxrürbt, blass mit weitaufgerissenen
1052 4386 4107 4609 Augen. Diese Aehnlichkeit war so ausserordentlich, so zwingend,
1060 4539 4123 4790 dass ihm der Gedanke durchzuckte, ob es nicht wirklich das Bild
1060 4704 4048 4978 seines Bruders und nicht sein eigenes gewesen war, das ihm da-
1017 4939 4154 5300 mals warnend oder drohend im Spiegel erschienen war. Oder war meine
