4840 5908
3899 588 4167 804 59
1032 856 4203 1180 zur Besinnung. Er sagte sich, dass die Abreise der Denen unmöglich
2815 976 3547 1112 en Schuldschein
1028 1052 4159 1372 in irgend einer Beziehung zu seiner Anwesenheit hier oben stehen
3351 1140 3695 1260 de Wahl.
2919 1168 3235 1284 sh habe
1040 1204 4243 1444 könne. Er wusste, dass er weder schuldig, noch irgend einem Menschen
1040 1392 4155 1643 auf der Welt verdächtig war. Seine Nerven waren noch immer nicht
1048 1540 4163 1819 in Ordnung, das war alles. Keineswegs aber war Paula das Geschöpf
3003 1691 3267 1803 Dok to
1048 1747 4099 2031 auf ein unklares oder gar offensichtlich verleumderisches Tele-
3847 1835 4051 1943 Robs
3195 1863 3399 1967 alber
1040 1935 4095 2235 gramm hin davonzufahren und ihn seinem Schicksal zu überlassen.
2835 2051 3011 2167 atso
1052 2111 4147 2343 Sie wäre nicht abgereist,ohne ihn gesprochen zu haben; was immer
1032 2275 4155 2571 man ihr hinterbracht, sie hätte versucht mit eigener Urteilskraft
1052 2463 4075 2763 der Angelegenheit auf den Grund zu kommen. Und selbst den Fall
3715 2535 4055 2663 agelsch
1052 2663 4147 2883 gesetzt, er hätte jemals in seinem Leben ein Verbrechen begangen,
1060 2815 4111 3063 sie war die Frau es zu verstehen und es zn verzeihen. Uebri-
1036 2999 4123 3259 gens... kam das alles nicht in Betracht. Gründe für die Abreise
1060 3159 4191 3419 der Damen konnte es zu Dutzenden geben. Der Vater war erkrankt...
1052 3343 4171 3583 oder sonst wer aus der Familie. Gewiss nichts Bedenkliches, sonst
1036 3523 4075 3771 hätte man kaum daran gedacht ihn grüssen zu lassen.
1048 3707 4087 3939 alse nicht der geringete Anlass zur Beunruhigung und er konnte
3827 3751 4155 3883 so wozu
1048 3879 4183 4183 sich nichtig zu läfen legen. Er hatte die wann, noch immer. Nur an
3731 3967 3975 4075 eien
1044 4015 4207 4367 ihm lag es über seinen Wahn Herr zu werden. Im Batte vor dem Ein-
2207 4011 2771 4163 voorbeioen
1036 4247 4091 4467 schlummern versuchte er seine Gedanken zu ordnen. Ich bin kein
1048 4403 4219 4647 Mörder, sagte er sich, und kein Mensch denkt von mir, dass ich einer
3751 4487 4047 4607 wollte
1036 4575 4255 4894 sein könnte. Morgen kommt ein Brief von Paula, eine Entschuldigung,
3303 4675 3703 4798 Schicksal
988 4763 4099 5018 eine Erklärung für die plötsliche Ahneise. Und wenn nicht,- so
2811 4870 3375 4998 „Also erzä“
1000 4950 4135 5198 verschaffe ich sie mir selber. Ich bin ja frei, ich bin ja nicht
3431 5042 3627 5162 Dt, nn
1052 5106 4159 5450 eingesperrt. Höhnburg ist lange tot. Was geht mich Hönnburg an?
