4808 5636
1791 292 2408 533 1. 0. 2. 1.
3837 325 4000 521 92
837 537 4025 896 sprochen zu haben, wie es ihm nach zwei oder drei Glas Wein leicht
854 742 4050 1025 begegnete. Es war gewiss nicht underkbar, dass einem ärztlichen Be-
837 908 4141 1221 obachter alle diese Dinge, überhaupt eine gewisse Veränderung in sei-
1941 900 2108 1012 und
1479 912 1891 1054 Jugenten
833 1096 4041 1367 nem Wesen und in seinen Zügen, vor allem die unlengbare, immer noch
2966 1171 3666 1300 sein könnte.
846 1250 4070 1512 vorhandene Ungleichheit der Lidspalten, aufgefallen war. Und er er-
833 1421 3975 1708 wog,ob nicht Otto, dem eigenen Scharfblick gerade in diesem Falle
3458 1521 3758 1629 Robert
837 1571 4033 1887 nicht völlig vertrauend, seinen Kollegen ersucht hatte unauffällig
837 1766 4066 2025 zu beobachten. Eines war sicher, dass die Beiden,Otto und der Pro-
3266 1858 3491 1975 als
846 1912 4125 2208 fessor, nachner eine Weile in einer Fensternisene gestand sich
837 2108 3937 2371 sehr angelegenstlich miteinander unterhalten hatten. Und einmal
829 2258 4058 2537 hatte von der Fenstersische her Otto den Bruder mit einem flüchti-
842 2446 4162 2696 gen Blick gestreift und ihn gleich wieder abgewendet. Wegstichauf
1371 2546 3933 2883 Von plötzlicher Unruhe gepackt seha tete Robert das
829 2708 4066 3037 Licht ein,sprang aus dem Bett und trat vor den Spiegel. Das Ant-
825 2879 4016 3133 litz,das ihm entgegensah,mit fahlen Wangen,weitaufgerissen Augen
821 3066 3912 3400 und zerrauftem Haar,einen fremden Zug um die Lippen,erschreckte
829 3229 4012 3550 ihn tief. War das überhaupt sein Gesicht? Ja, das war es wohl, aber
808 3462 3970 3708 so, wie es sich einem ofrenbaren musste, dem es gegeben war hinter
812 3629 4100 3845 den gepflegten Masken des Alltags das  schte.das wahrhaf-
812 3820 4041 4025 tige zu erkennen, in das die Spuren all der Aengste eingegragen wa-
3008 3916 3379 4025 endlich
808 3966 3879 4195 ren, die ihn sein halbes Leben lang verfolgt und durch die Welt
817 4075 4137 4362 gejagt hatten. Wenn auch ihre Macht in den letzten Zeit Wochen sich-
787 4262 4108 4487 auch sollen schien, seiner Umgebung musste das keineswegs ebenso
1008 4304 1421 4429 geenilder
2337 4408 3300 4541 was seke nateliast
567 4458 1129 4625 & inlingiblem
800 4445 4150 4708 Mlar sein wie ihm selbst und es gar kann einen Empfel, dass Otto, der
792 4620 4012 4850 gewiss seit Jahren eine ernstere Nervenerkrankung,vielleicht den
2121 4754 2483 4854 reides
783 4762 3975 4966 Ausbruch einer schweren Stelenstörung bei ihm befürchtet,
779 4883 4008 5249 gesehen und erwartet hatte, ihn fortdamernd beobachtete und ein be-
1283 5124 1446 5291 .
