4696 5700
1104 583 4278 901 es tiefer mit den Wurzeln alles Seine verschlungen war, als das zu
1261 579 1691 827 Täurisch
1087 872 4163 1083 Eltern, Kindern, und Geliebten, und er war entschlossen, des Ver-
1244 868 1740 1000 dern Tisch
1100 1025 4109 1269 hängnisses Herr zu werden, dass diese geheimnisvollsten und zu-
1232 1075 1542 1186 te, und
1087 1203 4332 1443 gleich stärksten aller Bände zwischen Mensch und Mensch zu zerreis-
1224 1422 1488 1534 jetzt
2431 1397 3617 1625 bestellte ein Abendessen,
3981 1410 4154 1571 Bn:
1104 1513 1670 1620 sen drohte.
1678 1542 4212 1769 Ein fernes Pfeifen ertönte, klang immer näher,die Ge-
1186 1583 1662 1782 vorzügl ich
1104 1716 4345 1988 räusche des herankommenden Zugs verstärkten sich, schwarz, pfauchend
4349 1744 4543 2075 be
1083 1930 4324 2220 erwähst duhr er ein. Ein Herr in dickem Jagdpalz stieg aus, dann
1170 1955 1343 2063 we3
1100 2083 4237 2331 zwei Bauern und eine alte Frau. Ein Träger kam gelaufen, nahm mit
1488 2121 1670 2228 Ed. Bl.
1108 2253 4039 2517 devotem Gruss dem Herrn im Jagdpelz das Gepäck ab; ein Pfiff
1141 2311 1405 2414 Zeit
1108 2447 4171 2687 der Zug setzte sich wieder in Bewegung,fuhr ins dunkle und ver-
1129 2489 1529 2596 kommen,
1141 2658 1315 2774 ruo-
2724 2670 2877 2770 von
3774 2567 4332 2819 rustend
1116 2749 1534 2848 schwand.
1666 2774 4150 2997 Robert stand da, sah ihn verschwinden und begniff
1087 2956 4254 3278 nicht recht. Nach einiger Zeit erst verliess er den Bahn-
1087 3142 4332 3394 hof äusserlich ruhig und, zu seiner eigenen Verwunderung, auch inner-
1385 3175 1691 3295 derngekung
1091 3307 4328 3551 lich nicht allzu sehr enttäuscht.-Langsam ging er nach dem Gasthof
1112 3481 4440 3729 zurück und sagte sich! Ich werde ein Telegramm vorfinden, oder es
1100 3658 4179 4001 kommt/ im Laufe der nächsten Stunden. Entweder hat Paula den Zug
1116 3716 1302 3824 Itte
1100 3840 4192 4072 versäumt oder sie hat xyz Gründe, einen späteren zu nehmen.- Und
1112 4014 4254 4262 wahrscheinlich wird sie erst morgen Mittags kommen, nicht Nachts
1083 4059 1492 4187 to the
1112 4229 3997 4419 um zwei Uhr. Dies war nämlich die Stunde, in der der nächste
1087 4415 1629 4555 derrücktheit
1075 4398 3377 4613 Zug eintreffen sollte: sein eigener Wahn findet
1670 4551 4266 4783 Es war kein Telegramm da. Robert trat in das niedrige
1087 4729 4200 4981 gewölbte Gastzimmer, an dessen Fenst er noch immer, von Rauchdunst
1005 4746 1728 4907 liebigen andere
1104 4944 1835 5163 umgeben, jene
1232 5233 1943 5502 dess of are
2034 5246 2873 5477 nicht gleich in
3563 5279 3766 5469 gen
