4776 5636
3945 273 4173 549 xx
1595 533 4145 774 Sie umfasste mit ihr en Fingern die seinen. Du hast xxx
1439 714 1724 830 oh nur
1106 673 4097 958 recht. Es war nicht die Seele allein. Aber gefähr-
1892 858 2834 986 weder da, noch dort.
1086 898 4053 1098 lich wurde es doch niemals, Vielleicht, weil ich nicht wusste,
2056 1042 2381 1151 was had
1086 1054 4049 1311 wohin mit mir, und so ist „nichts draus" geworden,wie du frü-
1427 1227 1599 1351 lton
1074 1287 3580 1423 her sagtest, weder eine Ehe noch sonst was..nichts.
3472 1291 4197 1475 in which
2682 1375 2950 1515 defe
1459 1423 1708 1527 Wahns
1583 1439 3953 1612 „Und du bereust nicht,-was du vielleicht versäumt
3496 1531 3820 1656 Dieses
1267 1571 2137 1748 wundersame Verände.
1070 1575 1363 1816 hast?”
1275 1668 4149 1872 diese Gelöstheit, diese Heiterkeit seines Wesens einem getrüb
1571 1796 4109 1964 „Zuweilen ist es schon vorgekommen, das will ich ni Ht
3303 1876 3568 2004 stoss
2930 1904 3111 2008 nden
1062 1912 3965 2181 leugnen. Aber du vergisst, mein Lieber“, und sie lächelte müd,
1082 2125 2433 2321 „ich bin aus guter Familie."
3411 2165 3897 2341 interessés
2722 2165 3259 2361 wandelten
2393 2265 2654 2385 und
1543 2321 4305 2513 Er erwiderte nichts sie xxxx weiter im leise het###
1062 2445 3989 2686 sinkenden Schnee. Wie rein ist solch ein Leben, dachte er bei
4029 2538 4237 2682 2,20,
1050 2682 3981 2906 sich, wie fleckenlos und rein. Bin ich ihrer wert? Sie weiss,
1050 2838 4269 3051 dass ich mancherlei erlebt habe. Und doch - sie fragt mich nicht s.
1050 3019 3961 3219 Nun ja,warum sollte sie auch neugierig sein? Sie vermutet in
1034 3187 4009 3383 meinem Leben nichts anderes als das, was junge Männer eben
1014 3359 4069 3624 durchzumachen pflegen. Von dem Dunkel in meiner Seele
1026 3496 4089 3776 ahnt sie nichts. Nichts von vergangenen bösen Wünschen, die heu-
1034 3724 3880 3937 te noch als gespenster in mir umgehen, nichts von der Angst,
1010 3937 3925 4097 die mich in schlimmen Stunden bedrückt, nichts von dem Brief,
2289 4037 2489 4149 Anner
1010 4077 4005 4325 der in meines Bruders Händen ist, von dem furchtbaren Brief, der
1022 4269 4057 4454 ihm Gewalt über mein Leben und iiber meinen Tod gibt. Und Piötz-
2205 4398 2413 4490 sich
1435 4402 1904 4522 ade jetzt,
1046 4434 1231 4530 daar
1002 4450 4073 4674 lich fühlte er eine würgende Angst in sich aufsteigen, eine ganz
3075 4550 3411 4654 dücksel.
1447 4570 3011 4706 wieder die alte.
998 4626 3993 4815 neue und doch xxx xxx. Wieso fiel ihm der Brief mit einem
2914 4714 3560 4835 chens berecht:
1996 4750 2477 4859 furchtbare
1002 4782 3965 5007 male ein? Was hatte der Brief denn heute noch zu bedeuten? Er
3187 4895 3387 5015 word.
1022 4927 2622 5171 pflich tet glauben könnte. Um sein
