4728 5668
2116 354 2429 671 16.
2915 548 3586 745 Während Robert
959 675 4097 947 dacht xxx nicht zu trügerischer Gewissheit werden zu
1021 828 4043 1149 lassen. xxx Strich sich über die stirn und er-
3796 968 4068 1095 Ziller
1017 1062 3994 1289 widerte xxx ruhig: „Nichts, Herr Baron, nichts weiter als ein
1005 1223 4035 1466 Kopfschmerz, ein fliegender Schmerz, der mich, wie zur Erinnerung
1009 1383 3957 1626 an meine nervösen zustände vom vorigen Jahr, hock manchmal zu
1005 1589 3932 1816 überkommen pflegt. Es ist auch schon wieder vorüber.»
1445 1709 3862 1985 Sichtlich erleichtert atmete der Baron auf. Nun,
3533 1841 4052 2063 auf dem Land
984 1960 3957 2166 des ist ja gut," sagte er. „Wir wollen hoffen, dass
3916 2075 4126 2223 auf -
2759 2083 3895 2331 an, auch diese letzten
980 2158 1425 2368 Auswaltungen
2335 2248 2862 2487 werden...
1425 2100 2269 2372 Schmieder verg
3492 2248 3949 2487 Jodnsains
2907 2302 3121 2470 ###&
980 2355 2079 2524 Mahnungen endgiltig an
2261 2442 2561 2536 keiner
1449 2446 4023 2664 Oh, ich bedarf ### scholung, Herr Baron,
3994 2598 4159 2804 nem
955 2590 3949 2825 keineswegs. Der kurze Urlaub, den Herr Baron so gütig sind mir
968 2792 3945 3010 zu bewilligen, sollte wirklich nur dazu dienen meinen Entwurf,
968 2985 3940 3203 mit dessen letzter Fassung ich Ihre Geduld schon über Gebühr
955 3166 3986 3405 in Anspruch nehme, endlich abzuschliessen.“ Und
951 3343 4257 3549 geschehen, ergänzte er mit einigen knappen und klaren worten eyönigk
959 3508 4031 3735 seine ### Ausführungen, Befriedigt nickte der Baron, und
947 3656 4031 3928 als Robert ihn endlich verliess, schien er den kleinen zwischen-
943 3846 3932 4113 fall vollkommen vergessen zu haben. Robert aber begab sich in
951 3994 3924 4245 sein Bureau zurück, brachte seine Papiere in Prünung und bald
2433 4179 2845 4295 Amts.
2862 4192 4010 4435 Aus er seinem Vorsatz
1981 4245 2825 4476 stellung dem Gebäuche.
939 4299 1783 4472 darauf entfernte
3685 4369 4122 4603 Ich
922 4385 3508 4682 nach für genaume Zeit nicht wieder betreten sollte.
3323 4554 4043 4789 Gestern Nacht,
1569 4607 2479 4805 ich nicht.“ 16.###
1379 4690 4130 4982 Sein Plan der Siebefast ohne sein Dezutun, nur durch
2372 4887 3961 5188 mit hatte, stand völlig fest. Die
1721 4925 2277 5163 stände wird
885 4953 1297 5225 dan Swatt
