4824 5636
3838 306 4204 587 xx
3536 336 3804 579 ,1,1
2915 532 3327 668 Kestners
1021 557 4255 851 Haußpunkten ehe er seinen Besuch bei xxx wiederholte. Er wur-
1021 791 4191 1017 de wie ein alter Freund empfangen, fühlte sich wundersam zuhau-
1655 936 2162 1047 blieb from
1017 902 4442 1204 se, wurde zu einem einfachen Abendessen derhalten und verabrede-
1140 1098 4217 1336 te vor dem Weggehen für den nächsten Tag, der ein Sonntag war.
1838 1294 2153 1383 morgen
1098 1298 4204 1519 mit Paula einen Vossittagspaziergang im Dornbacher Park. Dort
1140 1468 4212 1681 draussen, unter entlaubten Bäumen,im lauen Nebel eines windstil-
3923 1587 4255 1719 früher
3404 1608 3612 1719 vra
1123 1689 4229 1847 len Novembertags, erzählte ihm Paula mancherlai aus ihren Jugend-
3953 1770 4310 1876 Kestner
915 1787 1570 1945 Monsieur
1123 1791 4276 2038 tagen, wobei auch die berührt gewesenen Musikabende im Hause, Loth
1106 1991 4238 2259 zur Sprache kamen, xxx
1094 2174 4242 2383 ###, und zum ersten Mal, eine ###
1064 2357 4178 2583 heit, sprach Paula den Namen des Komponisten aus, mit dem ein Ge-
1077 2493 4140 2749 rücht sie vor Jahren in so nahe Beziehung gebracht hatte. Auch
1055 2702 4076 2915 von ihren Eltern sprach sie xxxx und Robert glaubte zu
1068 2851 4204 3085 erkennen, dass nichts schmerzlicher in ihr nachwirkte,
1077 3038 4251 3264 als das Verhältnis zu ihrem Vater, dessen zugleich verschlossenem
1055 3225 3995 3455 und zärtlichkeitsbadürftigem Wesen sie in all ihnen Mitteid
1004 3438 3983 3621 und ihrer Kindesliebe innerlich nahezukommen nicht vermocht
3757 3566 3991 3770 des
1042 3638 1408 3830 hatte.
1536 3761 4132 4000 Am nächsten Abend klang der vertraute Ton der gestri-
1038 3936 4170 4157 gen Unterhaltung in ihnen Beiden innig nach;
1008 4132 4132 4310 imittänistänienen, wurde kennen ihrer gegenüber; seine geele
1004 4281 4068 4515 nun rücktmätännen aufschärung können, und Tuhl hätte der
1004 4459 4149 4715 nisko xxx.
996 4715 4119 4872 tungkeiten xxx
1136 4825 4051 5102 (v.t.)
