4840 5892
1691 711 4118 901 Unter diesen Eindrücken, die bei den nächsten Zusa
1075 889 4276 1067 zu entschuldigen, hielt er es für angezeigt Paula mitzuteilen, dass
3693 955 4230 1063 malig dahin.
1145 976 3312 1108 dürften sich befestigten, sehwand Roberts Unru¬
1079 1050 4251 1187 er seit einigen Wochen von ernstlichen Sorgen um den Gesundheits-
1100 1137 3763 1265 Er sah ein, dass er weder für sich noch für seinen Bruder
1079 1203 4309 1389 zustand seines Bruders gequält werde, der sich in seinem Beruf seit
3200 1307 3428 1414 Gesch
1088 1327 3134 1443 befürchten hatte, und unter einem gleichsam
1075 1385 4061 1588 jeher mehr zumute als auch die angespanntesten Kräfte dauernd
3833 1480 4040 1571 aft.
1141 1493 2919 1604 aufgehellten Himmel durfte er sich um
1071 1571 4193 1733 zu leisten vermöchten. Er sprach von ihm im Tone grösster Liebe,
1088 1699 1666 1803 Gegenfrauen,
1071 1720 4193 1919 ja in den Ausdrücken innigster Schärmerei und fühlte dabei sein
2125 1869 2353 1964 maat
1050 1931 3808 2055 Herz von einem schmerzlich brennenden Mitleid schwellen.
3403 1993 4131 2134 wieder nach ger
2692 2026 3039 2150 zurüberst
1604 2034 2196 2158 te, begegnet
1249 2043 1435 2171 ders
1613 2105 4027 2287 Bewegt hörte Paula zu. Sie kannte Otto nur wenig;
3659 2183 3965 2287 rtelst,
3081 2187 3478 2299 wertets.
3548 2369 3767 2460 blieb
2932 2564 3130 2671 gema-
3631 2725 3887 2816 in ei
2985 2717 3420 2828 Geda
3494 2894 3887 3023 tre iben,
1075 2208 1799 2336 ner Zeit, dass
1034 2262 4073 2452 doch aus der Entfernung hatte sie ihm seit jeher eine lebhafte
1046 2460 4069 2634 Sympathie entgegengebracht die sie, als sie ihm im vorigen Jahr
1030 2622 4069 2828 am Krankenbett einer Freundin zufällig wieder begegnete,bestä-
1422 2742 1762 2861 kan wäre
1034 2746 4127 2994 tigt und gerechtfertigt fand. Was Robert ihr von ihm nun erzähl-
1071 2932 1381 3031 stimute
1021 2990 4118 3188 te, entfachte ihre Teilnahme weiter; sie bat ihren Verlobten den
2770 3076 3329 3196 viel gleichg
2080 3097 2411 3196 dich im
997 3134 4160 3366 gemeinsamen Besuch, zu dem sie beide natürlich längst aufgefordert
3105 3267 3362 3353 Moment
1948 3267 2361 3387 Schärfe
997 3291 4123 3531 waren, nicht mehr hinauszuschieben und so beschlossen sie ihn für
2812 3424 3684 3564 g aufdrängte. An
997 3527 1848 3651 den morgigen Tag.
3726 3577 4036 3738 Le tresch
2998 3589 3494 3750 allm aufmerk
1898 3614 2068 3738 ein
1828 3771 4081 3965 sobald er 1.13. bemerkt xxx sehen, immer wieder be-
992 3899 4056 4073 flik sein weggewandt hatte. Robert hatte dem keinerlei Beachtung
1542 4036 4081 4164 Dieser erste Besuch im Hause des Bruders liess sich
1009 4152 4073 4271 geschenkt, was ihn nun nachträglich wunderte, da der Herr, der ihn
968 4205 4073 4354 vortrefflich an. Die Kinder waren von der neuen Tante, die ihnen
1183 4329 3982 4458 sonderbar fixiert hatte, keineswegs der erzug Beste, sondern
951 4375 4090 4565 Bilderbücher und Näschereien mitbrachte, sofort entzückt; Marian-
1278 4507 4007 4615 und zwar geradeso wie Otto ein Nervenarzt war, dem er seit
939 4573 4056 4735 nens kühle Liebenswürdigkeit erwärmte sich allmählig; und Ottos
1923 4677 4073 4797 Bruders nicht mehr begegnet war, Nachher bei
939 4759 4003 4888 Wesen wirkte auf Paula gerade durch den freundlich-spöttischen
955 4809 4280 5024 Kaffee und Zigarre hatte ihn der Gelehrte in ein anscheinend gleich-
910 4941 4065 5103 Ton, der ihm in oberflächlicher Unterhaltung eigen war, vom ersten
1249 5053 2733 5152 es Gespräch, hauptsächlich über
3291 5032 3498 5144 re Ge
922 5123 2646 5243 Augenblick an wie längst vertraut.
