4792 5652
2143 280 2351 548 V.
3874 308 4097 588 86
2023 564 3710 807 12.50 auch davon reden gehört?“
2422 728 3866 979 Sich Dr. Die Geschichte war ja fast
1795 800 2183 991 sollt ich
1615 911 4201 1135 Die Verlobten suchten in vorstädtischen Bezirken nach
1047 1095 4029 1315 einer ihren Verhältnissen entspruchanden bescheidenen Wohnung.
1039 1263 4101 1535 Sie waren für die nächste Zukunft auf Roberts Beamtengehalt und
1023 1443 4237 1667 auf eine geringfügige Rente aus dem Erbteil von Paulas Grosseltern
1027 1615 4173 1799 angewiesen, und Paula sprach zuweilen davon, ob sie nicht durch Er-
1043 1783 4069 2027 teilung von Violinlektionen das Ihrige zum Haushalt werde bei-
1027 1983 4157 2151 tragen können. Als bei dieser Gelegenheit einmal der Name des ver-
1019 2139 4189 2422 storbenen Komponisten fiel, mit dem Paula dem Gerücht nach verlobt
1019 2307 4213 2594 gewesen war, liess Robert einen Blick auf ihr ruhen, der eine Erklä-
1019 2518 2874 2786 rung zu erbitten,ja zu fordern schien.
3574 2490 4373 2710 de rebri m
1571 2674 4249 2894 Sie standen auf kleinen Balkon, der einer-Wohnung-
1215 2810 2702 2966 gemelteben Mohnung
768 2742 1147 3022 for a
1011 2866 4153 3098 zugshörte die sie xxx eben gemistet hatten. Es war eine Spätnach-
1011 3054 4121 3294 mittagsstunde, der erste Schnee dieses Winters fiel leise, und ein
991 3170 4053 3438 graues Dämmern sank in die kleinen, ärmlichen, entlaubten Gärten,
991 3386 4141 3610 die durch niedere Mauern von einander getrennt, ihnen zu Füssen la-
999 3554 4141 3790 gen. Paula zog die dunkle Pelzboa fester um den Hals, trat mit Ro-
975 3738 4189 3978 bert in das kahle, frisch geweisste Zimmer zurück, wo die Hausbesor-
987 3914 4185 4129 gerin mit dem Schlüsselbund ihrer wartete, um sie über die schmale,
963 4073 4045 4301 durch freihängende Glühlampen nur notdürftig beleuchtete Stiege
987 4325 4177 4493 und durch den Flur, in dem Bretter und Kacheln herumlagen, ins Freie
979 4441 4073 4561 zu geleiten; und nun spannterten sie schweigend weiter, Arm in Arm,
983 4493 4133 4653 durch mässig belebte Strassen einer stilleren Gegend zu, wo kleine
987 4581 3970 4725 Vorgärten den Beginn des Villenviertels ankündigten.Hier blieb
975 4673 4041 4825 der Schnee schon liegen, während er früher unter ihren Schritten
987 4785 3938 4957 in trübes Grau zerflossen war. Endlich began Paula? Ich habe
967 4893 2075 5093 deinen Blick dort oben
