4808 5636
3945 477 4188 657 89
900 603 4263 854 hatte doch nur Geltung für einen bestimmten Fall; und dieser Fall
913 829 4200 1059 lag nicht vor, konnte niemals eintreten. Er war nicht wahnsinnig;
1055 1022 4238 1281 er war gesund. Aber was half ihm das, wenn ihn Andere für wahnsin-
1085 1202 4133 1445 nig hielten? Was half es ihm, wenn am Ende sein eigener Bruder
1076 1327 4162 1579 ihn für wahnsinnig hielt? Konnte es nicht geschehen, dass gerade
1064 1579 4280 1738 die wundersame Veränderung, seines Seelenzustandes, dieses Aufschwe-
1064 1717 4221 1935 ben, diese Gelöstheit, diesen Heiterkeit seines Wesens einem getrüb-
1068 1842 4129 2077 ten Blick die Anzeichen einer herannahenden Geistesstörung vor-
1064 2048 4162 2274 täuschten? Vor wenigen Tagen erst hatte sich Marianne ihm gegen-
1068 2228 4200 2475 über mit wachsender Besorgnis über ihres Gatten blasses und abge-
1068 2437 4204 2613 spanntes Aussehen geäudsert;- als Robert daraufhin eine brüderli-
1038 2567 4242 2801 che Mahnung an Otto wagte, wareihn das unverhältnismässig Gereizte,
1047 2806 4171 2994 fast Barsche in dessen Antwort aufgefallen,und in der Erinnerung
1047 2986 4028 3141 schien ihm sogar, als hätte in der letzten Zeit Ottos Gang und
1034 3095 4234 3350 Haltung einen eigentümlich veränderten Charakter angenommen. Soll-
1001 3354 4167 3518 te er kränker sein als ich, dachte Robert?-Er- der Kranke - nicht.
1001 3509 2190 3739 - or allen-
1528 3664 4213 3832 „Was ist dir" fragte Paula. „Habe ich dir weh get an?
1574 3815 4095 4028 Er fasste sich. „Geliebte“, flüsterte er und drückte
1219 3890 1470 4041 rade
1005 4007 4196 4217 ihr die Hand. Aber seine innere Unruhe vermochte er nicht mehr zu
980 4196 4162 4393 beschwichtigen, Er dachte an die tückische Schicksalsmöglichkeit,
984 4405 4120 4627 dass gerade jetzt, da er sich dem Dasein wiedergegeben und zu ei-
984 4564 4179 4724 nem stillen Glück bestimmt wähnte, sein unglückseliger Bruder sich
976 4770 4112 5000 zur Einlösung jenes furchtbaren Versprechens berechtigt und ver-
967 4891 4175 5100 pflich tet glauben könnte. Um seine plötzlich verdüsterte Stimmung
