4920 5908
1116 538 1298 717 :1:11
2196 527 2781 732 V. v. M. J.
3056 523 3397 825 P.M.
3494 484 3851 740 26
2762 531 3087 833 1 Cn
1836 566 2468 883 1/1.
1096 887 4215 1220 Doktor Leinbach versuchte sein persönliches Verhältnis zur Musik
1108 1050 4164 1371 philosophisch klarzulegen. Er sprach dieser Kunst einen sozusa-
1112 1193 4033 1472 gen amoralischen Charakter zu, indem er für seinen Teil unter
1131 1418 4141 1635 dem Einfluss schöner Klange sich stets geneigt fühle sich von
1120 1561 4036 1797 sämtlichen Fehlern und Sünden, begangenen und zukünftigen, ein
1127 1751 4044 1972 für alle Mal zu absolvieren» Lehnberg
1131 1918 4118 2162 ###
1104 2084 3982 2317 xyz Robert erinnerte sich,
1123 2216 3943 2452 dass er dieses Lokal zuletzt in Albertens Gesellschaft be-
1120 2375 3967 2630 sucht hatte und er fragte sich, wo sich die einstige
1139 2541 4133 2777 Geliebte jetzt wohl befinden möge. Ob der junge Amerikaner,mit
1147 2708 4075 2971 dem sie abgereist war, sie wirklich geheiratet hatte? Er zwei-
1143 2870 4048 3130 felte daran. Der Mann konnte doch ebenso gut ein Hochstapler
1670 3022 3235 3157 drüben oder schon hier in Europa
1135 3049 4029 3289 gewesen sein und sie im Stich gelassen haben. Wie gewissen
1123 3211 4009 3436 los war er doch gewesen sie nicht etwa aus Edelsinn,sondern
1131 3378 3998 3614 einfach aus verletzter Eitelkeit aufzugeben und einem wild-
1143 3517 3703 3800 fremden Menschen zu überlassen. Wie auszuliefern,
1573 3680 4002 3889 Immer mehr Leute drängten in den kleinen Raum und
1143 3847 4040 4102 zwängten sich zwischen Tischen und Stühlen durch. Eine sehr
1139 4017 4048 4253 grosse, unnatürlich maggere junge Dame in Begleitung von zwei
1120 4203 4052 4377 Herren blieb eine Weile, mit den Blicken im Saal umherschwei-
1131 4342 4048 4556 fend, nah von Robert stehen und ihr Arm streifte den seinen.
1120 4486 4153 4714 Da sie keinen Platz fand,wandte sie sich mit ihren Begleitern
1120 4594 4114 4889 wieder zum Gehen, doch an der Türe sah sie sich lächelnd nach
1123 4885 1666 5028 Robert um,
1519 4962 4095 5257 Ein frisch gefülltes Glas Champagner stand vor ihm. Er
1116 5183 1763 5408 trank es
