<?xml version="1.0" encoding="UTF-8" standalone="yes"?>
<PcGts xmlns="http://schema.primaresearch.org/PAGE/gts/pagecontent/2013-07-15" xmlns:xsi="http://www.w3.org/2001/XMLSchema-instance" xsi:schemaLocation="http://schema.primaresearch.org/PAGE/gts/pagecontent/2013-07-15 http://schema.primaresearch.org/PAGE/gts/pagecontent/2013-07-15/pagecontent.xsd">
    <Metadata>
        <Creator>prov=READ-COOP:name=TrHtr:version=2.1.0:model_id=51170:date=15_08_2023_07:01</Creator>
        <Created>2023-05-10T15:04:17.655+02:00</Created>
        <LastChange>2023-08-15T07:01:26.799+02:00</LastChange>
        <TranskribusMetadata docId="1428793" pageId="55430136" pageNr="115" tsid="132841534" status="IN_PROGRESS" userId="64420" imgUrl="https://files.transkribus.eu/Get?id=BTVFKYVMWWLLBPRDXMVDGJJT&amp;fileType=view" xmlUrl="https://files.transkribus.eu/Get?id=BTNNBVWTMUXOLRLLJMYXXDNJ" imageId="44704208"/>
    </Metadata>
    <Page imageFilename="1428793_0115.jpg" imageWidth="4808" imageHeight="5668">
        <ReadingOrder>
            <OrderedGroup id="ro_1711806472671" caption="Regions reading order">
                <RegionRefIndexed index="0" regionRef="tr_1"/>
                <RegionRefIndexed index="1" regionRef="tr_2"/>
            </OrderedGroup>
        </ReadingOrder>
        <TextRegion id="tr_1" custom="readingOrder {index:0;}">
            <Coords points="1097,427 4319,427 4319,2915 1097,2915"/>
            <TextLine id="tr_1_tl_1" custom="readingOrder {index:0;}">
                <Coords points="3900,608 3968,629 4002,612 4091,638 4155,595 4223,600 4295,578 4321,344 4270,353 4184,306 4150,323 4116,310 4061,349 3968,315 3929,327"/>
                <Baseline points="3931,525 3961,513 4051,507 4140,489 4230,489 4319,477"/>
                <TextEquiv>
                    <Unicode>98</Unicode>
                </TextEquiv>
            </TextLine>
            <TextLine id="tr_1_tl_2" custom="readingOrder {index:1;}">
                <Coords points="1135,829 3793,846 4184,787 4189,676 2900,557 2624,668 1140,714"/>
                <Baseline points="1157,817 1246,817 1336,811 1425,805 1515,805 1604,805 1694,799 1783,799 1873,799 1962,799 2052,799 2141,793 2231,793 2320,787 2410,787 2499,787 2589,787 2678,787 2768,787 2857,781 2947,781 3036,775 3126,775 3215,769 3305,769 3394,769 3484,769 3573,763 3663,763 3752,763 3842,757 3931,757 4021,751 4110,751 4200,757"/>
                <TextEquiv>
                    <Unicode>sich aber bald und verschwand aus dem Kaffeehaus, ohne sich von</Unicode>
                </TextEquiv>
            </TextLine>
            <TextLine id="tr_1_tl_3" custom="readingOrder {index:2;}">
                <Coords points="1135,1055 3908,991 4155,957 4159,787 1140,859"/>
                <Baseline points="1157,990 1217,990 1306,990 1396,984 1485,984 1575,978 1664,978 1754,978 1843,978 1933,972 2022,972 2112,966 2201,966 2291,966 2380,960 2470,960 2559,960 2649,966 2738,960 2828,960 2917,954 3007,948 3096,948 3186,948 3275,942 3365,942 3454,942 3543,942 3633,942 3722,936 3812,936 3901,930 3991,930 4080,924 4170,918"/>
                <TextEquiv>
                    <Unicode>Robert verabschiedet zu haben. Dieser bereute jetzt seine Hof-</Unicode>
                </TextEquiv>
            </TextLine>
            <TextLine id="tr_1_tl_4" custom="readingOrder {index:3;}">
                <Coords points="1127,1199 4167,1148 4167,1008 3763,961 1131,1033"/>
                <Baseline points="1151,1169 1223,1169 1312,1169 1402,1163 1491,1157 1581,1157 1670,1157 1760,1157 1849,1151 1939,1151 2028,1151 2118,1151 2207,1145 2297,1145 2386,1145 2476,1145 2565,1145 2655,1139 2744,1139 2834,1139 2923,1133 3012,1133 3102,1127 3191,1127 3281,1127 3370,1121 3460,1121 3549,1121 3639,1121 3728,1115 3818,1109 3907,1109 3997,1109 4086,1109 4176,1109"/>
                <TextEquiv>
                    <Unicode>tigkeit umso mehr, als auch seine spielgenossen ihn mit einigem</Unicode>
                </TextEquiv>
            </TextLine>
            <TextLine id="tr_1_tl_5" custom="readingOrder {index:4;}">
                <Coords points="1106,1408 3980,1352 4087,1152 1110,1259"/>
                <Baseline points="1133,1342 1139,1342 1229,1342 1318,1342 1408,1336 1497,1336 1587,1336 1676,1330 1766,1330 1855,1330 1945,1324 2034,1324 2124,1324 2213,1324 2302,1318 2392,1318 2481,1318 2571,1318 2660,1318 2750,1312 2839,1312 2929,1312 3018,1306 3108,1306 3197,1300 3287,1300 3376,1294 3466,1294 3555,1294 3645,1294 3734,1288 3824,1288 3913,1288 4003,1282 4092,1282"/>
                <TextEquiv>
                    <Unicode>Befremden betrachteten und sich durch Blicke zu verständigen</Unicode>
                </TextEquiv>
            </TextLine>
            <TextLine id="tr_1_tl_6" custom="readingOrder {index:5;}">
                <Coords points="1118,1561 4201,1514 4206,1293 1123,1408"/>
                <Baseline points="1145,1515 1163,1515 1252,1515 1342,1515 1431,1509 1521,1509 1610,1509 1700,1509 1789,1503 1879,1503 1968,1503 2058,1497 2147,1497 2237,1491 2326,1491 2416,1491 2505,1491 2595,1491 2684,1491 2774,1485 2863,1485 2953,1485 3042,1479 3132,1479 3221,1473 3311,1473 3400,1467 3490,1467 3579,1467 3669,1467 3758,1461 3848,1461 3937,1461 4027,1461 4116,1455 4206,1449"/>
                <TextEquiv>
                    <Unicode>schienen. Er nahm sich zusammen, beteiligte sich weiter am Spiel</Unicode>
                </TextEquiv>
            </TextLine>
            <TextLine id="tr_1_tl_7" custom="readingOrder {index:6;}">
                <Coords points="1114,1722 4112,1688 4197,1527 1118,1590"/>
                <Baseline points="1139,1694 1163,1694 1252,1688 1342,1688 1431,1688 1521,1688 1610,1688 1700,1682 1789,1682 1879,1676 1968,1676 2058,1676 2147,1676 2237,1670 2326,1670 2416,1670 2505,1670 2595,1664 2684,1664 2774,1664 2863,1658 2953,1658 3042,1658 3132,1652 3221,1652 3311,1652 3400,1646 3490,1646 3579,1646 3669,1640 3758,1640 3848,1640 3937,1640 4027,1640 4116,1634 4206,1634"/>
                <TextEquiv>
                    <Unicode>und als nach einer Stunde abgerechnet wurde, durfte er mit gutem</Unicode>
                </TextEquiv>
            </TextLine>
            <TextLine id="tr_1_tl_8" custom="readingOrder {index:7;}">
                <Coords points="1110,1867 3602,1892 4176,1820 4180,1705 1110,1718"/>
                <Baseline points="1133,1861 1145,1861 1235,1861 1324,1861 1414,1861 1503,1855 1593,1855 1682,1855 1771,1855 1861,1855 1950,1849 2040,1849 2129,1849 2219,1843 2308,1843 2398,1843 2487,1843 2577,1837 2666,1837 2756,1831 2845,1831 2935,1831 3024,1831 3114,1831 3203,1831 3293,1825 3382,1825 3472,1819 3561,1819 3651,1819 3740,1819 3830,1813 3919,1813 4009,1807 4098,1807 4188,1807"/>
                <TextEquiv>
                    <Unicode>Grunde glauben, dass man seines früheren aufgeregten Wesens wie-</Unicode>
                </TextEquiv>
            </TextLine>
            <TextLine id="tr_1_tl_9" custom="readingOrder {index:8;}">
                <Coords points="1106,2062 4091,2054 4210,2020 4214,1867 1110,1914"/>
                <Baseline points="1127,2046 1181,2040 1270,2040 1360,2034 1449,2034 1539,2034 1628,2034 1718,2028 1807,2028 1897,2028 1986,2028 2076,2028 2165,2022 2255,2022 2344,2022 2434,2016 2523,2022 2613,2016 2702,2016 2792,2016 2881,2010 2971,2010 3060,2010 3150,2004 3239,2004 3329,1998 3418,1998 3508,1998 3597,1998 3687,1992 3776,1992 3866,1992 3955,1992 4045,1986 4134,1986 4224,1986"/>
                <TextEquiv>
                    <Unicode>der vollkommen vergessen hatte. Immerhin konnte er sich im Nach-</Unicode>
                </TextEquiv>
            </TextLine>
            <TextLine id="tr_1_tl_10" custom="readingOrder {index:9;}">
                <Coords points="1084,2296 3874,2237 4099,2199 4104,2045 1084,2113"/>
                <Baseline points="1109,2219 1151,2219 1240,2219 1330,2213 1419,2213 1509,2207 1598,2207 1688,2207 1777,2207 1867,2207 1956,2201 2046,2201 2135,2195 2225,2195 2314,2189 2404,2189 2493,2189 2583,2189 2672,2195 2762,2189 2851,2189 2941,2189 3030,2183 3120,2183 3209,2177 3299,2177 3388,2177 3478,2177 3567,2171 3657,2171 3746,2171 3836,2171 3925,2171 4015,2165 4104,2165"/>
                <TextEquiv>
                    <Unicode>hausgehen nicht darüber täuschen, dass er, der doch hergekommen</Unicode>
                </TextEquiv>
            </TextLine>
            <TextLine id="tr_1_tl_11" custom="readingOrder {index:10;}">
                <Coords points="1080,2411 3934,2394 3985,2228 1084,2326"/>
                <Baseline points="1103,2398 1133,2392 1223,2398 1312,2392 1402,2392 1491,2392 1581,2386 1670,2386 1760,2386 1849,2380 1939,2380 2028,2374 2118,2374 2207,2374 2297,2374 2386,2368 2476,2368 2565,2368 2655,2368 2744,2368 2834,2368 2923,2368 3012,2362 3102,2362 3191,2362 3281,2362 3370,2356 3460,2356 3549,2350 3639,2350 3728,2350 3818,2350 3907,2344 3997,2344"/>
                <TextEquiv>
                    <Unicode>war, um sich eines Verbündeten zu versichern, jetzt womögl ich</Unicode>
                </TextEquiv>
            </TextLine>
            <TextLine id="tr_1_tl_12" custom="readingOrder {index:11;}">
                <Coords points="1080,2607 4074,2569 4078,2386 1084,2445"/>
                <Baseline points="1103,2577 1133,2571 1223,2571 1312,2565 1402,2565 1491,2565 1581,2559 1670,2559 1760,2559 1849,2559 1939,2559 2028,2553 2118,2553 2207,2553 2297,2547 2386,2547 2476,2547 2565,2547 2655,2547 2744,2541 2834,2541 2923,2541 3012,2535 3102,2535 3191,2535 3281,2529 3370,2529 3460,2529 3549,2529 3639,2529 3728,2523 3818,2523 3907,2523 3997,2517 4086,2511"/>
                <TextEquiv>
                    <Unicode>noch einsamer und, was das Schlimmste war,verdächtiger dastand</Unicode>
                </TextEquiv>
            </TextLine>
            <TextLine id="tr_1_tl_13" custom="readingOrder {index:12;}">
                <Coords points="2424,2692 2500,2692 2543,2713 2577,2683 2654,2683 2654,2615 2611,2615 2594,2603 2564,2615 2543,2611 2526,2594 2500,2607 2479,2598 2449,2615 2424,2615"/>
                <Baseline points="2446,2672 2535,2672 2625,2672 2660,2672"/>
                <TextEquiv>
                    <Unicode>ander</Unicode>
                </TextEquiv>
            </TextLine>
            <TextLine id="tr_1_tl_14" custom="readingOrder {index:13;}">
                <Coords points="1072,2764 1135,2794 1271,2785 1297,2811 1357,2781 1395,2802 1476,2773 1556,2802 1629,2777 1629,2607 1518,2607 1471,2649 1348,2641 1297,2590 1216,2615 1072,2598"/>
                <Baseline points="1097,2744 1103,2744 1193,2744 1282,2744 1372,2744 1461,2738 1551,2738 1640,2738"/>
                <TextEquiv>
                    <Unicode>als vorher.</Unicode>
                </TextEquiv>
            </TextLine>
            <TextLine id="tr_1_tl_15" custom="readingOrder {index:14;}">
                <Coords points="2262,2926 2292,2921 2318,2947 2347,2934 2386,2960 2471,2947 2471,2688 2441,2696 2398,2675 2352,2705 2305,2688 2262,2692"/>
                <Baseline points="2285,2905 2374,2899 2464,2905 2481,2905"/>
                <TextEquiv>
                    <Unicode>14.</Unicode>
                </TextEquiv>
            </TextLine>
        </TextRegion>
        <TextRegion id="tr_2" custom="readingOrder {index:1;}">
            <Coords points="1020,2998 4427,2998 4427,5063 1020,5063"/>
            <TextLine id="tr_2_tl_1" custom="readingOrder {index:0;}">
                <Coords points="1552,3126 4133,3104 4231,2938 3215,2853 2645,2968 1556,2977"/>
                <Baseline points="1575,3090 1640,3090 1730,3090 1819,3084 1909,3084 1998,3084 2088,3084 2177,3084 2267,3084 2356,3084 2446,3084 2535,3078 2625,3078 2714,3078 2804,3072 2893,3072 2983,3072 3072,3066 3162,3066 3251,3060 3341,3060 3430,3066 3520,3060 3609,3060 3699,3060 3788,3060 3878,3054 3967,3054 4057,3048 4146,3048 4236,3054"/>
                <TextEquiv>
                    <Unicode>Am nächsten Morgen begab er sich nicht ins Amt, sondern</Unicode>
                </TextEquiv>
            </TextLine>
            <TextLine id="tr_2_tl_2" custom="readingOrder {index:1;}">
                <Coords points="1063,3317 4155,3296 4155,3104 3976,3083 1067,3138"/>
                <Baseline points="1091,3281 1121,3281 1211,3275 1300,3275 1390,3275 1479,3275 1569,3275 1658,3269 1748,3269 1837,3269 1927,3269 2016,3269 2106,3263 2195,3269 2285,3269 2374,3269 2464,3263 2553,3257 2643,3257 2732,3251 2822,3251 2911,3251 3001,3251 3090,3251 3180,3245 3269,3245 3359,3245 3448,3245 3538,3239 3627,3239 3717,3233 3806,3233 3896,3233 3985,3227 4074,3227 4164,3227"/>
                <TextEquiv>
                    <Unicode>unternahm einen spaziergang, der ihn in entlegene, zu dieser Jah-</Unicode>
                </TextEquiv>
            </TextLine>
            <TextLine id="tr_2_tl_3" custom="readingOrder {index:2;}">
                <Coords points="1050,3487 3997,3462 4061,3274 1050,3347"/>
                <Baseline points="1073,3454 1115,3454 1205,3454 1294,3454 1384,3448 1473,3448 1563,3448 1652,3448 1742,3442 1831,3442 1921,3442 2010,3442 2100,3442 2189,3436 2279,3436 2368,3436 2458,3436 2547,3430 2637,3430 2726,3430 2816,3430 2905,3424 2995,3424 3084,3424 3174,3418 3263,3418 3353,3418 3442,3418 3532,3418 3621,3412 3711,3412 3800,3406 3890,3412 3979,3412 4069,3418"/>
                <TextEquiv>
                    <Unicode>reszeit, insbesondere an einem so trüben Nebeltage fast völlig</Unicode>
                </TextEquiv>
            </TextLine>
            <TextLine id="tr_2_tl_4" custom="readingOrder {index:3;}">
                <Coords points="1050,3670 3972,3627 4074,3470 1055,3542"/>
                <Baseline points="1073,3627 1133,3633 1223,3633 1312,3633 1402,3627 1491,3627 1581,3627 1670,3621 1760,3621 1849,3621 1939,3621 2028,3621 2118,3621 2207,3615 2297,3615 2386,3615 2476,3609 2565,3609 2655,3609 2744,3609 2834,3609 2923,3603 3012,3603 3102,3597 3191,3597 3281,3597 3370,3597 3460,3597 3549,3591 3639,3591 3728,3591 3818,3585 3907,3585 3997,3585 4086,3579"/>
                <TextEquiv>
                    <Unicode>verlassene Fratergegenden führte. Niemand konnte ihn hier ver-</Unicode>
                </TextEquiv>
            </TextLine>
            <TextLine id="tr_2_tl_5" custom="readingOrder {index:4;}">
                <Coords points="1038,3857 4010,3840 4014,3649 1042,3683"/>
                <Baseline points="1062,3812 1067,3812 1157,3806 1246,3806 1336,3806 1425,3806 1515,3806 1604,3800 1694,3800 1783,3794 1873,3794 1962,3794 2052,3794 2141,3788 2231,3788 2320,3788 2410,3788 2499,3788 2589,3788 2678,3788 2768,3782 2857,3782 2947,3782 3036,3776 3126,3776 3215,3776 3305,3770 3394,3770 3484,3770 3573,3770 3663,3770 3752,3764 3842,3764 3931,3758 4021,3764"/>
                <TextEquiv>
                    <Unicode>muten, er hatte das Gefühl vollkommener Sicherheit, von keiner</Unicode>
                </TextEquiv>
            </TextLine>
            <TextLine id="tr_2_tl_6" custom="readingOrder {index:5;}">
                <Coords points="1025,4023 4129,4002 4172,3827 1025,3853"/>
                <Baseline points="1050,3985 1133,3985 1223,3985 1312,3985 1402,3985 1491,3979 1581,3979 1670,3979 1760,3979 1849,3979 1939,3979 2028,3973 2118,3973 2207,3967 2297,3967 2386,3967 2476,3967 2565,3967 2655,3967 2744,3961 2834,3961 2923,3961 3012,3955 3102,3949 3191,3949 3281,3949 3370,3949 3460,3949 3549,3949 3639,3949 3728,3943 3818,3943 3907,3943 3997,3943 4086,3943 4176,3943"/>
                <TextEquiv>
                    <Unicode>Seite drohte irgend welche Gefahr. Später saam er in einer wohl-</Unicode>
                </TextEquiv>
            </TextLine>
            <TextLine id="tr_2_tl_7" custom="readingOrder {index:6;}">
                <Coords points="1025,4218 3891,4197 4019,4184 4023,3989 1029,4031"/>
                <Baseline points="1050,4170 1079,4170 1169,4164 1258,4164 1348,4158 1437,4158 1527,4158 1616,4152 1706,4152 1795,4152 1885,4152 1974,4146 2064,4146 2153,4146 2243,4146 2332,4146 2422,4146 2511,4140 2601,4140 2690,4140 2780,4140 2869,4140 2959,4134 3048,4134 3138,4128 3227,4128 3317,4128 3406,4128 3496,4128 3585,4128 3675,4122 3764,4122 3854,4116 3943,4116 4033,4116"/>
                <TextEquiv>
                    <Unicode>geheizten wirtsstube bei einem einfachen Mittagmahl und wurde</Unicode>
                </TextEquiv>
            </TextLine>
            <TextLine id="tr_2_tl_8" custom="readingOrder {index:7;}">
                <Coords points="1025,4393 4112,4338 4112,4180 1029,4210"/>
                <Baseline points="1050,4343 1079,4337 1169,4337 1258,4337 1348,4337 1437,4331 1527,4337 1616,4337 1706,4331 1795,4331 1885,4325 1974,4325 2064,4325 2153,4325 2243,4325 2332,4325 2422,4319 2511,4319 2601,4313 2690,4319 2780,4313 2869,4313 2959,4313 3048,4313 3138,4307 3227,4307 3317,4307 3406,4301 3496,4301 3585,4301 3675,4301 3764,4295 3854,4295 3943,4295 4033,4289 4122,4289"/>
                <TextEquiv>
                    <Unicode>nun mit einigem Staunen inne, dass er im Laufe der eben verflos-</Unicode>
                </TextEquiv>
            </TextLine>
            <TextLine id="tr_2_tl_9" custom="readingOrder {index:8;}">
                <Coords points="1021,4559 4397,4508 4401,4410 4065,4321 1025,4393"/>
                <Baseline points="1044,4516 1091,4516 1181,4516 1270,4510 1360,4510 1449,4510 1539,4510 1628,4504 1718,4504 1807,4504 1897,4504 1986,4504 2076,4504 2165,4498 2255,4498 2344,4498 2434,4498 2523,4498 2613,4498 2702,4492 2792,4492 2881,4492 2971,4492 3060,4486 3150,4486 3239,4480 3329,4480 3418,4480 3508,4480 3597,4480 3687,4474 3776,4474 3866,4474 3955,4468 4045,4462 4134,4462 4224,4468 4313,4474 4403,4492"/>
                <TextEquiv>
                    <Unicode>senen Stunden seiner Braut gar nicht gedacht hatte, und dass neiten</Unicode>
                </TextEquiv>
            </TextLine>
            <TextLine id="tr_2_tl_10" custom="readingOrder {index:9;}">
                <Coords points="1033,4703 3746,4737 3900,4716 3900,4525 1033,4563"/>
                <Baseline points="1056,4689 1133,4683 1223,4689 1312,4689 1402,4683 1491,4683 1581,4683 1670,4683 1760,4677 1849,4677 1939,4677 2028,4677 2118,4677 2207,4671 2297,4671 2386,4671 2476,4671 2565,4671 2655,4665 2744,4665 2834,4659 2923,4659 3012,4659 3102,4659 3191,4659 3281,4659 3370,4659 3460,4659 3549,4653 3639,4647 3728,4647 3818,4647 3907,4653"/>
                <TextEquiv>
                    <Unicode>ausser jetzt, da er sich ihr Bild ins Gedächtnis rief, sie ihm</Unicode>
                </TextEquiv>
            </TextLine>
            <TextLine id="tr_2_tl_11" custom="readingOrder {index:10;}">
                <Coords points="1765,4788 1829,4810 1858,4784 1914,4814 1973,4784 2033,4805 2071,4788 2118,4818 2143,4793 2173,4805 2279,4771 2275,4716 2241,4720 2211,4691 2118,4716 1990,4699 1909,4720 1858,4691 1807,4716 1761,4703"/>
                <Baseline points="1783,4761 1873,4761 1962,4761 2052,4767 2141,4767 2231,4767 2291,4767"/>
                <TextEquiv>
                    <Unicode>in wisser</Unicode>
                </TextEquiv>
            </TextLine>
            <TextLine id="tr_2_tl_12" custom="readingOrder {index:11;}">
                <Coords points="1084,4776 1263,4797 1416,4767 1569,4797 1650,4776 1705,4810 1705,4725 1663,4712 1616,4729 1578,4708 1497,4725 1467,4703 1365,4703 1340,4725 1237,4712 1203,4737 1084,4712"/>
                <Baseline points="1109,4773 1181,4767 1270,4767 1360,4767 1449,4767 1539,4767 1628,4761 1718,4767"/>
                <TextEquiv>
                    <Unicode>nicht schay</Unicode>
                </TextEquiv>
            </TextLine>
            <TextLine id="tr_2_tl_13" custom="readingOrder {index:12;}">
                <Coords points="995,4882 4023,4912 4167,4878 4172,4665 3547,4754 2420,4682 1692,4831 995,4733"/>
                <Baseline points="1020,4868 1044,4868 1133,4868 1223,4868 1312,4868 1402,4868 1491,4862 1581,4862 1670,4862 1760,4856 1849,4856 1939,4856 2028,4856 2118,4856 2207,4856 2297,4850 2386,4850 2476,4850 2565,4850 2655,4850 2744,4844 2834,4844 2923,4844 3012,4844 3102,4844 3191,4838 3281,4838 3370,4838 3460,4838 3549,4844 3639,4838 3728,4832 3818,4832 3907,4826 3997,4838 4086,4838 4176,4838"/>
                <TextEquiv>
                    <Unicode>wie die bedeutungsvollste Erscheinung seiner gegenwärtigen</Unicode>
                </TextEquiv>
            </TextLine>
            <TextLine id="tr_2_tl_14" custom="readingOrder {index:13;}">
                <Coords points="1004,5107 4423,5163 4427,4878 1008,4975"/>
                <Baseline points="1026,5041 1115,5047 1205,5047 1294,5041 1384,5041 1473,5041 1563,5041 1652,5035 1742,5035 1831,5035 1921,5029 2010,5029 2100,5029 2189,5023 2279,5029 2368,5029 2458,5023 2547,5017 2637,5017 2726,5017 2816,5023 2905,5017 2995,5017 3084,5017 3174,5017 3263,5011 3353,5011 3442,5011 3532,5011 3621,5017 3711,5011 3800,5011 3890,5011 3979,5017 4069,5017 4158,5023 4248,5041 4337,5053 4427,5053"/>
                <TextEquiv>
                    <Unicode>Existenz, sondern dass sie in gla### verschwommenen Z###n. Linien,</Unicode>
                </TextEquiv>
            </TextLine>
        </TextRegion>
    </Page>
</PcGts>
