4856 5652
4201 482 4470 678 106
3837 523 4025 731 207
3465 711 4066 830 insbesondere.
915 662 4201 911 Aufent führlichen Vertrauenoseligkeit, und eigener Erfahrungen geden-
2480 879 4111 1005 get vergangenen Dingen munt endlich
1496 879 2068 1001 noch von and
1238 899 4086 1099 kend sagte er sidr: Wenn Otto auch in diesem Augenblick von
3150 1062 4005 1177 behandenen Gebäude
2889 1062 3097 1160 vers
2219 1067 2529 1169 ralten.
2676 1071 2844 1156 the
1250 1062 1810 1185 Von Eiternhaus
903 1075 1136 1222 aush
1210 1079 4331 1308 meiner Gesundheit überzeugt ist, in der nächsten Minute kann sein
2832 1234 3996 1353 Robert ein wundersames
1741 1242 2599 1344 zu spreehen anfin
899 1246 1549 1393 der inneren S
1197 1254 4237 1487 Wahn wieder die Herrschaft über ihn gewinnen und alle meine Be-
2632 1418 2820 1532 Gebo
1197 1414 2068 1524 nicht genossenen G
887 1414 1144 1557 lange
1197 1528 2820 1622 mihungen sind vergebens gewesen.
2905 1553 3183 1704 kurze
3220 1532 4123 1708 Weile. Dann saham-
1720 1594 2390 1708 Doch das wahrt
891 1541 1304 1753 fliessen
1663 1704 4090 1790 „Es ist gewiss ein Glück“, unterbrach Otto des Bru-
1684 1745 4119 1884 r Rührung wie ein Betrogener, heftig hob wirkliche
887 1761 1095 1884 te e
1177 1724 1447 1880 sichs
1189 1847 4148 1949 ders dahinströmende Wortflut, dass du endlich das für dich ha-
1569 1949 4094 2035 du kommt versichert sein, desser
862 1884 1111 2088 empo.
1177 2019 4160 2211 stimmte Wesen gefunden hast und wir alle teilen deine Freude.
964 2055 1124 2207 cery
1651 2113 1961 2211 t6.8ah
1156 2207 3608 2374 steht übrigens schon der Termin der Hochzeit fest?
3694 2215 4045 2390 des ihm
1626 2350 4143 2550 Was soll die Frage? “dachte Robert bei sich. Gibt er
850 2419 1549 2583 neulich nacht
1965 2468 2885 2587 Frist bis dahin
1136 2542 4164 2713 mir noch so lange Heit? Ist ihm am Ende nur darum zu tun, dass
1132 2738 4340 2893 ich nicht belastete Nachkommen in die Welt setze? Aber er bei.
1173 2820 1545 2926 möchte
2031 2828 2632 2942 zu crinden.
1120 2881 4213 3061 widerte ganz ruhig: Der Tag steht noch nicht fest. Im März derke
1103 3065 3829 3249 ich. Wir wollen dann gleich eine schöne Reise machen."
813 3081 997 3265 Bil.
3939 3126 4323 3298 dafin
1553 3195 4156 3408 Otto lächelte. „Du heirst est wohl nur, um wieder 4###
1173 3249 1422 3453 orwend
1626 3347 1990 3469 -
1083 3404 2570 3612 einen vorwand zu haben ###
1553 3539 4005 3784 „Keine sehr lange diesmal“, aagte Robert. „Ich kann
1042 3706 3514 3964 nicht gleich wieder ein paar Monate Urlaub nehmen."
1532 3951 2693 4152 „Wo wollt Ihr denn hin?"
1541 4074 3911 4327 „Nach Dalmatien. Ich möchte Paula spalato zeigen,
1034 4307 2820 4499 den Palast des Diooletian, Ragusa...
1496 4470 3923 4687 Otto nickte. In diesen Gegenden hatten die Brüder
993 4613 4078 4867 vor vielen Jahren einmal als Knaben mit ihren Eltern die Oster-
2088 4769 3240 4879 erinnerte Robert an
973 4826 3878 5014 zeit zugebracht. Otto sprach an manchen Einzelheiten jenes
