4888 5668
3972 335 4376 562 103
3410 358 3622 573 I. I
1155 550 4184 751 ist mir eingefallen, dass du dich noch im Besitz eines kommen
1012 708 2971 866 etwas lächerlichen
1135 697 4137 985 Schriftstückes von mir befinden dürftest, das ich
1305 901 1844 1008 ckten, längs
2248 897 3372 1070 benen Onkel lustig mach
1143 970 2456 1132 gerne wieder haben möchte."
1755 1028 2698 1155 lähnliche
1624 1031 4126 1247 „Ein kennen xxx schriftstück?“ Otto sah ihn
1166 1197 1790 1359 Otto..Aber v
2024 1232 2794 1366 cheinlich bin ich
2887 1212 3271 1420 &c
3445 1243 3760 1366 schon
1116 1305 1813 1513 befremdet an.
2259 1320 2717 1447 dans le dernier
1936 1343 2375 1524 G.C.F.P
1566 1416 1832 1551 Grunden
1620 1393 4145 1601 „Solltest du dich nich t erinnern“, sagte Robert; und
1332 1574 1851 1705 existiere
2001 1586 2413 1705 Vonigsten
1124 1570 4176 1786 etwas zu geschwind,wie er selbst fühlte, entfuhr ihm das erklä-
1105 1770 3779 1990 rende Wort: „Mein Todesurteil." Und er lachte zugleich.
1890 1944 2071 2040 Mät t
1601 1940 4168 2121 „Dein Todesurteil“ wiederholte Otto anscheinend noch
1101 2105 4157 2375 immer ohne zu verstehen. Aber gleich darauf verriet ein kurzes
2802 2263 3795 2379 verstanden halle.
1674 2305 1832 2386 it.
2532 2305 2760 2398 mocht
1101 2313 4064 2509 Aufblitzen in seinen Augen, dass er wusste, worauf sein Bruder
3006 2467 3187 2640 he
1093 2563 1632 2686 anspielte.
1578 2606 4395 2833 „Du erinnerst dich also“,
1709 2798 2413 2940 den Bruder
1081 2813 3422 3087 als hätte er ertappt. Und lechte wieder
1570 3014 3918 3164 Otto verzog die Miene in seiner spöttischen Art.
1081 3164 4030 3402 „Ich kann allerdings keine Garantie übernehmen, dass sich die-
1078 3345 4068 3549 ses Schriftstück noch in meinem Besitz befindet, denn ich habe
1055 3506 4022 3818 die Gewohnheit alle paar Jahre unter dem Zeug, das sich so im
1043 3745 3991 3987 Lauf der Zeit ansammelt, aufzuräumen und es wäre nicht unmög-
1058 3906 4033 4072 lich, dass auch dein Brief von damals wie allerlei anderes ir-
1043 4060 4022 4326 gend einmal in Flammen aufgegangen ist. Aber wenn du Wert da-
1039 4187 4033 4507 rauf legst will ich nachsehen. "Er sprach mit einer Ruhe, die
1035 4426 2248 4657 sehr absichtlich wirkte.
1516 4549 3941 4807 „Wenn du einmal Zeit hast“, sagte Robert rasch, so
985 4715 1636 4899 erwiderste Robt.
1035 4769 3980 4984 wäre ich dir dankbar, denn ich möchte nicht - und du wirst es
1012 4923 4099 5234 begreifen - dass der Brief später einmal xxxn einem
