4728 5700
4048 403 4417 613 125 a
3945 655 4224 848 125 b
1152 737 4215 968 betreten xxx zündet### sich in der Toreinfahrt eine Zigaretto
775 882 4224 1080 durch durch den Kutscher, der ihn an die Bahn geführt hatte, liess er den
475 904 758 1097 a
1225 1002 4245 1118 an und sohlenderte langsam,
1229 1080 4374 1238 auf an die Adresse Papantferntenenn. Und ein paar Minuten sammt
4078 1182 4284 1367 w
1225 1178 4005 1358 gewn davon. In einer xxxasse Strasse nahm er einen Wagen, heiß
2660 1281 2857 1375 was
1169 1277 2377 1397 auf sass er xxxx im Zug.
1212 1362 4185 1551 auf dem Weg zur Bahn allerlei, xxx er für die nächsten Tage
1217 1525 4309 1731 benötigte, auch eine Reipetasche,in die er das Eingekaufte packte
467 1448 1092 1829 Nicht
1332 1666 4177 1898 er eine Viertelstunde vor Angang des Drei-Uhr-Zuges auf
1444 1838 4160 2086 ahnhof angelangt. Im Wartesaal warf er einige Zeilen für
1165 2039 4224 2249 Paula aufs Papier. Aus Grühden, die er ihr erst mündlich ausein-
467 1842 1080 2296 Jedrich
1037 2266 4271 2433 andersetzen könne, sei er schon einige Stunden früher abgefehren.
3868 2326 4142 2429 wolle
1015 2390 4185 2626 Sie aber solle zur verabredeten Zeit Wien verlassen. Er
977 2566 4177 2797 versie um zehn Uhr abends in der Station, dieser ihr nun nenne und
1902 2682 2476 2806 da den tiber
985 2686 4121 2964 die sie xxx niemanden verraten dürfe, erwarten.
1127 2926 4151 3114 Er schloss mit den Worten: „Ich habe nicht Zeit mehr zu schrei-
1127 3089 4228 3311 ben. Du weisst alles. Lass mich nicht vergeblich warten. Gelieb-
3367 3213 3641 3324 ium
1127 3256 4177 3478 te, ich beschwöre dich nur, sei verschwiegen, mein Leben steht auf
3671 3388 3954 3513 lung.
3320 3461 3594 3637 H. R. W.
3671 3453 4130 3620 den-Kut-
1109 3410 2617 3667 Aufgenommen von xxx
2515 3436 4065 3705 at the same of the same I do
1097 3556 4417 3855 schon von xxx geführt hatte, bezahlte ihn überreichlich. xxx
1684 3744 2108 3860 an der Bep
3611 3748 3992 3873 Abteil
1092 3838 3748 4027 und ain paar Minuten darauf sass er allein an einem gar
3795 3808 4112 3980 schiedes
3264 3932 4022 4040 Nun erst / er
1067 3988 4237 4164 Zuges, der sich gleich darauf in Bewegung setzte. xxx
1868 4168 3731 4387 (S.O. S. R. Rudemann k. k.
1062 4155 1581 4382 Baxennka:
1529 4421 4417 4734 An diesem grau xxxzenen Dezembertage dunkelte es ###. früh.
1122 4549 1748 4768 Roun in
1058 4631 4052 4905 Nachdem der Aug über die Vorstädte und die kleinen Villenorte
1037 4845 4061 5081 der Stadtnähe hinausgeflogen war, soxxte ein leichter, aber all-
1032 5059 3954 5286 mähl ich dichter werdender Schneefall ein so dass Vald, Hügel,
