5032 5908
4028 552 4204 806 34
1621 568 2211 798 1.° 1.
2198 585 3021 848 Votre très-Monsieur, mais il y a
919 614 1132 819 "    "
1145 752 4292 1061 Torheit begangen, das anmutige Geschöpf, nachdem sie ihm eben enst
1141 1015 4233 1249 auf seinen Wunsch in die Schweiz nachgefolgt war, kampflos einem
1145 1195 4208 1404 Andern zu überlassen, das konnte natürlich niemand, auch Marianne
1141 1421 4212 1580 konnte es nicht ahnen, und er selbst begriff es in diesem Augen-
1809 1554 1981 1705 deit
1132 1575 4216 1768 blick weniger als je. Er versuchte sich das letzte Gespräch mit
1145 1755 4166 1956 ihr ins Gedächtnis zurückzurufen. Er erinnerte sich seiner an-
1124 1956 4237 2123 fangs scherzhaften Bemerkungen über den Amerikaner, ihres sonder-
1124 2094 4137 2302 baren Schweigens, ihres Lächeln und endlich ihrer plötzlichen,
1116 2307 4254 2520 ganz unerwarteten Mitteilung, dass der Fremde ihr seine Hand ange-
1124 2411 4283 2666 tragen hätte. Er wusste auch noch ganz genau, dass es ihn vorüber-
1099 2599 4195 2850 gehend angewandelt, als wenn er ohnmächtig zu Boden stürzen oder
1103 2850 4417 3034 Alberta einen Schlag vor die Stirnversetzen müsste. Aber er hatte
1099 3009 4312 3184 den Heiteren, den Ueberlegenen gespielt und freundschaftlich-väter-
1086 3147 4371 3343 lich Alberta zur Annahme jenes Antrages geraten, da er ihrer Zukunft
1086 3356 4308 3560 nicht hinderlich im Wege stehen wolle. So hatten sie sich am Ende
1099 3560 4175 3727 dahin geeinigt, dass sie noch heute Abend dem Amerikaner ihr Ja-
1091 3665 4154 3886 wort erteilen und dass Robert am nächsten Morgen, ohne sie noch
1095 3874 4296 4087 einmal zu sehen, allein abreisen solle. Robert erinnerte sich auch
1082 4062 4078 4304 sehr deutlich, wie er um sechs Uhr Früh seine Rechnung bezahlt
1074 4229 4179 4434 und in einem nicht eben unangenehmen Gefühl von Befreitheit mit
1082 4421 4208 4584 einem letzten kaum wehmütigen Blick nach dem Fenster, hinter des-
1070 4572 4312 4776 sen geschlossenen Vorhängen Alberta noch schlafen mochte, die Berg-
1546 4735 2094 4856 and den Sec
1057 4743 4425 4964 strasse hinuntergefahren war und das Schiff nach Lusern bestiegen
1020 4960 4141 5148 hatte. Voran er sich aber durchaus nicht zu erinnern vermochte,
