4792 5636
3839 319 4024 476 85
1023 523 4162 799 dich durchströmte, brachte ihm zum Bewusstsein, dass auf dem
1015 763 4024 972 Grund seiner Seele jener überwunden geglaubte Wahn immer
1015 893 4142 1125 noch gelauert hatte. Albertens Brief war xxxx kurz, sachlich
1031 1054 4052 1318 und zeigte wieder jene Unfähigkeit auch anlässlich der sonder-
1668 1267 2175 1385 Sch de Schichring
1023 1243 4083 1479 barsten Schicksalswendungen in Erstaunen zu geraten, die ihr in
1011 1428 4052 1656 noch höherem Grade als so vielen anderen Frauen eigen war. Sie
999 1597 4091 1833 lebte, wie aus ihrem Brief hervorging, in Chicago und war verhei-
999 1774 4115 2006 ratet, aber nicht mit dem Amerikaner,in dessen Begleitung sie hi-
999 1987 3989 2167 nübergereist war, sondern mit einem deutschen Kaufmann, den sie
991 2164 3953 2352 erst drüben kennen gelernt hatte. „Im nächsten Sommer“, hiess
995 2286 4087 2553 es weiter, „wollen wir nach Europa reisen und wenn wir noch wien
2872 2466 4036 2577 durch schon wille
976 2553 4087 2734 kommen und du noch an mich denkst, und es dich überhaupt
3450 2640 3973 2765 frayle ne
968 2671 3961 2931 siert, werde ich dir viel zu erzählen haben." Dann erkundigte
976 2840 4012 3080 sie sich, wie es ihm xxxx ergangen sei und ob er nicht, was sie
956 3029 3906 3249 ihm vom Herzen wünsche, eine liebe kleine Frau gefunden habe,
956 3194 3855 3414 die ihn nicht so nervös mache, wie es ihr, freilich ganz ohne
2215 3383 2565 3509 begegnet
956 3399 2903 3599 ihre Schuld,leider öfters passiert sei.
1424 3548 3957 3780 In froher Erregung ging Robert in seinem Zimmer auf
952 3717 4024 3989 und ab. Ihm war, als sei durch diesen Brief eine düstere, gefahr-
928 3934 3969 4146 volle spoche seines Lebens ein für alle Mal abgeschlossen. Be-
920 4071 4083 4363 durfte es eines solchen Schriftstückes auch nicht mehr zu seiner
928 4315 4060 4555 eigenen Beruhigung,es war unschätzbar als Beweismittel gegen An-
2592 4422 3104 4528 aller Art
932 4488 3938 4701 schuldigungen und Verdächtigung, die vielleicht von anderer
928 4669 4044 4898 Seite gegen ihn erhoben werden können. Und er verwahrte den
3698 4772 3918 4882 habe
893 4894 3096 5027 Brief sorgfältig, ehe er sich zu Bette legte.
