4728 5700
4050 158 4279 339 132
4034 300 4299 474 xxxx
1165 359 4291 880 bäuerische inheimische Gesellschaft zusammensass. An einem an¬
1259 683 4425 991 dern Tisch, ganz allein, sass ein alter Herr, der eine Pfeife rauh-
2886 659 3067 782 P.S.
1232 872 4323 1188 te, und mit trüben Augen, offenbar ohne zu lesen, in eine Zeitung
1232 1046 4149 1362 starrte. Robert, ohne dass die Andern sich um ihn kümmerten,
3178 1204 3422 1299 pur
1263 1168 4295 1555 setzte sich in eine Boke, bestellte ein Abendessen, das er sich
1263 1374 4248 1721 vorzügl ich schmecken liess, und überlegte. Bald kam er zu der
1271 1559 4354 1875 Ueberzeugung, dass seine früheren Vermutungen nichts anderes ge-
1275 1697 4398 2045 wesen waren als Selbstbetrug. Wäre Paula ernstlich gewillt gewe-
1287 1843 4315 2218 sen ihm zu folgen, nichts hätte sie hindern können zur rechten
1287 2096 4362 2416 Zeit da zu sein. Aber sie hatte nicht gewollt, sie war nicht ge-
1287 2274 4370 2594 kommen, sie hatte ihn im Stich gelassen. Und er wusste auch wa-
1295 2404 4441 2779 rum. Seine lächerliche Erzählung von dem eifersüchtigen Amerika-
1275 2546 4453 2972 ner, sein ganzes Benehmen heute beim Abschied, xxx war ihr son
1299 2771 4461 3142 derbar und verdächtig erschienen. Mit der den Frauen eigenen Ver-
2475 3000 2657 3087 ihn
1299 2976 4323 3292 stellungskunst hatte sie nichts davon merken lassen, und ihres
1295 3103 4445 3482 gegebenen worts nicht achtend, in ihrer erregung hatte sie gera-
1259 3320 4370 3679 4o-des getan, was sie zu allerletzt hätte tun dürfen, sie war zu
4023 3411 4362 3517 Mein E
1299 3415 4473 3794 Otto geeilt und hatte ihm alles verraten. Ja, so war es. Wäng konn-
3695 3647 4441 3872 Paula hat-
1504 3754 1820 3861 nicht
1318 3734 2822 3995 te xxxxx daran zweifeln. Saxus-
3190 3675 3561 3932 und
3655 3825 4291 4007 — die Folge
1326 3904 3454 4188 te ihn xxx xxx ausgeliefert. Was xxx
1678 3936 1899 4030 nn
3261 4011 3640 4109 auernder
3762 3963 4409 4251 Kinde, an meine
1322 4034 3580 4366 sein, fragte er sich weiter, Otto hat neue Sehe
1303 4173 4390 4508 Verrücktheit zu glauben, sein eigener Wahn findet neue Nahrung.
1334 4358 4378 4717 und es kostet ihn nicht die geringste Mühe, Paula und jeden be-
1311 4548 4457 4907 liebigen anderen Menschen von der Versichtigung seines Verdachtes
1405 4729 4449 5069 zu überzeugen. Welche forheit, dass ich Paula aus den Augen, das
3150 4903 4469 5148 unsch in Wien gelassen ha¬
1330 5049 1863 5219 ich sie März
1587 5017 4476 5428 dass ich nicht gleich mit einem gewinnen
