4856 5908
3707 522 4123 752 23—14
938 675 4255 913 Freundes, sondern - wie er tief erschauernd fühlte - vielleicht schon
913 849 4191 1121 sein eigenes Schicksal geheimnisvoll sich angekündigt hatte. Und er
913 1032 2989 1253 erinnerte etwa erlebte ich wieder
3843 1130 4017 1248 dar
913 1219 4085 1414 Mit seinem Bruder Otto, dem Leutnant Hchenburg und anderen
909 1367 4110 1580 guten Bekannten war er nach einem Wettrennen in der Freudenau in
883 1571 4068 1741 einem menschenüberfüllten Pratergarten eingekehrt. Hohnburg
892 1732 4102 1851 war unter ihnen allen der lauteste und lustigste gewesen, noch lau-
2365 1800 2926 1932 N=o in oflegts
892 1830 4276 2025 ter und übermütiger als sonst und es war nicht sonderlich aufgefallen,
926 1991 1121 2085 at
870 1979 4051 2200 daas er dem Keliner xyzäntnkeiständerekirkekskrankum ein
858 2153 4076 2297 Trinkgeld in ungewöhnlicher Höhe überreichte. Auf dem Heimweg aber
853 2276 4110 2548 hatte Otto dem Bruder beiseite genommen und ihm anvertraut.
849 2476 3987 2641 dass ihr gemeinsamer Freund Höhnburg - was die Andern noch nicht
858 2662 4093 2803 ahnten, er selbst als Arzt aber seit etlichen Tagen mit Bestimmtheit
853 2828 4059 3011 wusste,- unheilbarem Wahneinn verfallen sei und in spätestens drei
837 2968 4081 3155 Jahren unter der Erde liegen werde. Robert lehnte sich zuerst ge-
2416 3087 3159 3214 lar allericoffes et
824 3189 4076 3342 gen die Zumutung auf in dem jungen Mann, der ein solches Bild unge-
828 3333 3991 3499 trübter, ja gesteigerter Gesundheit bot,und der zudem sein Freund
824 3410 4034 3673 war, en Gezeichneten,einen Verurteilten zu erblicken. Als er sich
811 3567 4076 3830 aber endlich den Fachkenntnissen seines Bruders gegenüber beschei-
820 3758 4030 3915 den musste, begann ihm Wesen und Benehmen,ja die ganze Erscheinung
3749 3890 4089 3987 unheim-
798 3945 4212 4102 des Freundes, der lustig plaudernd mit den Andern voraeaging, angeksimxx
777 4085 4072 4234 lich und immer unheimlicher zu werden, er vermied es das Wort an ihn
777 4267 4004 4408 zu richten, hatte geradezu Anget, dass jener sich wieder zu ihm wen-
769 4408 3834 4599 den und vielleicht den Arm unter den seinen schieben würde, und
769 4569 4017 4747 ohne Abschied verschwand er aus der Gesellschaft. Schon wenige Tage
764 4735 3928 4947 darauf erlitt Hohnburg einen Tobauchtsanfall und musste einer An-
743 4913 2425 5104 stalt übergeben werden.
1163 4934 4059 5240 Bei der nächsten Begegnung mit Otto, ohne vorherige Absicht,
824 5083 1062 5240 G.H.P.
726 5189 3800 5444 wie einer ganz plötzlichen unwiderstehlichen Eingebung folgend,
