4920 5876
782 595 1128 794 H.F.P.
2599 576 2770 747 G. P.
1972 591 2252 794 P.S.
1315 762 4322 961 xyz entschliessen konnte, das Wasser zu geniessen,das mir abends
2968 867 4287 1027 bert und fasste sich rasch,
1218 883 2988 1155 ins Zimmer „Oh gar nicht“, erwiderte Ro
2964 976 3579 1116 brechtung, Essezt
3563 953 4131 1097 Dauer,
3038 1046 4139 1202 trasse auf und abzuspa-
1186 1085 3058 1350 äu war sehr angenehm in der stillen St
3038 1128 4232 1319 der ein anderer Gast, dem
1198 1245 4240 1521 vieren.ürgend eine schädliche oder gar tötliche Substanz beige-
1194 1412 4170 1653 mischt han Sie stiegen ein. Otto machte Aufzeichnungen in sein
1186 1494 4228 1856 Notizbuch. „Wo soll ich den Wagen halten lassen?" fragte er ne-
1186 1727 4267 2031 benhin seinen Bruder. „Ganz egal. Wenn dich-dein Weg vielleicht
3159 1840 4221 1941 manchen Nächten, wenn es
1202 1906 4306 2182 in die Nähe meines Gasthofs vorbeiführt-“ „Das lässt sich leicht
3392 1999 4248 2147 verschaffen, lieber
1198 2128 4217 2388 machen. Schade übrigens, dass du deine Wohnung aufgegehen hast.
3664 2202 3820 2303 riken
1210 2283 4279 2556 Ich hab's eigentlich nicht recht begriffen.“ - „Ich musste doch
2824 2388 4291 2657 Jouo-
1922 2466 2521 2599 tà mes part.
1210 2528 2789 2742 wohl." - „Wegen den paan Monate?"
3135 2571 3396 2665 Diese
1206 2649 4108 2918 ###. Es hätte auch länger dauern können.
3544 2715 4069 2832 parlos
1198 2793 4193 3058 Ich hab ja nicht gewusst,ob es mir jemals wieder möglich sein
1210 2918 4190 3260 würde in einer grossen Stadt zu leben und meinen Beruf auszu-
3544 3073 4131 3198 toh, ob du aus
1206 3147 4298 3423 üben." - „Wie kannst du saa/sagen“, meinte Otto und steckte sein
2326 3166 2583 3283 sewäs
3548 3256 4228 3377 rungen gezogen
1186 3353 4147 3594 Notizbuch ein,. Du scheint dich nicht zu erinnern, "erwiderte
3559 3427 4104 3548 Wasser hast
3306 3454 3513 3571 tige
1198 3501 4322 3762 Robert, wie miserabel es mir gegangen ist; auch im Beginn meiner
3649 3602 4225 3754 gelegentlich
3275 3633 3435 3734 5,0
1210 3703 4170 3976 Reise wäre ich noch"- er zögerte xxxx eine kurze Weile -,von
1544 3750 1735 3851 bin.
3742 3777 4034 3960 stattet
3065 3793 3583 3964 Anzeige
1183 3902 3143 4131 allerlei dummen Ideen geplagt, gewösen."
1649 3995 4225 4322 Otto sah seinen Bruder freundlich-spöttisch von der
3703 4131 4209 4260 wohl nicht
3342 4158 3657 4267 kommt e
1163 4201 4283 4532 Seite an. „Was waren denn das für Ideen, wenn man fragen darf?“-
2128 4326 4298 4664 se dumm xxxx wie es eben Zwangsvorstel-
1245 4411 2303 4590 „Nicht der Rede wert.
3085 4493 4139 4625 Lieber, ob eine sege-
1233 4528 1945 4684 (Sie ###
2956 4524 4287 4734 st du mir nicht was davon er-
1502 4656 1766 4754 waren
1136 4610 2972 4866 lungen zu sein pflegen." - „Na, wille
2956 4660 4147 4789 ensequensen führt, insbe-
1128 4757 4260 5053 somühlan,’sagte Otto mild.- Also denke dir, „begann Robert etwas
3509 4843 3995 4975 der ob sie
1237 4901 4295 5232 dass ich mich zum Beispiel längere Zeit hindurch nicht
1245 5003 1642 5104 unsicher
3925 5026 4096 5189 so
1151 5178 4267 5423 lang man in der Lage ist eine seelische Störung in dem Augenblick
