4744 5876
1128 770 4084 980 war wieder heimzukehren, und brach nun nach manchen guten und
1144 945 4147 1140 freienStimmungen der letzten Monate jenes unbegreifliche, kaum
1132 1144 4034 1299 in Gedanken, nimmer in Worte zu Fassende über ihn herein, das
1128 1272 4112 1463 dunkel drohend noch Schlimmeres anzumelden schien? Hatten die
1113 1459 4193 1657 Aerste sich geirrt oder ihn mit Absicht getäuscht, die von einer
1101 1599 4104 1801 sechsmonatlichen zerstreuenden Reise vollkommene Genesung für
1105 1789 4046 1972 ihn zu erwarten behaupteten? Doktor Leinbach, sein Freund aus
1089 1964 4081 2151 Jugendtagen,war freilich immer geneigt, geschwerden.
1089 2108 3933 2315 die man ihm klagte, leicht zu nehmen, und es konnte kaum als
1078 2299 3948 2482 sehr beruhigend gelten, dass er alle irgend einmal schon am
1078 2447 4034 2556 eigenen Leib verspürt haben wollte. Aber dass auch Otto, wenn
1066 2626 3882 2727 er ihn für ernstlich krank gehalten, die Verantwortung auf
1058 2704 4011 2921 sich genommen hätte den einzigen Bruder für ein halbes Jahr
3034 2859 3660 2980 welke
1046 2882 4022 3143 ohne jede Begleitung in die Welt hinaus sicher
1043 3100 4073 3236 wer xxxx in keinem Fall anzunehmen. Zu-
1027 3205 4104 3384 gleich aber musste Robert sich fragen, und nicht zum ersten Mal,
1035 3396 4034 3575 ob er sich dem Bruder auch ohne Rückhalt aufgeschlossen und
1008 3536 4003 3738 nicht vielmehr in sonderbarer  Scheu noch in der letzten Un-
1019 3696 4011 3913 terredung ihm gegenüber seinen Zustand harmloser dargestellt,
1000 3886 4038 4053 als er selbst ihn empfunden hatte, in der unbewussten Hoffnung,
992 4034 4007 4193 auf diese Art ein gelinderes Urteil zu erfahren. Urtheil:
980 4190 4011 4407 dies war das Wort, das sich ihm innerlich aufdrängte, und es war
976 4368 3987 4575 das richtige. Denn von Jugend auf hatte er sich dem älteren
957 4528 4014 4808 Bruder gegenüber bei äusserlich glänzenderen Eigenschaften als
969 4695 4007 4995 einen Menschen von geringerem Wert betrachtet, und er verhehlte
1435 4874 1949 4991 esnden Zus
2653 4874 3120 4999 Räder mit
926 4940 4057 5131 sich nicht, dass sein eigener bürgerlicher Wandel von Otto
984 5088 4069 5345 mit Nachricht, öfter aber mit Ungeduld und Aerger begleitet
