<?xml version="1.0" encoding="UTF-8" standalone="yes"?>
<PcGts xmlns="http://schema.primaresearch.org/PAGE/gts/pagecontent/2013-07-15" xmlns:xsi="http://www.w3.org/2001/XMLSchema-instance" xsi:schemaLocation="http://schema.primaresearch.org/PAGE/gts/pagecontent/2013-07-15 http://schema.primaresearch.org/PAGE/gts/pagecontent/2013-07-15/pagecontent.xsd">
    <Metadata>
        <Creator>prov=READ-COOP:name=TrHtr:version=2.1.0:model_id=51170:date=15_08_2023_07:01</Creator>
        <Created>2023-05-10T15:04:15.543+02:00</Created>
        <LastChange>2023-08-15T07:01:22.071+02:00</LastChange>
        <TranskribusMetadata docId="1428793" pageId="55430042" pageNr="99" tsid="132841514" status="IN_PROGRESS" userId="64420" imgUrl="https://files.transkribus.eu/Get?id=GRHOBKEFUQKFLFFLMIQPXNHY&amp;fileType=view" xmlUrl="https://files.transkribus.eu/Get?id=QCRKVRNMZIMPNRYMTZCZPHNT" imageId="44704114"/>
    </Metadata>
    <Page imageFilename="1428793_0099.jpg" imageWidth="4744" imageHeight="5636">
        <ReadingOrder>
            <OrderedGroup id="ro_1711806415990" caption="Regions reading order">
                <RegionRefIndexed index="0" regionRef="tr_1"/>
                <RegionRefIndexed index="1" regionRef="tr_2"/>
            </OrderedGroup>
        </ReadingOrder>
        <TextRegion id="tr_1" custom="readingOrder {index:0;}">
            <Coords points="955,379 4137,379 4137,1830 955,1830"/>
            <TextLine id="tr_1_tl_1" custom="readingOrder {index:0;}">
                <Coords points="2630,513 2678,533 2785,501 2952,541 2968,525 3143,525 3147,294 3024,282 2984,306 2916,267 2865,267 2813,298 2634,286"/>
                <Baseline points="2656,435 2746,429 2835,453 2925,441 3015,429 3104,429 3152,435"/>
                <TextEquiv>
                    <Unicode>X, 4, 7, 8,age</Unicode>
                </TextEquiv>
            </TextLine>
            <TextLine id="tr_1_tl_2" custom="readingOrder {index:1;}">
                <Coords points="3784,541 3839,529 3871,557 3915,569 3971,605 3975,597 4007,605 3979,330 3931,346 3923,338 3879,346 3836,310 3760,326"/>
                <Baseline points="3803,489 3892,495 3982,507 4000,507"/>
                <TextEquiv>
                    <Unicode>84</Unicode>
                </TextEquiv>
            </TextLine>
            <TextLine id="tr_1_tl_3" custom="readingOrder {index:2;}">
                <Coords points="943,851 3446,704 3680,788 4122,732 4126,585 951,664"/>
                <Baseline points="967,788 1003,788 1092,782 1182,782 1271,776 1361,770 1450,770 1540,764 1629,758 1719,752 1809,752 1898,746 1988,746 2077,740 2167,734 2256,734 2346,728 2435,722 2525,722 2615,716 2704,710 2794,710 2883,710 2973,704 3062,704 3152,704 3241,698 3331,698 3421,692 3510,686 3600,686 3689,680 3779,680 3868,680 3958,686 4047,686 4137,680"/>
                <TextEquiv>
                    <Unicode>nach langer Zeit zum ersten Male wieder nahm Paula ihre Geige</Unicode>
                </TextEquiv>
            </TextLine>
            <TextLine id="tr_1_tl_4" custom="readingOrder {index:3;}">
                <Coords points="951,991 3999,919 4058,796 955,843"/>
                <Baseline points="973,967 1020,961 1110,955 1200,949 1289,949 1379,943 1468,943 1558,937 1647,937 1737,931 1826,931 1916,925 2006,919 2095,913 2185,913 2274,907 2364,901 2453,895 2543,895 2632,895 2722,895 2812,889 2901,883 2991,883 3080,877 3170,877 3259,877 3349,871 3438,865 3528,865 3618,859 3707,853 3797,853 3886,847 3976,841 4065,835"/>
                <TextEquiv>
                    <Unicode>zur Hand und spielte von Robert begleitet eine Beethovensche So-</Unicode>
                </TextEquiv>
            </TextLine>
            <TextLine id="tr_1_tl_5" custom="readingOrder {index:4;}">
                <Coords points="951,1174 4011,1098 4122,1070 4130,911 955,1054"/>
                <Baseline points="973,1140 1003,1140 1092,1134 1182,1134 1271,1128 1361,1122 1450,1116 1540,1116 1629,1110 1719,1104 1809,1104 1898,1098 1988,1098 2077,1092 2167,1086 2256,1086 2346,1080 2435,1080 2525,1074 2615,1068 2704,1068 2794,1062 2883,1062 2973,1056 3062,1056 3152,1050 3241,1050 3331,1044 3421,1044 3510,1038 3600,1038 3689,1032 3779,1032 3868,1020 3958,1020 4047,1014 4137,1008"/>
                <TextEquiv>
                    <Unicode>nate. Beide freuten sich an dem für einen ersten gemeinsamen Ver-</Unicode>
                </TextEquiv>
            </TextLine>
            <TextLine id="tr_1_tl_6" custom="readingOrder {index:5;}">
                <Coords points="947,1337 3987,1253 4094,1241 4102,1090 951,1206"/>
                <Baseline points="967,1319 973,1319 1062,1319 1152,1313 1241,1307 1331,1301 1420,1301 1510,1295 1600,1289 1689,1283 1779,1283 1868,1277 1958,1277 2047,1271 2137,1271 2226,1265 2316,1259 2406,1259 2495,1253 2585,1253 2674,1247 2764,1247 2853,1235 2943,1235 3032,1229 3122,1229 3212,1229 3301,1223 3391,1223 3480,1217 3570,1211 3659,1211 3749,1206 3838,1200 3928,1200 4018,1200 4107,1194"/>
                <TextEquiv>
                    <Unicode>such wohlgelungenen Zusammenspiel, dem auch die Mutter mit Vergnü-</Unicode>
                </TextEquiv>
            </TextLine>
            <TextLine id="tr_1_tl_7" custom="readingOrder {index:6;}">
                <Coords points="943,1540 3613,1496 4094,1424 4102,1233 951,1353"/>
                <Baseline points="967,1498 973,1498 1062,1492 1152,1486 1241,1480 1331,1474 1420,1468 1510,1468 1600,1462 1689,1462 1779,1456 1868,1450 1958,1450 2047,1444 2137,1444 2226,1438 2316,1438 2406,1432 2495,1426 2585,1426 2674,1420 2764,1420 2853,1414 2943,1414 3032,1409 3122,1403 3212,1403 3301,1397 3391,1397 3480,1391 3570,1391 3659,1385 3749,1379 3838,1379 3928,1379 4018,1379 4107,1379"/>
                <TextEquiv>
                    <Unicode>gen lauschte, und sie beschlossen von nun allabendlich miteinander</Unicode>
                </TextEquiv>
            </TextLine>
            <TextLine id="tr_1_tl_8" custom="readingOrder {index:7;}">
                <Coords points="935,1687 1643,1703 1918,1611 2761,1679 3127,1603 3131,1516 943,1544"/>
                <Baseline points="955,1665 991,1665 1080,1665 1170,1659 1259,1659 1349,1653 1438,1647 1528,1641 1617,1641 1707,1635 1797,1611 1886,1611 1976,1606 2065,1606 2155,1606 2244,1606 2334,1600 2423,1600 2513,1600 2603,1594 2692,1594 2782,1594 2871,1588 2961,1594 3050,1588 3140,1582"/>
                <TextEquiv>
                    <Unicode>zu musizieren. Grade als so vielen anderen Pra</Unicode>
                </TextEquiv>
            </TextLine>
            <TextLine id="tr_1_tl_9" custom="readingOrder {index:8;}">
                <Coords points="1520,1842 3975,1802 4023,1599 1528,1691"/>
                <Baseline points="1540,1820 1611,1814 1701,1814 1791,1809 1880,1809 1970,1803 2059,1803 2149,1797 2238,1791 2328,1785 2417,1779 2507,1779 2597,1773 2686,1773 2776,1767 2865,1761 2955,1761 3044,1761 3134,1755 3223,1755 3313,1749 3403,1749 3492,1743 3582,1737 3671,1737 3761,1731 3850,1725 3940,1725 4029,1725"/>
                <TextEquiv>
                    <Unicode>Nicht immer hatte die Mutter Lust oder Zeit zuzuhö-</Unicode>
                </TextEquiv>
            </TextLine>
        </TextRegion>
        <TextRegion id="tr_2" custom="readingOrder {index:1;}">
            <Coords points="937,1848 4137,1848 4137,4995 937,4995"/>
            <TextLine id="tr_2_tl_1" custom="readingOrder {index:0;}">
                <Coords points="951,2081 4066,1993 4114,1806 1496,1830 955,1934"/>
                <Baseline points="973,2017 985,2017 1074,2017 1164,2012 1253,2012 1343,2006 1432,2000 1522,2000 1611,1994 1701,1988 1791,1988 1880,1982 1970,1976 2059,1976 2149,1970 2238,1964 2328,1964 2417,1958 2507,1958 2597,1952 2686,1952 2776,1946 2865,1946 2955,1940 3044,1940 3134,1934 3223,1928 3313,1928 3403,1922 3492,1922 3582,1916 3671,1916 3761,1910 3850,1904 3940,1904 4029,1898 4119,1904"/>
                <TextEquiv>
                    <Unicode>ren und so waren sie oft zu zweien. Es waren Stunden des reinsten</Unicode>
                </TextEquiv>
            </TextLine>
            <TextLine id="tr_2_tl_2" custom="readingOrder {index:1;}">
                <Coords points="931,2280 1436,2180 3867,2133 3947,2001 939,2085"/>
                <Baseline points="955,2203 1003,2197 1092,2185 1182,2185 1271,2185 1361,2185 1450,2179 1540,2173 1629,2167 1719,2167 1809,2161 1898,2155 1988,2155 2077,2155 2167,2149 2256,2143 2346,2143 2435,2131 2525,2131 2615,2131 2704,2125 2794,2119 2883,2119 2973,2119 3062,2113 3152,2107 3241,2107 3331,2101 3421,2101 3510,2095 3600,2095 3689,2095 3779,2089 3868,2083 3958,2095"/>
                <TextEquiv>
                    <Unicode>Glücks, in denen sie sich, ohne es in Worten auszudrücken, immer</Unicode>
                </TextEquiv>
            </TextLine>
            <TextLine id="tr_2_tl_3" custom="readingOrder {index:2;}">
                <Coords points="951,2423 3700,2343 3939,2280 3943,2168 955,2268"/>
                <Baseline points="973,2370 991,2370 1080,2370 1170,2364 1259,2364 1349,2352 1438,2352 1528,2346 1617,2346 1707,2340 1797,2334 1886,2334 1976,2328 2065,2328 2155,2322 2244,2322 2334,2316 2423,2310 2513,2310 2603,2304 2692,2304 2782,2298 2871,2298 2961,2292 3050,2286 3140,2286 3229,2280 3319,2280 3409,2280 3498,2274 3588,2274 3677,2268 3767,2262 3856,2256 3946,2262"/>
                <TextEquiv>
                    <Unicode>inniger aneinanderschlossen; und als er eines Abends nach dem</Unicode>
                </TextEquiv>
            </TextLine>
            <TextLine id="tr_2_tl_4" custom="readingOrder {index:3;}">
                <Coords points="939,2582 3911,2495 4062,2475 4066,2363 943,2423"/>
                <Baseline points="961,2537 1026,2543 1116,2543 1206,2537 1295,2537 1385,2531 1474,2525 1564,2519 1653,2519 1743,2513 1832,2513 1922,2513 2012,2507 2101,2501 2191,2501 2280,2501 2370,2495 2459,2489 2549,2483 2638,2477 2728,2477 2818,2471 2907,2471 2997,2465 3086,2465 3176,2465 3265,2459 3355,2453 3444,2453 3534,2447 3623,2447 3713,2441 3803,2435 3892,2435 3982,2435 4071,2435"/>
                <TextEquiv>
                    <Unicode>Verklingen des letzten Tons sich erhob und das Notenheft zuklapp-</Unicode>
                </TextEquiv>
            </TextLine>
            <TextLine id="tr_2_tl_5" custom="readingOrder {index:4;}">
                <Coords points="947,2745 3959,2674 4042,2495 951,2622"/>
                <Baseline points="967,2722 1003,2716 1092,2722 1182,2716 1271,2710 1361,2710 1450,2704 1540,2698 1629,2692 1719,2692 1809,2686 1898,2680 1988,2680 2077,2680 2167,2680 2256,2674 2346,2668 2435,2668 2525,2662 2615,2656 2704,2656 2794,2650 2883,2644 2973,2644 3062,2644 3152,2638 3241,2638 3331,2632 3421,2626 3510,2626 3600,2620 3689,2620 3779,2620 3868,2615 3958,2615 4047,2620"/>
                <TextEquiv>
                    <Unicode>te, sah sie ihm, die Geige noch in der Hand, ernst und wie fragend</Unicode>
                </TextEquiv>
            </TextLine>
            <TextLine id="tr_2_tl_6" custom="readingOrder {index:5;}">
                <Coords points="935,2916 3792,2869 3867,2674 939,2769"/>
                <Baseline points="955,2895 1008,2895 1098,2895 1188,2895 1277,2889 1367,2883 1456,2877 1546,2877 1635,2871 1725,2871 1814,2865 1904,2859 1994,2859 2083,2859 2173,2853 2262,2847 2352,2847 2441,2841 2531,2835 2620,2835 2710,2829 2800,2829 2889,2823 2979,2823 3068,2818 3158,2812 3247,2812 3337,2806 3426,2806 3516,2806 3606,2800 3695,2800 3785,2794 3874,2788"/>
                <TextEquiv>
                    <Unicode>ins Auge,worauf er,wie zur Antwort, einen Kuss auf ihre Stirn</Unicode>
                </TextEquiv>
            </TextLine>
            <TextLine id="tr_2_tl_7" custom="readingOrder {index:6;}">
                <Coords points="935,3088 4090,3044 4126,2889 939,2940"/>
                <Baseline points="955,3074 1003,3074 1092,3068 1182,3068 1271,3062 1361,3062 1450,3056 1540,3050 1629,3050 1719,3050 1809,3044 1898,3044 1988,3038 2077,3032 2167,3026 2256,3026 2346,3020 2435,3015 2525,3015 2615,3009 2704,3009 2794,3003 2883,3003 2973,3003 3062,2997 3152,2997 3241,2991 3331,2991 3421,2991 3510,2985 3600,2979 3689,2979 3779,2973 3868,2967 3958,2967 4047,2955 4137,2961"/>
                <TextEquiv>
                    <Unicode>und dann auf ihre Lippen drückte. Sie schwiegen lange. Als er end-</Unicode>
                </TextEquiv>
            </TextLine>
            <TextLine id="tr_2_tl_8" custom="readingOrder {index:7;}">
                <Coords points="927,3271 3851,3207 4034,3163 4038,3048 1655,3163 935,3088"/>
                <Baseline points="949,3253 997,3253 1086,3247 1176,3241 1265,3235 1355,3235 1444,3229 1534,3229 1623,3229 1713,3223 1803,3218 1892,3218 1982,3218 2071,3212 2161,3206 2250,3206 2340,3200 2429,3194 2519,3194 2609,3188 2698,3188 2788,3182 2877,3182 2967,3182 3056,3176 3146,3176 3235,3170 3325,3164 3415,3164 3504,3164 3594,3158 3683,3152 3773,3146 3862,3146 3952,3140 4041,3152"/>
                <TextEquiv>
                    <Unicode>lich etwas sagen wollte,wehrte sie leise ab. „Heute nichts mehr,</Unicode>
                </TextEquiv>
            </TextLine>
            <TextLine id="tr_2_tl_9" custom="readingOrder {index:8;}">
                <Coords points="939,3454 1042,3442 1114,3489 1210,3434 1305,3458 1401,3426 1464,3473 1540,3450 1619,3485 1898,3406 2009,3465 2017,3275 1926,3310 1695,3275 1540,3314 1349,3282 943,3322"/>
                <Baseline points="961,3432 1038,3426 1128,3421 1217,3421 1307,3409 1397,3409 1486,3409 1576,3403 1665,3403 1755,3397 1844,3397 1934,3391 2023,3397"/>
                <TextEquiv>
                    <Unicode>ich bitte dich darum.</Unicode>
                </TextEquiv>
            </TextLine>
            <TextLine id="tr_2_tl_10" custom="readingOrder {index:9;}">
                <Coords points="1500,3621 3768,3569 3987,3541 3995,3350 1504,3458"/>
                <Baseline points="1522,3582 1576,3576 1665,3576 1755,3576 1844,3576 1934,3570 2023,3570 2113,3564 2203,3558 2292,3558 2382,3552 2471,3546 2561,3546 2650,3540 2740,3540 2829,3534 2919,3528 3009,3528 3098,3522 3188,3522 3277,3522 3367,3516 3456,3510 3546,3510 3635,3504 3725,3498 3815,3498 3904,3492 3994,3492"/>
                <TextEquiv>
                    <Unicode>Er ging. Als er aus dem Haustor trat, wurde ein Fen-</Unicode>
                </TextEquiv>
            </TextLine>
            <TextLine id="tr_2_tl_11" custom="readingOrder {index:10;}">
                <Coords points="943,3605 1011,3629 1098,3569 1118,3573 1126,3585 1150,3585 1158,3485 1130,3481 1110,3493 1102,3489 1078,3509 1058,3497 1038,3497 1023,3509 987,3473 955,3465"/>
                <Baseline points="967,3576 979,3576 1068,3564 1158,3564"/>
                <TextEquiv>
                    <Unicode>ing</Unicode>
                </TextEquiv>
            </TextLine>
            <TextLine id="tr_2_tl_12" custom="readingOrder {index:11;}">
                <Coords points="923,3816 3871,3748 3915,3577 931,3668"/>
                <Baseline points="949,3785 961,3785 1050,3779 1140,3779 1229,3767 1319,3767 1409,3767 1498,3761 1588,3761 1677,3767 1767,3755 1856,3755 1946,3749 2035,3743 2125,3743 2214,3737 2304,3731 2394,3731 2483,3725 2573,3719 2662,3719 2752,3719 2841,3713 2931,3707 3020,3707 3110,3707 3200,3707 3289,3701 3379,3695 3468,3695 3558,3689 3647,3689 3737,3689 3826,3683 3916,3683"/>
                <TextEquiv>
                    <Unicode>ster über ihm geöffnet. Er blickte hinauf,Paula, einen weissen</Unicode>
                </TextEquiv>
            </TextLine>
            <TextLine id="tr_2_tl_13" custom="readingOrder {index:12;}">
                <Coords points="927,3979 3708,3955 4050,3911 4058,3724 931,3812"/>
                <Baseline points="949,3964 1020,3958 1110,3958 1200,3952 1289,3952 1379,3946 1468,3946 1558,3940 1647,3934 1737,3934 1826,3934 1916,3928 2006,3922 2095,3922 2185,3916 2274,3916 2364,3910 2453,3904 2543,3904 2632,3904 2722,3898 2812,3892 2901,3886 2991,3886 3080,3886 3170,3880 3259,3880 3349,3874 3438,3874 3528,3868 3618,3868 3707,3862 3797,3862 3886,3856 3976,3850 4065,3850"/>
                <TextEquiv>
                    <Unicode>Shawl dicht um den Hals geschlungen, stand oben in der Dunkelheit</Unicode>
                </TextEquiv>
            </TextLine>
            <TextLine id="tr_2_tl_14" custom="readingOrder {index:13;}">
                <Coords points="2809,4082 3040,4090 3084,4130 3167,4090 3298,4130 3581,4114 3664,4070 3951,4114 3983,3967 3263,3919 3099,3963 3044,3915 2988,3963 2877,3967 2813,3931"/>
                <Baseline points="2829,4065 2913,4065 3003,4065 3092,4065 3182,4065 3271,4065 3361,4059 3450,4059 3540,4059 3629,4053 3719,4059 3809,4053 3898,4053 3988,4059"/>
                <TextEquiv>
                    <Unicode>Mal abgeschlossen. Be¬</Unicode>
                </TextEquiv>
            </TextLine>
            <TextLine id="tr_2_tl_15" custom="readingOrder {index:14;}">
                <Coords points="927,4174 1468,4126 2053,4166 2459,4082 2642,4122 2646,3971 1993,3955 1910,4011 1838,3959 1568,3999 1404,3955 1229,4026 935,4011"/>
                <Baseline points="949,4143 1038,4143 1128,4137 1217,4131 1307,4125 1397,4125 1486,4119 1576,4119 1665,4113 1755,4113 1844,4107 1934,4107 2023,4101 2113,4101 2203,4095 2292,4095 2382,4089 2471,4083 2561,4077 2650,4077"/>
                <TextEquiv>
                    <Unicode>und winkte ihm ihren Nachtruss zu.</Unicode>
                </TextEquiv>
            </TextLine>
            <TextLine id="tr_2_tl_16" custom="readingOrder {index:15;}">
                <Coords points="1476,4309 1651,4385 2316,4277 3887,4313 4066,4261 4070,4142 2296,4098 1480,4170"/>
                <Baseline points="1498,4292 1570,4292 1659,4292 1749,4286 1838,4286 1928,4280 2017,4274 2107,4274 2197,4268 2286,4268 2376,4262 2465,4262 2555,4256 2644,4256 2734,4250 2823,4244 2913,4244 3003,4244 3092,4238 3182,4238 3271,4238 3361,4232 3450,4227 3540,4221 3629,4221 3719,4221 3809,4221 3898,4215 3988,4209 4077,4209"/>
                <TextEquiv>
                    <Unicode>Beim Nachhausekommen fand er einen Brief vor. Er kam</Unicode>
                </TextEquiv>
            </TextLine>
            <TextLine id="tr_2_tl_17" custom="readingOrder {index:16;}">
                <Coords points="927,4552 3088,4420 3863,4484 4011,4468 4019,4261 931,4373"/>
                <Baseline points="949,4495 973,4495 1062,4489 1152,4483 1241,4483 1331,4477 1420,4477 1510,4477 1600,4471 1689,4471 1779,4465 1868,4459 1958,4453 2047,4453 2137,4447 2226,4447 2316,4441 2406,4435 2495,4435 2585,4429 2674,4429 2764,4424 2853,4424 2943,4418 3032,4418 3122,4412 3212,4412 3301,4412 3391,4406 3480,4406 3570,4406 3659,4400 3749,4394 3838,4394 3928,4388 4018,4400"/>
                <TextEquiv>
                    <Unicode>aus Amerika,die Adresse verriet Albertens Schriftzüge. Also, sie</Unicode>
                </TextEquiv>
            </TextLine>
            <TextLine id="tr_2_tl_18" custom="readingOrder {index:17;}">
                <Coords points="915,4711 3704,4695 4019,4607 4023,4460 919,4560"/>
                <Baseline points="937,4668 979,4668 1068,4668 1158,4662 1247,4662 1337,4656 1426,4650 1516,4650 1606,4644 1695,4644 1785,4638 1874,4632 1964,4632 2053,4627 2143,4627 2232,4627 2322,4627 2412,4621 2501,4615 2591,4609 2680,4609 2770,4603 2859,4603 2949,4597 3038,4597 3128,4591 3218,4591 3307,4585 3397,4585 3486,4585 3576,4585 3665,4579 3755,4579 3844,4573 3934,4567 4024,4567"/>
                <TextEquiv>
                    <Unicode>lebte. Das Gefühl von Freude, ja von Befreiung, das ihn plätzlich</Unicode>
                </TextEquiv>
            </TextLine>
            <TextLine id="tr_2_tl_19" custom="readingOrder {index:18;}">
                <Coords points="2220,4806 2530,4902 3107,4858 3286,4906 3462,4838 3585,4898 3847,4898 3847,4659 2220,4711"/>
                <Baseline points="2244,4788 2334,4788 2423,4788 2513,4782 2603,4782 2692,4782 2782,4782 2871,4782 2961,4776 3050,4776 3140,4776 3229,4776 3319,4776 3409,4776 3498,4782 3588,4782 3677,4776 3767,4776 3856,4770"/>
                <TextEquiv>
                    <Unicode>xxxen. xxx er verwahrte den</Unicode>
                </TextEquiv>
            </TextLine>
            <TextLine id="tr_2_tl_20" custom="readingOrder {index:19;}">
                <Coords points="979,5049 3040,5037 3040,4902 2797,4862 1361,4918 983,4850"/>
                <Baseline points="1003,4985 1080,4985 1170,4985 1259,4985 1349,4985 1438,4985 1528,4985 1617,4979 1707,4979 1797,4979 1886,4973 1976,4973 2065,4967 2155,4967 2244,4967 2334,4967 2423,4967 2513,4961 2603,4961 2692,4955 2782,4955 2871,4955 2961,4955 3050,4967"/>
                <TextEquiv>
                    <Unicode>rief sorgfältig, ehe er sich zu Bette legte.</Unicode>
                </TextEquiv>
            </TextLine>
        </TextRegion>
    </Page>
</PcGts>
