4776 5700
4162 435 4390 712 123
1176 617 4166 837 möglich zu halten, dass Otto einfach durch die Tatsache meines
1723 787 3421 915 innere jm Kruicht komme.
1097 820 4352 1073 Verzehvindens von seiner Eisen des gehellt werden könnte? Ist es
1483 977 2514 1093 nil usepscheinl fa
1106 973 4249 1230 nicht oder xxx, dass er meine Abreise als ein neues Zeichen
2269 1143 2605 1276 dass  in
1077 1184 4261 1391 in seinem Sinn deutet meinen Aufenthalt zu entdecken sucht, mich
1068 1354 4357 1520 verfolgt, oder verfolgen lässt und am Ende - findet? Nein, das wird
1122 1520 4274 1735 er nicht. Ich werde schlauer sein als er. Finden sollen sie mich
1118 1706 4137 1913 micht! Wie wär's, wenn ich einen Selbstmord vorspiegelte? Kein
1118 1864 4245 2087 übler Einfall. Doppelselbstmord. Ich und Paula. Wir lassen einen
1097 2054 4270 2278 Brief zurück... wie man es in solchen Fälben zu tun pflegt.
1106 2224 4208 2414 Man würde sich nicht einmal sonderlich wundern. Niemand. Der Ba-
1321 2385 1528 2497 R2T
3702 2406 4179 2530 breitet-
1039 2385 1271 2543 n se
1963 2394 3044 2505 zweifelte nicht daran,
1093 2493 4241 2621 ron Prantner gewiss nicht. Auch Herr Kahnberg nicht, Und Otto ge-
1027 2555 4025 2667 wieder in compten
1122 2663 4195 2845 niss nicht. Er würde seinen Wahr nur bestätigt finden. Ich hätte
907 2626 1089 2841 1-
1748 2729 2717 2857 Sireynde
2824 2737 3044 2862 es l e
3321 2737 3553 2853 jeden
1077 2824 4191 3027 ihm eine Mühe erspart. So würde er sich die Sache zurecht legen.
1110 2911 1387 3036 Torhe
1516 2907 2369 3048 noch eine Viertel
1068 2994 4245 3209 Und er wäre der Sieger. Der Sieger? Ist es denn ein Kampf? Wollen
1512 3081 1909 3214 Dreiheit.
1963 3081 2402 3214 alleicht
2812 3081 3367 3226 ebene nicht
1056 3180 4137 3388 wir einander denn überlisten? Ich muss es anders anstellen. Be-
1023 3251 1180 3363 U.Ed.
1039 3359 4191 3528 weisen, ja beweisen muss ich seinen Wahnsinn. Ja. Darauf kommt es
1044 3516 4034 3694 an. Sonst habe ich ja keine Ruhe mehr in der Welt. Wir können
1031 3669 4195 3897 uns nicht auf Lebenszeit verstecken, Paula und ich. Das wäre frei-
986 3856 4220 4067 lich das Schönste, Verschwinden, ein neues Leben beginnen, anderswo,
1010 4013 4162 4236 unter anderm Namen womöglich, als ein anderer Mensch. Ja, wenn das
990 4166 1963 4419 durchzuführen wäre!
1553 4340 4162 4564 Er stand vor dem Bankgebäude, wo der Rest seines klei-
911 4543 4245 4771 nen Vermögens verwahrt lag, trat ein, liess sich eine grössere Summe
973 4738 4075 4941 ausfolgen und redete zu dem Beamten, der ihm persönlich bekannt
948 4870 2717 5102 war, in humoristisch geheimnisvoller
