4728 5828
1016 681 4246 943 auch die Landschaft schien ihm duft los, trocken und ihres gewohnten
1003 840 4268 1157 Reizes wie entkleidet. Er freute sich jetzt, dass die Stunde der Ab-
998 1007 4216 1290 reise nahe war, und in seiner Seele tauchten höchst lebendige Bil-
1003 1178 4448 1504 der von winterlich-städtischen Vergnügungen auf, nach denen schon
1341 1414 2507 1534 nicht mehr verlangt hatte.
1003 1410 4332 1667 lange kein Verlangen mehr getragen. Er sah sich im Theater, auf einem
1701 1598 2010 1718 penel
998 1560 4088 1808 bequemen Sammtstuhl der Betrachtung eines heiteren Bühnenspiels
986 1740 4165 2005 hingegeben, sah sich durch hellbeleuchtete, menschen erfüllte Stras-
998 1928 4251 2151 sen spasianan, zwischen lockenden Auslagefenstern mit köstlichen Ju-
1234 1958 1637 2087 wondels
990 2065 4242 2348 welen und Lederwaren, und endlich erschien ihn seine Gestalt, ein we-
998 2275 4302 2524 nig aufgefrischt und verjüngt, im stillen Winkel eines behaglich-vor-
998 2464 4169 2691 nehmen Restaurants an der Seite eines weiblichen Wesens,dem seine
986 2644 4251 2922 Phantasie unwillkürlich Albertens anmutige Züge verlieh. Zum ersten
981 2828 4208 3064 Mal seit der Trennung dachte er ihrer heute mit einiger Wehmut; &
981 2974 4186 3261 tragte sich,ob es sonderlich klug gewesen war, sie widerstands-
981 3119 4242 3389 los dem jungen Amerikaner zu überlassen, dessen sie, der gefährlichen
973 3299 4341 3634 Nähe entrückt, nach wenigen Tagen gewiss nicht mehr gedacht hätte; und
981 3548 4242 3801 ob es in jenem abendlichen Waldgespräch am Vierwaldstädtersee nicht
518 3587 878 3801 sibulgt
973 3741 4101 3929 vielmehr seine Pflicht gewesen wäre, die Freundin zu Warnen, statt
956 3822 4221 4135 ihr zur Annahme eines Heiratsantrages zu raten, der, trotz aller lei-
956 4066 4148 4281 denschaftlichen Bestimutheit, als Ergebnis einer Bekanntschaft von
943 4276 4306 4495 nur wenigen Tagen, den einigermassen verdächtig erschien. Freilich täusch-
951 4396 4255 4645 te sich Robert auch darüber nicht, dass sein augenblickliches Missbe-
921 4564 4096 4803 hagen viel weniger aus solchen verspäteten Gewissenszweifeln, als
943 4752 4268 5082 aus der dankbaren und nun beinahe schmerzlich erwachenden Erinnerung
