4856 5652
3092 319 3276 559 in
4102 503 4289 634 108
3862 439 4046 694 109
4114 602 4373 802 ###w
1069 618 4261 858 gemütlichen Abend bei sich zu sehen. „Sehr gern“, erwiderte Robert.
1221 842 4150 1017 die ewige Macht der Blutsverwandtschaft gewesen, die in einem
1201 1009 4178 1241 bedeutungsvollen Augenblick durch ein solches geheimnisvolles
1065 1081 1333 1217 wieder
1895 1121 2382 1249 Bertali
1189 1189 4265 1389 Zeichen sich ankündigte? Es war nur natürlich, dass der Ausdruck
1209 1369 4106 1556 in Ottos Mienen sich sofort änderte, da er sich beobachtet, ja
1185 1580 4201 1732 entdeckt fühlen musste. Ein Lächeln, allerdings dem Grinsen nah
3180 1648 4058 1788 befangen sagte et
1169 1756 4361 1895 verwandt,erschien auf seinen Lippen, und er sagte: „Ja, mein Lie-
3064 1847 3268 1951 Wie
3348 1835 4361 1971 könnte man so weiter
1161 1899 4361 2111 ber, ferna Zeiten, ferne Zeiten. lange deren plaudern,...
1153 2087 4162 2290 Äber leider (ik:t: hwesen
2366 2187 2709 2310 trof et
1141 2270 4201 2418 "Er kläpte das Eintragsbuch zu rückte Bü-
1125 2426 4114 2641 cher und Papiere auf dem Schreibtisch zurecht,griff seiner Ge-
1117 2590 4186 2793 wohnheit nach an die Brusttasche nach dem Notizbuch, dann wandte
1101 2781 4022 2977 er sich wieder zu Robert, der sich gleichfalls erhoben hatte.
1101 2961 4130 3164 „Warst du übrigens schon bei den Kindern, bei Marianne?" Robert
2797 3080 3252 3200 offenbaren
1089 3172 4098 3356 schüttelte den Kopf. Otto fuhr mit xxxx Beflissenheit fort:
1081 3316 3966 3515 „Habe ich dir schon gesagt, dass Marianne von Paula geradezu
2562 3415 2749 3527 und
1065 3487 3958 3683 schwärmt?“ Er hatte geklingelt,xxx fragte den eintretenden
1057 3647 4126 3858 Diener, ob Marianne zuhause sei. Sie war fortgegangen, und Robert
1041 3850 4110 4058 begleitete den Bruder ins Zimmer der Kinder, die eben ihr Abend-
1329 3938 1799 4050 erhielten
1033 4002 4066 4233 essen und es gar nicht hübsch vom Onkel fanden, dass er
2833 4134 3292 4241 wunchem
1009 4213 4078 4397 gerade nur hereinkam ihren gute Nacht sagen, und sie gleich wie-
1017 4361 3986 4561 der mit dem Vater, dessen Eile sie freilich gewohnt waren, ver-
1009 4557 1361 4772 liess.
1640 4557 3878 4748 an bereit, was ich wünsche, es kostet mich nur ein
1472 4708 3974 4912 Auf der Treppe sprach Otto die Erwartung aus Robert
2047 4836 2322 4952 thrar
982 4872 3934 5135 mit seiner Braut und xxxx Mutter recht bald wieder an einem
