4744 5668
2602 365 2797 526 P.S.
3638 331 3897 497 11 7
807 645 3876 913 in Anspruch nahm, als befänden sich alle übrigen Angelegenheiten
3468 722 3880 845 wer den zu
802 811 3816 1095 für ihn in völliger Ordnung. Er schrieb einige Bemerkungen und
3549 900 3829 1010 riz un d
790 998 3837 1261 Ergänzungen nieder, was ihm so leicht von der Hand ging, dass er
794 1172 3888 1469 fast bedauerte seinen Entwurf vorläufig nicht zu Ende führen zu
3617 1244 3833 1358 inne
811 1346 3880 1609 können. Mit dem Baron Prantner, der ihn gegen Mittag zu sich be-
2993 1422 3825 1571 der Arbeit
807 1507 3965 1757 scheiden liess, besprach er eingehend gewisse Einzelheiten xxx er-
807 1681 3846 1948 bat drei Tage Urlaub, um seine Anhait zuhause oder auf dem Land
2195 1711 2386 1813 sie
798 1864 4029 2110 ungestört zu Ende bringen zu können, und es fiel ihn ein, dass er
794 2046 3956 2369 sie tatsächlich mit sich nehmen, vollenden und dann als vollgilti-
807 2220 3897 2496 gen Beweis für seine geistige Gesundheit an das Ministerium ab-
1384 2454 4164 2721 „Was ist Ihnen" „hörte er plötzlich wie in einem Traum die
819 2492 1503 2700 senden könnte
794 2640 4062 2925 Stimme des Barons.Und, erwachend, fragte er sich sofort,ob sich seine
798 2768 4041 3107 geheimen Gedanken nicht irgendwie in seinen Augen, seinen Mienen ge-
815 2967 3952 3286 spiegelt hätten? Doch der erschrockene Blick des Andern liess ihn
811 3154 3995 3438 vermuten, dass hier schon früher ein Verdacht bestanden hätte. Eine
828 3332 4245 3625 Anzahl kleiner Vorkommnisse aus der allerletzten Zeit stieg in Roberts
819 3451 4237 3804 Erinnerung auf, denen er leichtfertiger Weise keine Bedeutung beigelegt
824 3655 4054 3999 hatte;sonderbar lauernde Blicke seiner Amtskollegen,das plötzliche
836 3833 4109 4143 Verstummen eines Gesprächs zwischen dem Sektionschef und dem Hofrat,
841 3986 3961 4220 als er selbst unerwartet dazugetreten war.Und er bebte vor Scham
832 4079 3961 4321 und Angst in dem Gedanken, dass seine ganze Ungebung schon längst
836 4164 3935 4406 vor ihn als vor einem Geistesgestörten gewarnt sein mochte.- Ja,
836 4258 3952 4500 vielleicht war Otto in dieser Stunde bei Paula und senkte in ihr
841 4351 3952 4593 Herz den Keim des furchtbarsten Misstrauens, um dann, wenn die Tat
841 4423 3829 4678 des Wahnsinnen vollbracht war, gerechtfertigt, ja als Helfer, als
824 4559 2899 4788 Erlöser, vor ihr und den Andern dazustehen.
1439 4580 3914 4835 Was ist Ihnen?“ fragte der Baron nochmals und legte
1414 4742 3910 5005 Eine rasche Ueberlegung sagte Robert, dass er sich
819 4810 2572 5009 die Hand auf Roberts Schulter. xxx
2292 4861 3973 5153 müsste, um einen gefährlichen Ver
3455 4958 3867 5086 fest. Dir am 20. Februar v. März. in allda in der
832 4975 1668 5196 aufs Aeusserste
