4824 5652
3616 385 3788 587 94
901 683 4224 918 Ihr Vater, so erzählte sie ihrem Verlo/bten,hatte vorläufig in einer
892 830 4140 1048 italienischen Hafenstadt Aufenthalt genommen, wo er Nachrichten ei-
892 1010 4039 1232 nes Jugendfreunds aus Amerika abwartete,um hievon seine nächsten
892 1186 4098 1353 Entscheidungen abhängig zu machen. Die Möglichkeit einer neuen und
872 1324 4056 1559 zwar einer journalistischen Laufbahn schien sich ihm zu eröffnen.
884 1475 3913 1718 Und sein Brief gab Zeugnis von einer fast jugendlichen
867 1676 4232 1831 Hofmungsfreudigkeit,ja von einer gewissen Reise-und Abenteuerlust;-
867 1793 4094 2024 eine Stimmung,die,wie Robert mit Verwunderung wahrnahm, der Gattin
859 1990 4089 2179 und der Tochter nicht nur verzeihlich, sondern vollkommen natürlich
867 2133 4207 2359 erschien. Robert entfernte sich bald mit der Erklärung,
855 2313 3939 2472 eine Zusammenkunft mit Leinbach verabredet zu haben, den er seit
830 2464 2623 2686 seiner Verlobung nicht gesehen habe.
1370 2648 4052 2786 Er hatte den Freund ins Kaffeehaus beschieden,umsich bei
830 2761 4081 2971 dieser Gelegenheit auch den andern Bekannten zu zeigen.denen sein
817 2954 3997 3159 langes Fernbleiben vielleicht sonderbar erschienen sein mochte.
800 3126 3943 3268 Sie beglückwünschten ihn alle sehr herzlich zu seiner Verlobung,
813 3277 4043 3423 August Langer allerdings mit einem eigentümlichen hämischen Zucken
809 3377 4068 3587 der Mund inkel, ungefähr als ob er andeuten wollte,dass ihm für sei-
775 3524 4068 3754 nen Teil das Los dieses neuen Opfers, das dereinstige Verwandte ge-
771 3691 4123 3934 funden, glücklicherweise volukommen gleichgültig sein konnte. Sofort
771 3909 1793 4148 aber erkannte Robert
