4920 5892
1203 855 4356 1096 Einsamkeit zu schwärmen, aber sich ohne Gesellschaft sehr unglück-
3845 993 4285 1195 der Fall
1195 1048 3212 1286 lich zu fühlen pflegte.
1772 1163 4249 1432 Bei der Art seiner Beziehungen zu der Familie Kost-
1195 1341 4209 1642 ner konnte Robert, so sehr es ihn dazu drängte, doch nicht daran
1199 1579 4269 1824 denken, persönlich Erkundigungen im Hause einzuziehen. Doch ver-
1203 1705 4312 1994 liess er noch in später Stunde seinen Gasthof, um, von unbezwingli-
1191 1907 4261 2172 cher Sehnsucht getrieben, an den zu seiner Verwunderung zum Teil
1191 2113 4368 2322 ganz hell erleuchteten Fenstern der Kostner'schen Wohnung vorüber-
1171 2251 4332 2536 zuwandeln. Allmählich erst besann er sich, dass auch das ausseror-
3620 2401 4257 2500 entschiedenen
1191 2485 4300 2690 dentlichste Schicksal sich nicht sofort in einer durchgreifenden
1175 2655 4198 2848 Veränderung äusserer Lebensformen auszudrücken pflegt und dass
1167 2805 4178 3023 Paula,-selbst wenn sie in diesem Augenblick im eigentlichsten
1159 2920 4190 3197 Sinn viel ärmer sein mochte, als jene Klavierlehrerin, die sich
1159 3161 4190 3410 nach einem dürftigen Liebesabenteuer die Reste des Abendessens
1147 3315 4293 3541 mit nach Hause genommen,- gewiss noch längere Zeit hundurch ein
1167 3470 4202 3731 behagliches Heim bewohnen, schöne Kleider tragen und keineswegs
1143 3683 4158 3917 Hunger leiden würde. Er sah Schatten sich hin und her bewegen,
1143 3822 4296 4083 beobachte te dann, dass Lichter verlöschten und in einem benachbar-
1139 4063 4269 4281 ten Raum aufflammten; später fuhr ein Wagen vor, ein vornehm aus-
1147 4205 4261 4435 sehender Herr stieg aus, der dem Haustor verschwand. Robert begann
1120 4376 4174 4617 sein Hin und Herwandern vor dem Hause,in das er ja doch nicht
1124 4526 4134 4791 eintreten wollte, als zwecklos und lächerlich zu empfinden und
3375 4744 4253 4922 welt er es doch für
1116 4775 2825 5013 machte sich auf den Heimweg.
1551 4929 4035 5183 auch jetzt einige Worts der Teilnahme zu äussern.
3513 5060 4289 5357 a, dachte Robert,
3149 5064 3482 5357 boden.
1484 5076 3054 5444 von drückte ihm die Hand und auch
