4840 5908
3927 536 4086 766 57
2792 599 2955 812 11e:
3194 741 4111 900 eine Herren Geschwo-
2901 741 3140 929 G.C.F.P
917 846 4098 1172 wie abwesend; blieb noch eine Weile stehen, dann fasste er sich und
1612 758 2432 992 gericht stellen?
2960 954 3885 1088 e Umstände sprechen
2520 1021 2775 1126 G.C.H.F.P
925 942 4115 1390 begab sich auf sein Zimmer. Er machte Licht und ging hin und her.
3098 1155 3290 1273 Dert.
942 1206 4056 1553 „Ein Telegramm“, sagte er nochmals vor sich hin. Was für eine Art
925 1386 4052 1729 von Telegramm mag das sein? Und schon wusste er's: Sie waren vor
1624 1444 1913 1561 mochte
954 1474 4249 1875 ihm gewarnt worden. Der besorgte Vater hatte sie eilends zurück-
3366 1658 3885 1792 feindlage
942 1741 4027 2039 berufen. „Die Damen lassen sich empfehlen-?“ Eine Erfindung des
946 1913 4128 2248 Portiers. Ueber Hals und Kopf waren sie geflohen. Offenbar waren
967 2043 4128 2428 schon Gerüchte über ihn im Umlauf. Gerücht nur—? Vielleicht wird
963 2265 4056 2583 er schon verfolgt,bewacht, ist von Detektiven umgeben; und morgen
967 2357 4337 2780 Früh wird man ihn verhaften. Und wenn er auch unschuldig ist,wie kam
980 2621 4052 2926 er es beweisen? Alberta ist in Amerika oder weiss Gott wo - wer
967 2713 4065 3094 wird ihn glauben, dass er sie nicht umgebracht hat vor? Vielleicht
984 2905 4257 3299 ist schon der Verdacht ausgesprochen worden, dass er auch seine Frau
1160 3077 1381 3198 puit.
996 3127 4232 3445 vergiftet hat. Wird man den Leichnam ausgraben? wird man nach Gift-
1001 3328 4195 3688 spuren forschen? Wenn sich keine finden - was hilft’s nach so lan-
992 3412 4303 3789 ger Zeit-? Plötzlich sah er sein eigenes Porträt vor sich mit Ueber-
1005 3676 4140 3973 zieher,Zylinder und Stock, so wie er sich in Wirklichkeit niemals
1005 3851 4216 4186 hatte phylografieren lassen; ganz in der Art eines nachlässig ver-
1021 4023 4253 4358 vielfältigten Bildes in einer Tageszeitung, und darunter las er mit
1005 4136 4199 4559 grossen Lettern die Worte: Ein neuer Blaubart. Er roch das Papier
1017 4383 4061 4722 und die Druckerschwärze, Gleich darauf sah er sich vor Gericht
1030 4546 4291 4873 stehen als Angeklagter. Er leugnete. Er schwor zu Gott, dass er nie-
1021 4756 3981 5044 mals einen Menschen umgebracht habe, Es ist nur ein Wahn von
1017 4898 4236 5337 mir, meine Herren Geschworenen. Wie darf man mich denn wegen eines
