4776 5652
3922 334 4328 515 115
4010 435 4356 600 22fxx
3318 407 3616 608 Ao t
3938 527 4167 652 G.C.H.F.P
1284 552 4332 749 nicht zu verraten. Und er blieb er so lange an Hals seines Bru-
1562 684 1880 813 hängen
1268 701 4199 946 ders liegen bis er sich innerlich gefasst und seine Züge zum
1268 890 4316 1111 Ausdruck beruhigten Ernstes geordnet hatte. Dann machte er sich
3624 1063 3873 1180 nun
4058 1071 4236 1188 nierung des
1248 1075 4248 1284 los und blickte seinem Bruder heiter ins Antlitz, das ein blas-
1244 1268 4477 1518 ses, maskenhaftes Lächeln zeigte. War Otto in diesem Augenblick xxx
1232 1445 4232 1631 völlig entschlossen zu tun, wozu ihm jener Brief, den er hinter-
3620 1598 4417 1723 Dartiber war sich
1208 1615 4215 1800 hältiger Weise zurückgebracht,Vollmacht erteilte?
1490 1731 2001 1856 im Klaren.
2702 1759 4107 1884 vielleicht für den Augenblick
1192 1832 4272 1969 Robert nicht. Er wusste nur, dass dieser Entschluss, auch wenn er
2549 1937 4505 2102 sein mochte, im nächsten Augenblick schon
1204 1933 4292 2162 jetzt xxxmischt ins Schwanken gereten xxxx
366 1973 1083 2255 Augenblick
1192 2074 2263 2218 sich so weit festigen
2428 2106 4099 2231 immeidurch auf sein konnte
1160 2158 4107 2363 ### konnte, dass aus ihm mit Notwendigkeit die Paten-
1176 2295 4083 2516 stände, Darum gab es nur eines mehr - Flucht. Fluchet noch am
1156 2452 4143 2710 heutigen Tage. Denn das Morgen schon konnte Verderben bringen.
1139 2657 4079 2867 Wohin? Das war am Ende gleichgültig. Alles übrige würde sich
3535 2826 4099 2955 not know
1127 2875 4119 3044 finden, wenn er erst mit Paula die Stadt verlassen hätte. Seine
1119 3016 4123 3217 Miene gehorchte ihn xxxx so sehr, dass sie von den Vorgängen
1876 3177 2750 3261 nicht das Mindeste
1099 3185 4107 3394 in seinem Innern  verriet. Den Brief, den Otto
1099 3354 3998 3555 ihm gegeben, hielt er in der Hand, sah ihn flüchtig durch, ohne
1083 3515 4099 3736 ihn eigentlich wieder zu lesen, zerriss ihn in kleine Stückchen
1063 3728 4107 3958 und mit einem humoristischen Lächeln zu seinem Bruder hinzwarf
1059 3833 4167 4111 er xxxx in den Ofen. „Und nun wird es Asche“, sagte Otto
1047 4071 4026 4288 bedeutungsvoll und mit einem Pathos, das sonst seine Art nicht
1035 4276 1256 4473 war.
1458 4272 2955 4461 te keinerlei Gefahr, und so konnte
1486 4360 4030 4630 Wie ungeschickt, dachte Robert und (b) stiess mit dem
1043 4457 1429 4646 und vorbe
994 4578 3044 4803 Fuss die Ofentire zu. erlei Verdacht zu er-
1107 4759 4022 5025 x. überlaßen sey. ten Stücken den xxx. Nachrichten v.d. xxx
902 4968 4026 5238 x.x.ditoi. oud ärztmeeten werkelt übrigens, dann überzeigen werdenen Hängsten mens nämlichte, auch oder
