4856 5908
1155 559 2020 922 Votre très obéissant avec la vie de l'aresse
3547 588 4187 882 C2
1033 877 4122 1163 gerischen Sommerstunden menschlicher Herbstage,von denen kluge
1024 1098 3987 1314 Leute sich nicht dürften betrügen lassen. „Warum trügerisch?“
2220 1257 2485 1355 wenn
1028 1269 4077 1522 meinte Robert ablehnend, „da es ja wirklich warm ist in solchen
1016 1445 4114 1694 Stunden...2! Heute könnte man sich zum Beispiel ohne die gering
1033 1657 4122 1877 ste Gefahr hier ins Gras legen; wie denkst du drüber?" Leinbach
1033 1788 4069 1996 war einverstanden. Sie breiteten die Mäntel aus, streckten sich
1110 1996 1404 2114 and I do
1024 1988 4089 2175 darauf hin und blickten talwärts, sich der gleichen Aussicht er-
1016 2179 4134 2396 freuend, die Robert tags vorher von einer weiter unten 1-egenden
1008 2343 4236 2559 Stelle aus mit Paula genossen hatte. Ein starkes Wohlgefühl durch-
1016 2530 4040 2726 drang ihn. Ich bin gesund und noch jung, sagte er sich. Was ist
1020 2690 4028 2906 es nur, was mich manchmal mit so unheimlicher Gewalt überkommt?
1000 2898 4057 3118 Wer weiss übrigens, ob nicht die meisten Menschen von ähnlichen
996 3041 4110 3273 Gespenstern heimgesucht werden? Andererseits gibt es vielleicht
992 3216 4081 3485 Leute, die tatsächlich irgend einmal ein Verbrechen begangen, und
996 3379 4159 3583 es völlig vergessen haben. Stand nicht neulich irgendwo zu lesen,
980 3543 4012 3812 dass in England allein jährlich gegen tassend Menschen spurlos
984 3738 3938 3951 verschwinden? Und es wäre immerhin mögl ich, dass unter diesen
980 3963 4045 4175 tausend manch einer umgebracht worden ist - von irgend wem, der
984 4073 4200 4355 sich später nicht mehr dessen erinnert, geradeso, wie Alhanta von -
963 4269 4212 4477 Oho,rief er sich selbst an und schnellte auf. Er war mit geschlos-
975 4408 4253 4681 senen Augen dagelegen, und nun zitterte und schwankte die Landschaft
967 4624 4163 4857 überhell um ihn. Leinbach sah ihn mit einem sonderbar zwinkernden
963 4824 3934 5085 Blick von der Seite an. Hu, warum war der eigentlich gekommen
963 5004 4093 5195 Sollte er nicht etwa aus ganz bestimmten Gründen heraufgeschickt
951 5167 3996 5448 worden sein? Von Otto vielleicht? Unsinn. Der hielt ihn ja im
