4888 5892
2906 667 3285 829 "    "
1185 837 4288 1062 Unglücksfällen ist im Grunde die Verlegenheit der Andern. xxx
1283 1003 4383 1185 grauem Leinen überzogen, der Luster mit weissem Organinstoff ver-
2421 1090 3230 1208 jenen
1655 1094 2184 1212 Robert well
1264 1165 4284 1366 hängt, wodurch Robert sich an xxx verflossenen Traum von der
1635 1275 2504 1390 jener Atmosphäre da
1256 1303 4119 1540 Sedanschlacht erinnert fühlte. Auf dem geschlossenen Flügel
1240 1445 2496 1572 cheinend weder Nussers nach
1268 1485 4316 1730 standen allerlei Kunstgegenstände aus Glas,Porzellan und Bronze,
1536 1611 1749 1730 G.C.P
1260 1623 1493 1737 oc
1244 1714 4292 1891 offenbar zum Verpacktwerden hergerichtet; aus den Wänden regten
3400 1793 3593 1884 Bouw
1441 1793 1876 1907 mijnde de eenen
2144 1797 2389 1903 dass
1228 1812 4229 2026 Nägel hervor und Bilder lehnten verkehrt an den Wänden, Paula
1469 1978 2515 2085 hellem,
1232 2045 4249 2192 trat ein, in Xleid, klaräugig und heiter; und da Robert da-
1422 2144 4024 2286 verkündig in Rücklich Grund und ernst
1208 2188 4257 2369 rauf gefasst gewesen war sie nennt unk dunkelangetan wiederzu-
2338 2346 2567 2456 gan
3360 2342 3609 2448 erw.
1193 2338 4241 2582 finden,erschien sie ihm besondersstrahlend, dass die Ueberra-
1196 2563 4265 2725 schung sich in seinen Mienen spiegelte. Sie reichte ihm so unbe-
2910 2673 3167 2784 G.P.
1181 2717 4012 2962 fangen die Hand, (als wären sie erst gestern zusammengewesen
2397 2851 2642 2962 da
1125 2875 4304 3147 als hätte sich seit ihrer letzten Begegnung nicht das Gering
1165 3123 4186 3289 ste verändert. „Es tieht ja nicht besonders schön aus bei uns",
1165 3230 4087 3503 sagte sie einfach,„aber Sie wissen ja wahrscheinlich, dass wir
1153 3384 1820 3593 übersiedeln.
2085 3510 3226 3668 erheblich geänderten V
1627 3570 4198 3850 „Bald?“ fragte Robert.- „Vor Neujahr wird sich's kaum
1907 3728 2093 3846 U.S.
1125 3712 1726 3846 Kreiswieren zu
1129 3822 4166 4000 machen lassen. Aber einige Gegenstände, die wir nicht mehr brau-
1114 3929 4138 4205 chen können, möchteh wir womöglich schon früher loswerden. Doch
1106 4158 4122 4324 lassen wir das. Ich freue mich, dass Sie gekommen sind. Beinahe
2290 4265 2488 4391 Mut
2784 4269 2985 4375 ist
1078 4276 4000 4549 hätte ich Ihnen geschrieben. Aber es mir lieber, so." - „Wenn
1078 4513 4000 4738 ich gewusst hätte, dass mein Besuch - Sie liess ihn nicht zu
2658 4612 2839 4727 mir
1927 4620 2432 4735 sezt“, sagte
1066 4671 4091 4889 Ende reden. „Es hat sich ja allerlei ereignet", sagte sie,, seit
1548 4782 2650 4904 3: „ denug von uns. Wie ge
1070 4810 4091 5086 wir uns zuletzt gesprochen haben, eher es scheint xxx wirklich,
1615 4983 2519 5086 er sich nach einer
1244 4979 1497 5082 sich
1039 4991 4115 5224 dass gewisse Ereignisse von den Unbeteiligten schwerer genommen
1931 5161 2839 5272 darauf hineingefunden
1058 5145 1429 5256 Gebunde
1050 5232 4012 5430 werden, als von den eigentlich Betroffenen. Das Peinlichste an
