4760 5636
3898 241 4100 570 me
1080 514 2125 780 Sie, passt mir nicht.“
1191 495 4080 871 Ich bedauere in der Tat, Herr Sektionerat —
1033 803 4215 1065 „Passt mir nicht. Herr Kahnberg,“ wiederholte er heftig
1088 1025 4223 1258 und erhob sich. „Und wenn sie das Fräulein umzubringen wünschen,
1057 1175 4171 1472 schloss er heiser,, so tun Sie es gefälligst auf eigene Rechnung
1045 1413 4120 1638 und Gefahr. Womit ich die Ehre habe.“ Er nahm Hut und Rock und
3566 1496 3831 1619 sagte
1088 1551 4080 1809 entfernte sich. Kaum, dass er auf der Strasse stand,
3487 1678 3847 1777 respecttly
1065 1765 4080 1975 dass er das Gespräch in törichter, ja geradezu ver-
1160 1765 1520 1868 er sich
2604 1876 2841 1995 habe
1065 1931 4096 2129 dachterweckender Weise geführt hatte, und er beschloss im Laufe
1069 2022 4147 2359 der nächsten Tage die Gesellschaft Kahnbergs, wie überhaupt des
1057 2260 4068 2493 ganzen Kreises, lieber zu meiden. Denn bei näherer Ueberlegung
1069 2473 4037 2675 schien es ihm durchaus nicht ausgeschlossen, dass Kahnberg nur
1057 2600 4120 2865 dazu ausersehen war ihn eine Falle zu stellen. Und wenn es auch
1029 2750 4021 3047 für ihn selbst feststand, dass er keinen Mord begangen hatte,
1045 2936 4056 3237 und glücklich erweise auch, dass er nicht irrsinnig war, eine an-
1029 3150 4041 3376 dere, höchst bedenkliche Möglichkeit war nicht ohneweiters von
3186 3281 3514 3403 ander
1033 3277 4144 3582 der Hand zu weisen: Dass nämlich irgendwor aus der Gesellechaft,
1021 3522 3993 3756 zum Beispiel der Vetter seiner verstorbenen Frau, Herr August
1009 3708 4096 3894 Langer, der früher vom xxxx Kartentisch aus in höchsteigentüm-
1021 3874 3930 4060 licher Weise xxxx herübergeblickt hatte, ### verrückt
981 4021 4013 4290 geworden war und ihn des Mords an xxx verdächtigte. Nicht
1005 4171 4013 4456 minder denkbar war es,dass Alberta drüben in Amerika an einer
1001 4405 4132 4658 Krankheit hinslechte, und dass ihr Geliebter oder Gatte sich ein-
1005 4618 4100 4832 bildete, Robert hätte der Ungetreuen aus Rache ein schleichendes
989 4717 4140 5002 Gift eingegeben. Und was half es, selber gesund zu sein, wenn die
981 4939 4060 5141 Welt von Wahnsinnigen wimmelte? Jetzt fehlte nur noch, dass das
