4712 5748
1946 577 2308 762 gehltnne
1124 633 4190 883 wurde. Und Robert begriff das sehr gut. Ottos pflichtenschweres
1102 874 4565 1055 Dasein, der Ernst seines Berufes, bei dessen Uebung es um so un-
1115 986 4190 1189 Dinge, wie um Leben und Gesundheit ging, sein siche-
1081 1141 4237 1339 res und zugleich opfervolles Ruhen in der Familie,all dann stell-
1102 1356 4199 1542 te sich für Robert in so hehrem Lichte dar, dass ihm dagegen sei-
1081 1546 4190 1744 ne eigene Existenz, wenn sie auch ausserlich in den Rahmen eines
1068 1662 4121 1878 Amts gespannt war, oft genug wie ohne rechte Würde und ohne tie-
1068 1865 4013 2037 feren Sinn erscheinen. Von seinem Bruder, als ein Genesender, ja
1064 1994 4065 2192 als ein Gebessertes vielleicht, mit Herzlichkeit und Freude be-
1046 2179 4186 2399 grüsst zu werden, dünkte ihn das Beste, was die Heimat zum Empfagg
1038 2368 4306 2545 ihm bieten konnte. Und dass die vorher- so-freudige Erwartung
659 2511 965 2683 guter
1038 2554 4134 2726 des Widersehens sich allmählich in eine xxxxk immer unruhvollere
1361 2666 2058 2769 Herandelt halle
1034 2704 4048 2907 Bangigkeit) wandelte, das musste verborgene Ursachen haben, denen
1034 2881 3936 3092 Robert swer sögernd, aber widerstandslos nachgrübelte. Und er
2997 2963 4005 3109 dort unverschreichbar
1021 3040 3970 3238 fühlte,wie aus den Gründen seiner Seele dumpf eine Erinnerung
1021 3217 4001 3423 emportauchte,als wollte sie sich nicht länger in ihrem jahre-
995 3393 3970 3609 langen trügerischen Schlummer halten lassen; ein Wort fing an
995 3578 3919 3759 in ihm zu klingen, das sich vorerst seinen eigenen Sinn nicht
990 3746 3957 3940 einzugestehen wagte ; und mit Absicht flüserte er dieses Wort
978 3910 3996 4026 einmal, sehnmal, fünfsigmal vor sich hin, als vermöchte er es auf
978 4001 4022 4212 diese Weise seiner Bedeutung wie seiner Kraft zu berauben. Und
956 4173 3876 4388 wirklich begann es allmählig leerer und nichtiger zu werden.
960 4362 3940 4552 war am Ende nichts als ein zufälliges Nacheinander von Buch
943 4491 4035 4711 stagen, willkürlich aneinandergereiht, nicht sinnvoller als unter
917 4711 3945 4892 dem heimrasenden Zug das Singen der Räder, mit dem es sich vor-
1111 4832 1279 5025 R8.
1344 4849 2920 5030 sehte und in dem es sich endlich
