<?xml version="1.0" encoding="UTF-8" standalone="yes"?>
<PcGts xmlns="http://schema.primaresearch.org/PAGE/gts/pagecontent/2013-07-15" xmlns:xsi="http://www.w3.org/2001/XMLSchema-instance" xsi:schemaLocation="http://schema.primaresearch.org/PAGE/gts/pagecontent/2013-07-15 http://schema.primaresearch.org/PAGE/gts/pagecontent/2013-07-15/pagecontent.xsd">
    <Metadata>
        <Creator>prov=READ-COOP:name=TrHtr:version=2.1.0:model_id=51170:date=15_08_2023_07:01</Creator>
        <Created>2023-05-10T15:04:22.170+02:00</Created>
        <LastChange>2023-08-15T07:01:42.172+02:00</LastChange>
        <TranskribusMetadata docId="1428793" pageId="55430349" pageNr="147" tsid="132841570" status="IN_PROGRESS" userId="64420" imgUrl="https://files.transkribus.eu/Get?id=DDPHDENPLWPKVHOJZGIAYLCS&amp;fileType=view" xmlUrl="https://files.transkribus.eu/Get?id=EAEVBCJHQUSEAIYUYNCRFFLM" imageId="44704421"/>
    </Metadata>
    <Page imageFilename="1428793_0147.jpg" imageWidth="4744" imageHeight="5716">
        <ReadingOrder>
            <OrderedGroup id="ro_1711806584939" caption="Regions reading order">
                <RegionRefIndexed index="0" regionRef="tr_1"/>
            </OrderedGroup>
        </ReadingOrder>
        <TextRegion id="tr_1" custom="readingOrder {index:0;}">
            <Coords points="1020,540 4558,540 4558,5147 1020,5147"/>
            <TextLine id="tr_1_tl_1" custom="readingOrder {index:0;}">
                <Coords points="4251,612 4294,608 4333,632 4357,620 4400,655 4447,652 4447,467 4357,451 4333,475 4310,475 4251,455"/>
                <Baseline points="4272,590 4361,590 4451,590 4457,590"/>
                <TextEquiv>
                    <Unicode>2129</Unicode>
                </TextEquiv>
            </TextLine>
            <TextLine id="tr_1_tl_2" custom="readingOrder {index:1;}">
                <Coords points="1272,903 4427,911 4329,765 3607,632 2457,718 1645,636 1272,738"/>
                <Baseline points="1294,829 1384,823 1473,823 1563,823 1652,829 1742,829 1831,829 1921,829 2010,835 2100,835 2189,835 2279,841 2368,841 2458,841 2547,841 2637,841 2726,847 2816,847 2905,847 2995,847 3084,847 3174,847 3263,853 3353,853 3442,853 3532,853 3621,853 3711,859 3800,859 3890,859 3979,859 4069,865 4158,865 4248,865 4337,865 4427,871 4433,871"/>
                <TextEquiv>
                    <Unicode>Nähere mit Paula selbst zu besprechen und bis sie xxx man geriss</Unicode>
                </TextEquiv>
            </TextLine>
            <TextLine id="tr_1_tl_3" custom="readingOrder {index:2;}">
                <Coords points="2339,946 2379,954 2414,930 2473,934 2485,922 2512,938 2602,934 2602,856 2579,860 2575,852 2532,871 2520,860 2508,867 2473,860 2449,844 2406,871 2379,852 2363,864 2339,864"/>
                <Baseline points="2362,930 2434,924 2523,924 2613,918"/>
                <TextEquiv>
                    <Unicode>minum</Unicode>
                </TextEquiv>
            </TextLine>
            <TextLine id="tr_1_tl_4" custom="readingOrder {index:3;}">
                <Coords points="3419,969 4310,969 4310,895 4270,879 4043,875 3980,903 3925,875 3729,895 3701,864 3607,899 3540,864 3497,895 3419,871"/>
                <Baseline points="3442,954 3532,960 3621,960 3711,954 3800,948 3890,948 3979,948 4069,948 4158,942 4248,948 4319,954"/>
                <TextEquiv>
                    <Unicode>geliebte erwartete.</Unicode>
                </TextEquiv>
            </TextLine>
            <TextLine id="tr_1_tl_5" custom="readingOrder {index:4;}">
                <Coords points="1244,1079 1283,1079 1311,1056 1342,1068 1366,1044 1437,1028 1515,1044 1562,1020 1613,1017 1617,915 1566,915 1543,891 1456,915 1409,899 1382,915 1362,895 1303,922 1248,911"/>
                <Baseline points="1264,1002 1354,1002 1443,1002 1533,996 1622,1002"/>
                <TextEquiv>
                    <Unicode>nichts.</Unicode>
                </TextEquiv>
            </TextLine>
            <TextLine id="tr_1_tl_6" custom="readingOrder {index:5;}">
                <Coords points="1845,1091 4529,1079 4455,942 3430,973 3046,852 2712,938 1841,930"/>
                <Baseline points="1861,1002 1951,1002 2040,1002 2130,1008 2219,1008 2309,1008 2398,1020 2488,1014 2577,1014 2667,1008 2756,1002 2846,1008 2935,1014 3025,1014 3114,1020 3204,1020 3293,1026 3383,1026 3472,1026 3562,1032 3651,1032 3741,1032 3830,1032 3920,1032 4009,1038 4099,1038 4188,1038 4278,1038 4367,1038 4457,1056 4540,1050"/>
                <TextEquiv>
                    <Unicode>xyz zu tun, als die Schrift abzufassen, die sich immer-</Unicode>
                </TextEquiv>
            </TextLine>
            <TextLine id="tr_1_tl_7" custom="readingOrder {index:6;}">
                <Coords points="2912,1205 3062,1213 3116,1170 3183,1213 3289,1146 3478,1193 3587,1146 3772,1150 3835,1193 3890,1146 4019,1178 4090,1154 4094,1052 3262,1052 3152,1087 2916,1052"/>
                <Baseline points="2935,1151 2941,1157 3031,1151 3120,1151 3210,1145 3299,1139 3389,1145 3478,1145 3568,1139 3657,1139 3747,1139 3836,1133 3926,1133 4015,1127 4105,1121"/>
                <TextEquiv>
                    <Unicode>stw er sich, und ich habe</Unicode>
                </TextEquiv>
            </TextLine>
            <TextLine id="tr_1_tl_8" custom="readingOrder {index:7;}">
                <Coords points="1232,1287 3909,1201 3058,1209 2783,1064 2477,1044 1229,1115"/>
                <Baseline points="1252,1181 1342,1181 1431,1187 1521,1181 1610,1181 1700,1181 1789,1181 1879,1175 1968,1181 2058,1181 2147,1181 2237,1187 2326,1187 2416,1193 2505,1193 2595,1193 2684,1193 2774,1199 2863,1199 2953,1217 3042,1235 3132,1235 3221,1235 3311,1235 3400,1241 3490,1241 3579,1235 3669,1229 3758,1223 3848,1229 3920,1229"/>
                <TextEquiv>
                    <Unicode>hin noch mittelten erweisen könnten.</Unicode>
                </TextEquiv>
            </TextLine>
            <TextLine id="tr_1_tl_9" custom="readingOrder {index:8;}">
                <Coords points="4031,1240 4082,1240 4157,1268 4168,1260 4184,1268 4204,1260 4235,1272 4266,1264 4255,1162 4215,1162 4192,1189 4125,1154 4109,1170 4074,1154 4023,1158"/>
                <Baseline points="4051,1229 4140,1235 4230,1247 4272,1252"/>
                <TextEquiv>
                    <Unicode>G.H.F.P</Unicode>
                </TextEquiv>
            </TextLine>
            <TextLine id="tr_1_tl_10" custom="readingOrder {index:9;}">
                <Coords points="3167,1315 4333,1354 4329,1287 4031,1252 3949,1178 3819,1252 3164,1236"/>
                <Baseline points="3186,1306 3275,1306 3365,1306 3454,1306 3544,1294 3633,1306 3723,1312 3812,1318 3902,1312 3991,1318 4081,1324 4170,1324 4260,1330 4343,1342"/>
                <TextEquiv>
                    <Unicode>hingen</Unicode>
                </TextEquiv>
            </TextLine>
            <TextLine id="tr_1_tl_11" custom="readingOrder {index:10;}">
                <Coords points="1225,1378 4184,1448 4106,1327 3254,1331 2873,1229 1221,1280"/>
                <Baseline points="1247,1354 1336,1354 1426,1354 1515,1354 1605,1354 1694,1354 1784,1348 1873,1354 1963,1354 2052,1354 2142,1360 2231,1360 2321,1366 2410,1366 2500,1366 2589,1372 2679,1372 2768,1372 2858,1372 2947,1378 3036,1378 3126,1378 3215,1378 3305,1384 3394,1384 3484,1384 3573,1384 3663,1384 3752,1390 3842,1390 3931,1390 4021,1384 4110,1396 4188,1402"/>
                <TextEquiv>
                    <Unicode>bis zu die Er liess sich ein paar Bogen Kanzleipapier kommen,</Unicode>
                </TextEquiv>
            </TextLine>
            <TextLine id="tr_1_tl_12" custom="readingOrder {index:11;}">
                <Coords points="3152,1515 4047,1507 4129,1495 4133,1405 3941,1429 3784,1393 3713,1433 3415,1425 3383,1397 3246,1440 3156,1409"/>
                <Baseline points="3174,1491 3245,1485 3335,1485 3424,1485 3514,1485 3603,1485 3693,1485 3782,1479 3872,1479 3961,1473 4051,1479 4140,1479"/>
                <TextEquiv>
                    <Unicode>wieder habe.Seit ich</Unicode>
                </TextEquiv>
            </TextLine>
            <TextLine id="tr_1_tl_13" custom="readingOrder {index:12;}">
                <Coords points="1229,1621 4180,1586 4117,1499 3183,1527 3042,1397 1229,1444"/>
                <Baseline points="1252,1527 1342,1527 1431,1533 1521,1527 1610,1533 1700,1533 1789,1533 1879,1533 1968,1539 2058,1539 2147,1539 2237,1545 2326,1545 2416,1545 2505,1545 2595,1551 2684,1551 2774,1551 2863,1551 2953,1557 3042,1557 3132,1557 3221,1557 3311,1557 3400,1563 3490,1563 3579,1563 3669,1563 3758,1563 3848,1563 3937,1569 4027,1569 4116,1569 4188,1563"/>
                <TextEquiv>
                    <Unicode>setzte sich an den Schreibtisch und mit einer Sicherheit des</Unicode>
                </TextEquiv>
            </TextLine>
            <TextLine id="tr_1_tl_14" custom="readingOrder {index:13;}">
                <Coords points="3195,1680 4058,1660 4270,1747 4545,1692 4549,1605 4396,1539 3992,1597 3195,1582"/>
                <Baseline points="3215,1664 3305,1670 3394,1670 3484,1664 3573,1664 3663,1664 3752,1664 3842,1658 3931,1658 4021,1652 4110,1652 4200,1646 4289,1652 4379,1658 4468,1658 4558,1676"/>
                <TextEquiv>
                    <Unicode>och alles wie ein Traumpere</Unicode>
                </TextEquiv>
            </TextLine>
            <TextLine id="tr_1_tl_15" custom="readingOrder {index:14;}">
                <Coords points="1225,1731 4117,1762 4066,1664 3360,1700 2975,1570 1225,1621"/>
                <Baseline points="1247,1706 1336,1700 1426,1706 1515,1706 1605,1706 1694,1706 1784,1706 1873,1706 1963,1706 2052,1712 2142,1718 2231,1718 2321,1718 2410,1724 2500,1724 2589,1724 2679,1724 2768,1724 2858,1724 2947,1724 3036,1730 3126,1730 3215,1736 3305,1736 3394,1736 3484,1736 3573,1736 3663,1742 3752,1742 3842,1742 3931,1742 4021,1742 4110,1742 4128,1742"/>
                <TextEquiv>
                    <Unicode>Worts, wie sie ihm sonst nicht zur Verfügung stand, in kurzen</Unicode>
                </TextEquiv>
            </TextLine>
            <TextLine id="tr_1_tl_16" custom="readingOrder {index:15;}">
                <Coords points="1617,1821 1806,1825 1857,1802 2108,1825 2139,1806 2273,1837 2324,1817 2324,1747 2269,1766 2218,1735 2092,1774 2037,1751 1982,1762 1935,1727 1829,1762 1782,1719 1735,1766 1617,1774"/>
                <Baseline points="1640,1807 1730,1801 1819,1801 1909,1801 1998,1807 2088,1807 2177,1807 2267,1807 2332,1807"/>
                <TextEquiv>
                    <Unicode>eindringlich</Unicode>
                </TextEquiv>
            </TextLine>
            <TextLine id="tr_1_tl_17" custom="readingOrder {index:16;}">
                <Coords points="3211,1845 4208,1868 4369,1849 4369,1751 4168,1707 4113,1762 3988,1778 3211,1770"/>
                <Baseline points="3233,1837 3305,1837 3394,1837 3484,1837 3573,1837 3663,1837 3752,1831 3842,1825 3931,1825 4021,1831 4110,1825 4200,1825 4289,1825 4379,1819"/>
                <TextEquiv>
                    <Unicode>träumt und darum schein</Unicode>
                </TextEquiv>
            </TextLine>
            <TextLine id="tr_1_tl_18" custom="readingOrder {index:17;}">
                <Coords points="1178,1990 4239,1927 4176,1841 3215,1868 2983,1743 2249,1841 1327,1770 1178,1857"/>
                <Baseline points="1199,1885 1288,1879 1378,1879 1467,1879 1557,1885 1646,1885 1736,1885 1825,1885 1915,1885 2004,1885 2094,1885 2183,1891 2273,1891 2362,1897 2452,1897 2541,1897 2631,1903 2720,1903 2810,1903 2899,1903 2989,1909 3078,1909 3168,1909 3257,1909 3347,1921 3436,1921 3526,1915 3615,1921 3705,1915 3794,1915 3884,1915 3973,1915 4063,1921 4152,1921 4242,1921 4248,1921"/>
                <TextEquiv>
                    <Unicode>-aben-Owenhaus-verständlichen Sätzen, warf er, da er ganz unwill-</Unicode>
                </TextEquiv>
            </TextLine>
            <TextLine id="tr_1_tl_19" custom="readingOrder {index:18;}">
                <Coords points="3642,2025 3686,2037 3713,2017 3733,2041 3921,2025 3964,2041 4055,2021 4098,2045 4141,2017 4160,2041 4212,2041 4215,1939 4023,1951 3988,1931 3933,1947 3831,1931 3646,1951"/>
                <Baseline points="3669,2004 3687,2010 3776,2010 3866,2010 3955,2004 4045,2010 4134,2004 4224,1998"/>
                <TextEquiv>
                    <Unicode>verlassen ha</Unicode>
                </TextEquiv>
            </TextLine>
            <TextLine id="tr_1_tl_20" custom="readingOrder {index:19;}">
                <Coords points="3438,2033 3489,2025 3521,2033 3544,2029 3568,2037 3611,2037 3611,1939 3591,1939 3580,1947 3564,1931 3540,1939 3525,1927 3478,1959 3466,1951 3438,1951"/>
                <Baseline points="3460,2010 3550,2010 3615,2010"/>
                <TextEquiv>
                    <Unicode>dans la</Unicode>
                </TextEquiv>
            </TextLine>
            <TextLine id="tr_1_tl_21" custom="readingOrder {index:20;}">
                <Coords points="1197,2061 1578,2159 4176,2108 4141,2017 3379,2037 3222,1923 1193,1998"/>
                <Baseline points="1217,2058 1306,2058 1396,2058 1485,2064 1575,2064 1664,2064 1754,2064 1843,2064 1933,2064 2022,2070 2112,2070 2201,2076 2291,2076 2380,2076 2470,2076 2559,2076 2649,2076 2738,2076 2828,2082 2917,2082 3007,2082 3096,2082 3186,2088 3275,2088 3365,2088 3454,2094 3544,2094 3633,2094 3723,2094 3812,2094 3902,2094 3991,2094 4081,2100 4170,2100 4182,2094"/>
                <TextEquiv>
                    <Unicode>kürlich mit Daten seiner Geburt und frühesten Kindheit begon-</Unicode>
                </TextEquiv>
            </TextLine>
            <TextLine id="tr_1_tl_22" custom="readingOrder {index:21;}">
                <Coords points="3560,2214 4051,2194 4117,2245 4341,2245 4345,2112 4306,2100 4031,2131 3949,2108 3854,2131 3807,2100 3697,2127 3564,2112"/>
                <Baseline points="3585,2189 3639,2189 3729,2189 3818,2183 3908,2183 3997,2183 4087,2183 4176,2177 4266,2183 4355,2183"/>
                <TextEquiv>
                    <Unicode>in dieser selben</Unicode>
                </TextEquiv>
            </TextLine>
            <TextLine id="tr_1_tl_23" custom="readingOrder {index:22;}">
                <Coords points="1189,2351 1841,2280 4094,2351 4090,2206 3572,2214 3419,2112 1189,2127"/>
                <Baseline points="1211,2237 1300,2237 1390,2237 1479,2237 1569,2237 1658,2237 1748,2237 1837,2243 1927,2243 2016,2243 2106,2243 2195,2249 2285,2249 2374,2255 2464,2249 2553,2255 2643,2255 2732,2255 2822,2255 2911,2255 3001,2261 3090,2261 3180,2267 3269,2267 3359,2267 3448,2273 3538,2273 3627,2267 3717,2273 3806,2273 3896,2273 3985,2273 4075,2279 4099,2273"/>
                <TextEquiv>
                    <Unicode>nen, einen Abriss seines ganzen Lebens bis zum heutigen Tage</Unicode>
                </TextEquiv>
            </TextLine>
            <TextLine id="tr_1_tl_24" custom="readingOrder {index:23;}">
                <Coords points="1189,2496 4180,2481 4251,2386 1185,2355"/>
                <Baseline points="1211,2416 1300,2416 1390,2410 1479,2416 1569,2416 1658,2416 1748,2422 1837,2422 1927,2422 2016,2422 2106,2422 2195,2422 2285,2434 2374,2434 2464,2428 2553,2428 2643,2428 2732,2434 2822,2440 2911,2434 3001,2440 3090,2440 3180,2440 3269,2440 3359,2446 3448,2452 3538,2446 3627,2446 3717,2452 3806,2452 3896,2452 3985,2452 4075,2458 4164,2458 4254,2458 4260,2458"/>
                <TextEquiv>
                    <Unicode>aufs Papier. Einselhaften näher auszuführen war in den nächsten</Unicode>
                </TextEquiv>
            </TextLine>
            <TextLine id="tr_1_tl_25" custom="readingOrder {index:24;}">
                <Coords points="2999,2598 3101,2587 3226,2653 3356,2579 3505,2634 3607,2575 3650,2614 3780,2594 3839,2634 4125,2583 4125,2473 3003,2453"/>
                <Baseline points="3019,2559 3060,2559 3150,2559 3239,2553 3329,2559 3418,2559 3508,2553 3597,2547 3687,2547 3776,2547 3866,2541 3955,2541 4045,2541 4134,2535"/>
                <TextEquiv>
                    <Unicode>wald darauf wandelte.</Unicode>
                </TextEquiv>
            </TextLine>
            <TextLine id="tr_1_tl_26" custom="readingOrder {index:25;}">
                <Coords points="1146,2681 1531,2696 2053,2606 2799,2630 2912,2614 2916,2504 1150,2500"/>
                <Baseline points="1169,2589 1223,2583 1312,2583 1402,2589 1491,2589 1581,2595 1670,2595 1760,2595 1849,2595 1939,2595 2028,2589 2118,2577 2207,2577 2297,2577 2386,2571 2476,2571 2565,2571 2655,2565 2744,2559 2834,2559 2923,2565"/>
                <TextEquiv>
                    <Unicode>Tagen Zeit genug.</Unicode>
                </TextEquiv>
            </TextLine>
            <TextLine id="tr_1_tl_27" custom="readingOrder {index:26;}">
                <Coords points="3395,2767 3599,2728 3662,2748 3886,2728 3909,2748 3968,2720 3992,2744 4117,2748 4121,2587 3882,2610 3799,2661 3697,2590 3619,2649 3399,2590"/>
                <Baseline points="3418,2726 3502,2720 3591,2720 3681,2720 3770,2714 3860,2714 3949,2720 4039,2714 4128,2720"/>
                <TextEquiv>
                    <Unicode>Weit hinaus in¬</Unicode>
                </TextEquiv>
            </TextLine>
            <TextLine id="tr_1_tl_28" custom="readingOrder {index:27;}">
                <Coords points="1225,2787 4094,2850 4090,2748 3968,2720 3423,2759 3262,2638 2838,2602 1221,2669"/>
                <Baseline points="1241,2756 1330,2762 1420,2762 1509,2762 1599,2762 1688,2768 1778,2774 1867,2774 1957,2774 2046,2774 2136,2780 2225,2780 2315,2780 2404,2780 2494,2786 2583,2786 2673,2786 2762,2786 2852,2786 2941,2786 3031,2792 3120,2792 3210,2792 3299,2798 3389,2798 3478,2804 3568,2804 3657,2804 3747,2804 3836,2810 3926,2810 4015,2816 4105,2822"/>
                <TextEquiv>
                    <Unicode>denn für schrieb mit fliegender Feder zwei Stunden lang;</Unicode>
                </TextEquiv>
            </TextLine>
            <TextLine id="tr_1_tl_29" custom="readingOrder {index:28;}">
                <Coords points="3297,2901 3352,2924 4078,2916 4078,2838 4051,2830 3642,2814 3493,2846 3442,2806 3301,2810"/>
                <Baseline points="3317,2899 3371,2905 3460,2899 3550,2899 3639,2899 3729,2893 3818,2893 3908,2893 3997,2893 4087,2887"/>
                <TextEquiv>
                    <Unicode>einen durch</Unicode>
                </TextEquiv>
            </TextLine>
            <TextLine id="tr_1_tl_30" custom="readingOrder {index:29;}">
                <Coords points="1142,2944 4164,3022 4164,2932 3301,2920 3179,2826 1142,2853"/>
                <Baseline points="1163,2935 1252,2941 1342,2941 1431,2941 1521,2947 1610,2947 1700,2947 1789,2947 1879,2947 1968,2947 2058,2947 2147,2953 2237,2959 2326,2959 2416,2959 2505,2959 2595,2959 2684,2965 2774,2965 2863,2965 2953,2971 3042,2965 3132,2971 3221,2971 3311,2971 3400,2977 3490,2977 3579,2977 3669,2983 3758,2977 3848,2983 3937,2983 4027,2983 4116,2989 4176,2989"/>
                <TextEquiv>
                    <Unicode>und die letzten Worte, die er, vorläufg abschliessend, hinsetzte,</Unicode>
                </TextEquiv>
            </TextLine>
            <TextLine id="tr_1_tl_31" custom="readingOrder {index:30;}">
                <Coords points="3301,3101 3580,3085 3646,3113 3846,3109 4055,3085 4078,3105 4102,3101 4106,3014 4043,2987 4007,3010 3713,2991 3552,3026 3423,2991 3301,3026"/>
                <Baseline points="3323,3078 3394,3078 3484,3078 3573,3078 3663,3078 3752,3078 3842,3072 3931,3072 4021,3072 4110,3066"/>
                <TextEquiv>
                    <Unicode>worbei und grüsste</Unicode>
                </TextEquiv>
            </TextLine>
            <TextLine id="tr_1_tl_32" custom="readingOrder {index:31;}">
                <Coords points="1130,3128 1468,3222 4192,3179 4192,3077 3309,3097 3054,2983 1130,3073"/>
                <Baseline points="1151,3114 1241,3120 1330,3120 1420,3120 1509,3126 1599,3126 1688,3126 1778,3126 1867,3126 1957,3126 2046,3132 2136,3132 2225,3138 2315,3138 2404,3138 2494,3138 2583,3138 2673,3138 2762,3144 2852,3144 2941,3144 3031,3144 3120,3144 3210,3150 3299,3150 3389,3150 3478,3156 3568,3156 3657,3156 3747,3156 3836,3156 3926,3162 4015,3162 4105,3162 4194,3162 4200,3162"/>
                <TextEquiv>
                    <Unicode>lauteten: „Ahnung eigener Mitschuld an der Wahnidee meines Bru-</Unicode>
                </TextEquiv>
            </TextLine>
            <TextLine id="tr_1_tl_33" custom="readingOrder {index:32;}">
                <Coords points="3497,3277 3635,3262 3748,3289 3792,3266 4062,3273 4066,3183 3980,3164 3949,3183 3772,3167 3666,3191 3654,3175 3501,3187"/>
                <Baseline points="3520,3257 3532,3257 3621,3257 3711,3251 3800,3245 3890,3245 3979,3251 4069,3251"/>
                <TextEquiv>
                    <Unicode>den Drähten.</Unicode>
                </TextEquiv>
            </TextLine>
            <TextLine id="tr_1_tl_34" custom="readingOrder {index:33;}">
                <Coords points="1130,3376 4090,3352 4031,3266 3532,3277 3254,3167 1130,3195"/>
                <Baseline points="1151,3293 1241,3293 1330,3299 1420,3299 1509,3299 1599,3299 1688,3299 1778,3299 1867,3299 1957,3305 2046,3305 2136,3305 2225,3311 2315,3311 2404,3311 2494,3311 2583,3311 2673,3317 2762,3317 2852,3317 2941,3323 3031,3323 3120,3323 3210,3323 3299,3323 3389,3329 3478,3329 3568,3329 3657,3335 3747,3335 3836,3335 3926,3335 4015,3335 4099,3329"/>
                <TextEquiv>
                    <Unicode>ders. Wir Beide vielleicht Erscheinungsformen ein und dersel-</Unicode>
                </TextEquiv>
            </TextLine>
            <TextLine id="tr_1_tl_35" custom="readingOrder {index:34;}">
                <Coords points="3713,3446 3823,3438 3846,3454 3878,3430 3960,3438 3980,3458 4004,3442 4070,3481 4141,3485 4141,3340 4074,3344 4055,3360 4000,3348 3984,3364 3964,3348 3894,3364 3835,3348 3752,3360 3713,3344"/>
                <Baseline points="3735,3418 3824,3424 3914,3424 4003,3424 4093,3424 4152,3424"/>
                <TextEquiv>
                    <Unicode>tet. Welch</Unicode>
                </TextEquiv>
            </TextLine>
            <TextLine id="tr_1_tl_36" custom="readingOrder {index:35;}">
                <Coords points="1107,3470 1405,3576 4082,3532 4035,3446 3607,3454 3415,3348 1107,3403"/>
                <Baseline points="1127,3466 1217,3466 1306,3472 1396,3472 1485,3472 1575,3478 1664,3478 1754,3478 1843,3478 1933,3478 2022,3478 2112,3484 2201,3490 2291,3490 2380,3490 2470,3490 2559,3490 2649,3490 2738,3496 2828,3496 2917,3496 3007,3502 3096,3502 3186,3508 3275,3508 3365,3508 3454,3502 3544,3508 3633,3508 3723,3514 3812,3514 3902,3514 3991,3514 4081,3520 4093,3514"/>
                <TextEquiv>
                    <Unicode>ben göttlichen Idee? Einer von uns Beiden musste ins Dunkel,</Unicode>
                </TextEquiv>
            </TextLine>
            <TextLine id="tr_1_tl_37" custom="readingOrder {index:36;}">
                <Coords points="3297,3623 3748,3638 3784,3615 3807,3635 3905,3615 3960,3638 3964,3536 3941,3529 3811,3521 3678,3548 3631,3525 3450,3521 3411,3544 3301,3529"/>
                <Baseline points="3323,3609 3347,3609 3436,3609 3526,3609 3615,3603 3705,3603 3794,3603 3884,3597 3973,3603"/>
                <TextEquiv>
                    <Unicode>dook noch all</Unicode>
                </TextEquiv>
            </TextLine>
            <TextLine id="tr_1_tl_38" custom="readingOrder {index:37;}">
                <Coords points="1103,3733 4004,3717 4070,3638 2763,3509 1099,3556"/>
                <Baseline points="1121,3645 1211,3645 1300,3651 1390,3651 1479,3651 1569,3651 1658,3651 1748,3657 1837,3657 1927,3657 2016,3657 2106,3663 2195,3663 2285,3669 2374,3669 2464,3669 2553,3669 2643,3675 2732,3675 2822,3675 2911,3681 3001,3681 3090,3681 3180,3681 3269,3687 3359,3687 3448,3687 3538,3687 3627,3687 3717,3687 3806,3687 3896,3687 3985,3687 4075,3693 4081,3693"/>
                <TextEquiv>
                    <Unicode>Es ward über ihn verhängt, obwohl früher meine Schale hinüber-</Unicode>
                </TextEquiv>
            </TextLine>
            <TextLine id="tr_1_tl_39" custom="readingOrder {index:38;}">
                <Coords points="2948,3803 4047,3803 4047,3717 3929,3705 2948,3717"/>
                <Baseline points="2971,3794 2983,3794 3072,3788 3162,3794 3251,3788 3341,3788 3430,3782 3520,3782 3609,3776 3699,3776 3788,3776 3878,3776 3967,3776 4057,3776"/>
                <TextEquiv>
                    <Unicode>den nicht auch Otto ge-</Unicode>
                </TextEquiv>
            </TextLine>
            <TextLine id="tr_1_tl_40" custom="readingOrder {index:39;}">
                <Coords points="1083,3874 3952,3898 3952,3780 3022,3823 2477,3690 1083,3741"/>
                <Baseline points="1103,3824 1193,3824 1282,3830 1372,3830 1461,3830 1551,3830 1640,3836 1730,3836 1819,3836 1909,3836 1998,3836 2088,3842 2177,3842 2267,3848 2356,3848 2446,3848 2535,3848 2625,3854 2714,3854 2804,3854 2893,3854 2983,3860 3072,3860 3162,3866 3251,3866 3341,3860 3430,3866 3520,3866 3609,3866 3699,3866 3788,3872 3878,3872 3961,3872"/>
                <TextEquiv>
                    <Unicode>neigte." Er verschloss das Geschriebene in der Reisetasche,</Unicode>
                </TextEquiv>
            </TextLine>
            <TextLine id="tr_1_tl_41" custom="readingOrder {index:40;}">
                <Coords points="1083,4102 3780,4102 4094,4070 4094,3964 3587,4015 3164,3862 1079,3901"/>
                <Baseline points="1103,4003 1193,4003 1282,4003 1372,4003 1461,4009 1551,4009 1640,4009 1730,4015 1819,4015 1909,4015 1998,4015 2088,4021 2177,4021 2267,4027 2356,4027 2446,4027 2535,4027 2625,4033 2714,4033 2804,4033 2893,4039 2983,4039 3072,4045 3162,4039 3251,4045 3341,4045 3430,4045 3520,4045 3609,4045 3699,4045 3788,4045 3878,4051 3967,4051 4057,4057 4105,4063"/>
                <TextEquiv>
                    <Unicode>sperrte diese ab, verliess das Zimmer und begab sich ins Freie.</Unicode>
                </TextEquiv>
            </TextLine>
            <TextLine id="tr_1_tl_42" custom="readingOrder {index:41;}">
                <Coords points="3332,4157 3423,4141 3568,4168 3725,4164 3744,4145 3819,4160 3819,4086 3780,4102 3729,4062 3701,4078 3607,4066 3587,4082 3532,4062 3442,4098 3411,4070 3332,4055"/>
                <Baseline points="3353,4134 3442,4140 3532,4134 3621,4134 3711,4134 3800,4140 3830,4140"/>
                <TextEquiv>
                    <Unicode>es wieder d</Unicode>
                </TextEquiv>
            </TextLine>
            <TextLine id="tr_1_tl_43" custom="readingOrder {index:42;}">
                <Coords points="1527,4282 4113,4251 4109,4160 3238,4164 3065,4043 1523,4086"/>
                <Baseline points="1545,4176 1634,4182 1724,4188 1813,4188 1903,4188 1992,4194 2082,4194 2171,4200 2261,4200 2350,4200 2440,4200 2529,4206 2619,4206 2708,4206 2798,4206 2887,4212 2977,4212 3066,4218 3156,4218 3245,4218 3335,4218 3424,4218 3514,4218 3603,4224 3693,4224 3782,4224 3872,4224 3961,4230 4051,4230 4116,4230"/>
                <TextEquiv>
                    <Unicode>Hinter den angelaufenen Fenstern der Wirtsstube sass</Unicode>
                </TextEquiv>
            </TextLine>
            <TextLine id="tr_1_tl_44" custom="readingOrder {index:43;}">
                <Coords points="1056,4423 3878,4455 4055,4435 4055,4259 1056,4286"/>
                <Baseline points="1079,4361 1169,4355 1258,4355 1348,4361 1437,4361 1527,4367 1616,4367 1706,4367 1795,4373 1885,4367 1974,4373 2064,4373 2153,4373 2243,4379 2332,4379 2422,4379 2511,4379 2601,4385 2690,4385 2780,4391 2869,4391 2959,4397 3048,4397 3138,4397 3227,4397 3317,4397 3406,4397 3496,4397 3585,4403 3675,4403 3764,4403 3854,4409 3943,4409 4033,4409 4063,4409"/>
                <TextEquiv>
                    <Unicode>eine kleine Gesellschaft Einheimischer beim Bier, und er hörte</Unicode>
                </TextEquiv>
            </TextLine>
            <TextLine id="tr_1_tl_45" custom="readingOrder {index:44;}">
                <Coords points="3116,4518 3415,4526 3458,4506 3501,4533 3674,4506 3748,4522 3752,4420 3619,4420 3564,4443 3474,4431 3427,4451 3309,4423 3277,4443 3218,4420 3120,4427"/>
                <Baseline points="3138,4504 3227,4504 3317,4498 3406,4498 3496,4492 3585,4486 3675,4486 3764,4486"/>
                <TextEquiv>
                    <Unicode>er nicht wieder</Unicode>
                </TextEquiv>
            </TextLine>
            <TextLine id="tr_1_tl_46" custom="readingOrder {index:45;}">
                <Coords points="1052,4620 3905,4604 3784,4510 3116,4514 2920,4396 1048,4463"/>
                <Baseline points="1068,4534 1157,4540 1247,4540 1336,4540 1426,4540 1515,4540 1605,4540 1694,4546 1784,4546 1873,4546 1963,4546 2052,4552 2142,4552 2231,4558 2321,4558 2410,4558 2500,4558 2589,4564 2679,4564 2768,4570 2858,4570 2947,4576 3036,4576 3126,4582 3215,4582 3305,4582 3394,4576 3484,4582 3573,4582 3663,4582 3752,4582 3842,4588 3914,4588"/>
                <TextEquiv>
                    <Unicode>ihr lautes Reden auf den Platz heraus. Er spazierte weiter</Unicode>
                </TextEquiv>
            </TextLine>
            <TextLine id="tr_1_tl_47" custom="readingOrder {index:46;}">
                <Coords points="3646,4698 3905,4690 4023,4753 4078,4730 4106,4753 4168,4722 4235,4730 4219,4522 4058,4553 3996,4526 3913,4553 3858,4608 3638,4608"/>
                <Baseline points="3663,4671 3752,4665 3842,4671 3931,4677 4021,4683 4110,4689 4200,4695 4242,4701"/>
                <TextEquiv>
                    <Unicode>Munchen.</Unicode>
                </TextEquiv>
            </TextLine>
            <TextLine id="tr_1_tl_48" custom="readingOrder {index:47;}">
                <Coords points="1040,4812 3980,4781 3552,4596 1036,4616"/>
                <Baseline points="1056,4713 1145,4713 1235,4719 1324,4725 1414,4725 1503,4725 1593,4725 1682,4725 1772,4725 1861,4731 1951,4731 2040,4731 2130,4737 2219,4737 2309,4743 2398,4743 2488,4737 2577,4731 2667,4743 2756,4743 2846,4749 2935,4755 3025,4761 3114,4761 3204,4761 3293,4755 3383,4755 3472,4755 3562,4761 3651,4767 3741,4767 3830,4767 3920,4773 3985,4773"/>
                <TextEquiv>
                    <Unicode>und begegnete nun wenigen, meist bäuerisch gekleidetanten.</Unicode>
                </TextEquiv>
            </TextLine>
            <TextLine id="tr_1_tl_49" custom="readingOrder {index:48;}">
                <Coords points="4007,4934 4043,4910 4219,4989 4270,4957 4298,4973 4353,4949 4435,4961 4404,4702 4314,4722 4239,4710 4215,4734 4184,4718 4121,4753 4055,4730 4023,4757 3988,4757"/>
                <Baseline points="4021,4856 4110,4862 4200,4880 4289,4886 4379,4898 4439,4904"/>
                <TextEquiv>
                    <Unicode>sackled</Unicode>
                </TextEquiv>
            </TextLine>
            <TextLine id="tr_1_tl_50" custom="readingOrder {index:49;}">
                <Coords points="1009,4938 3964,5000 3890,4781 1009,4796"/>
                <Baseline points="1032,4898 1121,4892 1211,4892 1300,4898 1390,4898 1479,4898 1569,4904 1658,4904 1748,4904 1837,4904 1927,4904 2016,4904 2106,4910 2195,4916 2285,4916 2374,4916 2464,4916 2553,4916 2643,4916 2732,4922 2822,4928 2911,4928 3001,4928 3090,4934 3180,4934 3269,4934 3359,4934 3448,4940 3538,4940 3627,4940 3717,4940 3806,4946 3896,4946 3973,4946"/>
                <TextEquiv>
                    <Unicode>In der Allee an Fluss auf einer Bank sass der Kälte in</Unicode>
                </TextEquiv>
            </TextLine>
            <TextLine id="tr_1_tl_51" custom="readingOrder {index:50;}">
                <Coords points="1001,5154 3945,5157 3941,5059 3348,4942 997,4973"/>
                <Baseline points="1020,5071 1109,5071 1199,5077 1288,5077 1378,5077 1467,5077 1557,5083 1646,5083 1736,5083 1825,5083 1915,5089 2004,5089 2094,5089 2183,5095 2273,5095 2362,5101 2452,5095 2541,5101 2631,5107 2720,5107 2810,5113 2899,5113 2989,5119 3078,5119 3168,5119 3257,5119 3347,5119 3436,5125 3526,5125 3615,5125 3705,5125 3794,5125 3884,5125 3955,5137"/>
                <TextEquiv>
                    <Unicode>enger Umschlingung ein junges Paar. Und jetzt erst, mit flieg</Unicode>
                </TextEquiv>
            </TextLine>
        </TextRegion>
    </Page>
</PcGts>
