4904 5604
3886 315 4062 580 20
1451 466 4291 723 laflosigkeit und Herzklopfen leide; trotzdem fühle er sich
1009 686 4291 907 Herrn, höheren Bankbeamten, der durch Tracht und Haltung seine viel-
1005 858 4205 1111 bemerkte Aehnlichkeit mit einem in Sportkreisen sehr populäären
1022 1042 4217 1246 Aristokraten zu unterstreichen suchte. Schon von weitem, aber ohne
993 1222 4205 1426 sich zu erheben, oder nur die Zeitung aus der Hand zu legen, winkte
997 1397 4115 1590 Langer dem Bintretenden zu, drückte ihm dann freundlich die Hand
1005 1541 4160 1782 und stellte sofort mit Befriedigung dessen vorzügliches Aussehen
993 1753 4115 1982 fest. Rudolf Kunrich trat herzu, ein kleiner Hofschauspieler, der
997 1900 3988 2137 gleichfalls seiner Freude über Robarts Heimkehr Ausdruck gab,
993 2080 4082 2321 allerdings mit umflorter Stimme, als hätte er sie soeben auf der
981 2301 4168 2472 Bühne überanstrengt, und sei nun genötigt sie zu schonen. Es fiel
981 2439 4025 2636 Robert auf, dass sowohl kunnich als Lange in den sechs Monaten
981 2619 4176 2877 seines Fernseins um viele Jahre gealtert erschienen. Der Eintritt
981 2811 4148 2999 Doktor Edmund Leinbachs, der als vielbeschäftigter Arzt und Fami-
964 2979 4058 3191 lienvater nicht zu den regelmässigen Besuchern des Kaffehauses
960 3155 4049 3392 zählte, bedeutete für Rohert eine angenehme Ueberraschung. Lein-
968 3314 4115 3625 bach nahm den heimgekehrten Freund sofort für sich allein in An-
973 3473 4148 3747 spruch, und an einem Nebentisch stellte er die üblichen Fragen an
952 3698 4160 3980 ihn: wie lange er sich da oder dort aufgehalten,ob er diesen oder
948 3923 4058 4127 jenen bedeutenden Punkt zu sehen nicht versäumt, ob er anregen-
932 4054 4164 4340 de Bekanntschaften geschlossen, ob ihm interessante Erlebnisse zu-
932 4266 3894 4487 gestossen seien, wartete aber Roberts Antworten nicht ab oder
944 4434 4213 4675 schnitt sie ihm durch neue Fragen gleich wieder entzwei. Als Ro-
928 4581 4152 4826 bert von einer Fahrt auf den Pilatus zu erzählen begann, erklärte
944 4765 4111 5067 Doktor Leinbach, dass er für seinen Teil in einer gewissen Bechöhe
