<?xml version="1.0" encoding="UTF-8" standalone="yes"?>
<PcGts xmlns="http://schema.primaresearch.org/PAGE/gts/pagecontent/2013-07-15" xmlns:xsi="http://www.w3.org/2001/XMLSchema-instance" xsi:schemaLocation="http://schema.primaresearch.org/PAGE/gts/pagecontent/2013-07-15 http://schema.primaresearch.org/PAGE/gts/pagecontent/2013-07-15/pagecontent.xsd">
    <Metadata>
        <Creator>prov=READ-COOP:name=TrHtr:version=2.1.0:model_id=51170:date=15_08_2023_07:01</Creator>
        <Created>2023-05-10T15:04:20.627+02:00</Created>
        <LastChange>2023-08-15T07:01:33.384+02:00</LastChange>
        <TranskribusMetadata docId="1428793" pageId="55430276" pageNr="136" tsid="132841555" status="IN_PROGRESS" userId="64420" imgUrl="https://files.transkribus.eu/Get?id=BKDMVFBYAIXAPEZPHVHTIMRJ&amp;fileType=view" xmlUrl="https://files.transkribus.eu/Get?id=KXVGUMUZVDCZUKJLFWSRKXGD" imageId="44704348"/>
    </Metadata>
    <Page imageFilename="1428793_0136.jpg" imageWidth="4824" imageHeight="5668">
        <ReadingOrder>
            <OrderedGroup id="ro_1711806545442" caption="Regions reading order">
                <RegionRefIndexed index="0" regionRef="tr_1"/>
                <RegionRefIndexed index="1" regionRef="tr_2"/>
            </OrderedGroup>
        </ReadingOrder>
        <TextRegion id="tr_1" custom="readingOrder {index:0;}">
            <Coords points="1020,439 4391,439 4391,3166 1020,3166"/>
            <TextLine id="tr_1_tl_1" custom="readingOrder {index:0;}">
                <Coords points="3995,587 4185,608 4262,531 4319,567 4379,567 4379,377 4225,413 4148,369 4100,389 3995,369"/>
                <Baseline points="4015,489 4104,495 4194,495 4283,495 4373,489 4391,495"/>
                <TextEquiv>
                    <Unicode>119</Unicode>
                </TextEquiv>
            </TextLine>
            <TextLine id="tr_1_tl_2" custom="readingOrder {index:1;}">
                <Coords points="2224,567 2354,579 2370,591 2427,575 2447,600 2479,583 2524,583 2532,397 2508,393 2455,438 2398,417 2362,450 2342,433 2293,438 2273,454 2232,442"/>
                <Baseline points="2249,542 2267,542 2356,542 2446,536 2535,531"/>
                <TextEquiv>
                    <Unicode>16.</Unicode>
                </TextEquiv>
            </TextLine>
            <TextLine id="tr_1_tl_3" custom="readingOrder {index:2;}">
                <Coords points="2966,713 3067,745 3221,705 3241,725 3395,729 3549,681 3650,697 3658,587 3464,547 3237,652 3160,587 3119,596 3083,567 3018,608 2970,583"/>
                <Baseline points="2989,698 3036,704 3126,704 3215,698 3305,692 3394,686 3484,680 3573,674 3663,662"/>
                <TextEquiv>
                    <Unicode>Während Robert</Unicode>
                </TextEquiv>
            </TextLine>
            <TextLine id="tr_1_tl_4" custom="readingOrder {index:3;}">
                <Coords points="997,940 3622,883 4177,826 4185,689 1300,810 1005,737"/>
                <Baseline points="1020,906 1056,900 1145,888 1235,871 1324,871 1414,865 1503,865 1593,859 1682,853 1771,853 1861,847 1950,841 2040,841 2129,841 2219,835 2308,835 2398,829 2487,829 2577,823 2666,823 2756,817 2845,817 2935,811 3024,811 3114,811 3203,805 3293,799 3382,793 3472,793 3561,787 3651,787 3740,781 3830,781 3919,781 4009,781 4098,781 4188,775"/>
                <TextEquiv>
                    <Unicode>Die Mittagsglocken läuteten durch die Stadt Auf dem kürzesten Weg</Unicode>
                </TextEquiv>
            </TextLine>
            <TextLine id="tr_1_tl_5" custom="readingOrder {index:4;}">
                <Coords points="2216,944 2346,940 2362,952 2410,932 2431,948 2451,932 2479,944 2512,932 2564,940 2568,879 2536,863 2496,879 2479,863 2415,855 2390,871 2346,859 2313,883 2285,863 2220,883"/>
                <Baseline points="2237,924 2308,924 2398,918 2487,912 2577,906"/>
                <TextEquiv>
                    <Unicode>of the</Unicode>
                </TextEquiv>
            </TextLine>
            <TextLine id="tr_1_tl_6" custom="readingOrder {index:5;}">
                <Coords points="1876,952 1928,948 1953,964 1969,960 1993,968 2013,948 2054,948 2058,875 2009,875 1985,891 1969,883 1941,883 1928,895 1912,891 1900,903 1880,903"/>
                <Baseline points="1897,942 1974,936 2064,936"/>
                <TextEquiv>
                    <Unicode>cette</Unicode>
                </TextEquiv>
            </TextLine>
            <TextLine id="tr_1_tl_7" custom="readingOrder {index:6;}">
                <Coords points="1142,1134 4169,1013 4197,891 1147,972"/>
                <Baseline points="1163,1062 1252,1044 1342,1044 1431,1038 1521,1032 1610,1032 1700,1026 1789,1026 1879,1026 1968,1026 2058,1020 2147,1020 2237,1008 2326,1008 2416,1008 2505,1002 2595,1002 2684,996 2774,996 2863,990 2953,984 3042,984 3132,978 3221,978 3311,972 3400,972 3490,972 3579,966 3669,966 3758,960 3848,960 3937,960 4027,954 4116,948 4206,948"/>
                <TextEquiv>
                    <Unicode>siltamar zu Paula. Sie war erstaunt, schien sogar ein wenig er¬</Unicode>
                </TextEquiv>
            </TextLine>
            <TextLine id="tr_1_tl_8" custom="readingOrder {index:7;}">
                <Coords points="3796,1078 3849,1057 3938,1074 3995,1070 4007,1057 4140,1074 4140,989 4043,972 3950,1001 3934,984 3918,993 3893,980 3828,1021 3796,1021"/>
                <Baseline points="3818,1050 3907,1056 3997,1050 4086,1050 4152,1056"/>
                <TextEquiv>
                    <Unicode>heller.</Unicode>
                </TextEquiv>
            </TextLine>
            <TextLine id="tr_1_tl_9" custom="readingOrder {index:8;}">
                <Coords points="1138,1276 3598,1244 4116,1171 4120,1070 3403,1009 1142,1147"/>
                <Baseline points="1163,1217 1175,1223 1264,1217 1354,1217 1443,1211 1533,1205 1622,1205 1712,1205 1801,1199 1891,1193 1980,1193 2070,1193 2159,1187 2249,1187 2338,1181 2428,1175 2517,1175 2607,1175 2696,1169 2786,1163 2875,1163 2965,1157 3054,1151 3144,1151 3233,1151 3323,1145 3412,1139 3502,1139 3591,1133 3681,1133 3770,1121 3860,1127 3949,1127 4039,1121 4128,1121"/>
                <TextEquiv>
                    <Unicode>schrocken, als sie ihn zu so ungewohnter Stunde in ihr waissas</Unicode>
                </TextEquiv>
            </TextLine>
            <TextLine id="tr_1_tl_10" custom="readingOrder {index:9;}">
                <Coords points="1106,1487 4104,1381 4225,1207 1114,1317"/>
                <Baseline points="1133,1402 1187,1396 1276,1390 1366,1384 1455,1378 1545,1378 1634,1378 1724,1378 1813,1372 1903,1372 1992,1372 2082,1366 2171,1360 2261,1354 2350,1354 2440,1348 2529,1348 2619,1348 2708,1342 2798,1336 2887,1336 2977,1330 3066,1330 3156,1324 3245,1324 3335,1318 3424,1318 3514,1312 3603,1312 3693,1312 3782,1306 3872,1306 3961,1300 4051,1300 4140,1306 4230,1312"/>
                <TextEquiv>
                    <Unicode>Zimmer treten sah. Der heitere Ausdruck, den er mit-Verbedacht</Unicode>
                </TextEquiv>
            </TextLine>
            <TextLine id="tr_1_tl_11" custom="readingOrder {index:10;}">
                <Coords points="2674,1592 2949,1511 3075,1564 3504,1499 4104,1531 4108,1365 3670,1353 3561,1410 3387,1365 3209,1426 2682,1398"/>
                <Baseline points="2700,1523 2792,1515 2886,1527 2886,1527 2953,1509 3042,1503 3132,1503 3221,1491 3311,1491 3400,1491 3490,1485 3579,1485 3669,1485 3758,1485 3848,1479 3937,1479 4027,1479 4116,1491"/>
                <TextEquiv>
                    <Unicode>ist hatte, beruhigte sie sicht-</Unicode>
                </TextEquiv>
            </TextLine>
            <TextLine id="tr_1_tl_12" custom="readingOrder {index:11;}">
                <Coords points="1142,1657 1515,1600 1706,1665 1900,1596 2103,1633 2184,1576 2690,1531 2694,1418 2427,1475 1147,1503"/>
                <Baseline points="1163,1569 1175,1569 1264,1563 1354,1557 1443,1557 1533,1557 1622,1557 1712,1551 1801,1545 1891,1545 1980,1539 2070,1539 2159,1539 2249,1533 2338,1533 2428,1533 2517,1521 2607,1521 2700,1523"/>
                <TextEquiv>
                    <Unicode>seinen Mienen zu verleihen gewus</Unicode>
                </TextEquiv>
            </TextLine>
            <TextLine id="tr_1_tl_13" custom="readingOrder {index:12;}">
                <Coords points="2419,1600 2455,1596 2492,1612 2524,1604 2540,1616 2605,1604 2690,1629 2694,1531 2629,1531 2609,1544 2540,1539 2532,1548 2512,1535 2492,1548 2463,1548 2447,1531 2423,1531"/>
                <Baseline points="2446,1575 2523,1575 2613,1569 2704,1561"/>
                <TextEquiv>
                    <Unicode>wenige</Unicode>
                </TextEquiv>
            </TextLine>
            <TextLine id="tr_1_tl_14" custom="readingOrder {index:13;}">
                <Coords points="2759,1633 3934,1568 4136,1637 4140,1535 3626,1544 3508,1495 3460,1539 3075,1564 2945,1511 2759,1572"/>
                <Baseline points="2780,1604 2804,1604 2893,1604 2983,1593 3072,1593 3162,1587 3251,1581 3341,1581 3430,1575 3520,1569 3609,1569 3699,1569 3788,1575 3878,1569 3967,1569 4057,1581 4146,1581"/>
                <TextEquiv>
                    <Unicode>unnoch nicht weiter.</Unicode>
                </TextEquiv>
            </TextLine>
            <TextLine id="tr_1_tl_15" custom="readingOrder {index:14;}">
                <Coords points="1130,1807 3942,1734 4112,1710 4116,1612 1134,1661"/>
                <Baseline points="1151,1742 1169,1742 1258,1736 1348,1736 1437,1724 1527,1724 1616,1724 1706,1718 1795,1712 1885,1718 1974,1712 2064,1706 2153,1706 2243,1700 2332,1694 2422,1694 2511,1700 2601,1694 2690,1694 2780,1694 2869,1688 2959,1682 3048,1676 3138,1676 3227,1670 3317,1664 3406,1664 3496,1658 3585,1658 3675,1652 3764,1652 3854,1658 3943,1658 4033,1664 4122,1676"/>
                <TextEquiv>
                    <Unicode>lich und er erkannte sofort, dass nach nicht versucht vanden</Unicode>
                </TextEquiv>
            </TextLine>
            <TextLine id="tr_1_tl_16" custom="readingOrder {index:15;}">
                <Coords points="1228,1868 1406,1823 1697,1839 1742,1799 1811,1831 1977,1795 2366,1815 2443,1799 2447,1730 2074,1758 2005,1726 1916,1766 1778,1738 1722,1774 1649,1738 1544,1778 1232,1754"/>
                <Baseline points="1252,1819 1288,1819 1378,1813 1467,1807 1557,1807 1646,1801 1736,1801 1825,1801 1915,1795 2004,1795 2094,1795 2183,1783 2273,1777 2362,1771 2452,1777"/>
                <TextEquiv>
                    <Unicode>genannt worden in as</Unicode>
                </TextEquiv>
            </TextLine>
            <TextLine id="tr_1_tl_17" custom="readingOrder {index:16;}">
                <Coords points="3371,1957 3508,1908 3565,1932 3626,1892 3662,1920 3841,1884 3946,1908 3986,1872 4104,1904 4148,1884 4153,1758 3986,1702 3926,1738 3877,1706 3776,1702 3614,1738 3375,1722"/>
                <Baseline points="3394,1837 3484,1849 3573,1843 3663,1837 3752,1837 3842,1837 3931,1831 4021,1825 4110,1831 4158,1837"/>
                <TextEquiv>
                    <Unicode>gen. Für diesen</Unicode>
                </TextEquiv>
            </TextLine>
            <TextLine id="tr_1_tl_18" custom="readingOrder {index:17;}">
                <Coords points="1118,1993 2848,1928 2921,1908 2929,1730 1272,1868 1126,1807"/>
                <Baseline points="1145,1921 1235,1915 1324,1909 1414,1909 1503,1909 1593,1897 1682,1897 1771,1891 1861,1897 1950,1891 2040,1885 2129,1885 2219,1879 2308,1873 2398,1873 2487,1873 2577,1873 2666,1867 2756,1867 2845,1861 2935,1861"/>
                <TextEquiv>
                    <Unicode>war-Miestrumm in ihr abnungslessen</Unicode>
                </TextEquiv>
            </TextLine>
            <TextLine id="tr_1_tl_19" custom="readingOrder {index:18;}">
                <Coords points="1098,2159 3861,2094 4116,2054 4120,1920 1102,2013"/>
                <Baseline points="1121,2094 1175,2094 1264,2088 1354,2088 1443,2082 1533,2082 1622,2082 1712,2076 1801,2076 1891,2070 1980,2064 2070,2064 2159,2058 2249,2058 2338,2058 2428,2052 2517,2052 2607,2046 2696,2046 2786,2040 2875,2040 2965,2034 3054,2034 3144,2022 3233,2022 3323,2016 3412,2016 3502,2016 3591,2016 3681,2016 3770,2010 3860,2010 3949,2004 4039,1998 4128,1998"/>
                <TextEquiv>
                    <Unicode>Fall war er entschlossen gewesen ihr sofort zu eröffnen, welch</Unicode>
                </TextEquiv>
            </TextLine>
            <TextLine id="tr_1_tl_20" custom="readingOrder {index:19;}">
                <Coords points="1118,2325 4011,2269 4185,2248 4189,2115 2690,2082 1122,2216"/>
                <Baseline points="1139,2267 1151,2267 1240,2267 1330,2261 1419,2261 1509,2255 1598,2249 1688,2249 1777,2243 1867,2243 1956,2243 2046,2237 2135,2237 2225,2231 2314,2231 2404,2225 2493,2225 2583,2219 2672,2219 2762,2219 2851,2213 2941,2213 3030,2201 3120,2207 3209,2201 3299,2201 3388,2201 3478,2195 3567,2195 3657,2195 3746,2189 3836,2189 3925,2183 4015,2177 4104,2177 4194,2165"/>
                <TextEquiv>
                    <Unicode>unheilvoller Wahn seines Bruders Geist umfangen hielt; nun duf</Unicode>
                </TextEquiv>
            </TextLine>
            <TextLine id="tr_1_tl_21" custom="readingOrder {index:20;}">
                <Coords points="1463,2354 2601,2334 2637,2329 2637,2269 2244,2248 2131,2289 2094,2252 1941,2293 1835,2257 1795,2297 1572,2273 1463,2317"/>
                <Baseline points="1485,2350 1575,2344 1664,2338 1754,2332 1843,2332 1933,2326 2022,2320 2112,2320 2201,2320 2291,2314 2380,2308 2470,2308 2559,2314 2649,2308"/>
                <TextEquiv>
                    <Unicode>damit noch zu warten</Unicode>
                </TextEquiv>
            </TextLine>
            <TextLine id="tr_1_tl_22" custom="readingOrder {index:21;}">
                <Coords points="1114,2500 3845,2439 4165,2382 4169,2257 1118,2374"/>
                <Baseline points="1139,2446 1223,2440 1312,2434 1402,2434 1491,2434 1581,2428 1670,2434 1760,2428 1849,2428 1939,2416 2028,2416 2118,2410 2207,2410 2297,2410 2386,2404 2476,2398 2565,2398 2655,2398 2744,2392 2834,2386 2923,2386 3012,2380 3102,2380 3191,2386 3281,2380 3370,2374 3460,2374 3549,2368 3639,2368 3728,2368 3818,2362 3907,2362 3997,2362 4086,2362 4176,2368"/>
                <TextEquiv>
                    <Unicode>te er sichmord ihn die Wohnheit auf die Tage des Alleinseins</Unicode>
                </TextEquiv>
            </TextLine>
            <TextLine id="tr_1_tl_23" custom="readingOrder {index:22;}">
                <Coords points="1114,2706 3901,2597 4136,2573 4140,2459 1122,2544"/>
                <Baseline points="1139,2625 1193,2619 1282,2619 1372,2619 1461,2619 1551,2613 1640,2607 1730,2607 1819,2601 1909,2601 1998,2601 2088,2595 2177,2595 2267,2589 2356,2589 2446,2583 2535,2583 2625,2577 2714,2571 2804,2571 2893,2565 2983,2565 3072,2565 3162,2559 3251,2559 3341,2553 3430,2547 3520,2553 3609,2547 3699,2541 3788,2541 3878,2535 3967,2535 4057,2529 4146,2523"/>
                <TextEquiv>
                    <Unicode>### und konnte im übrigen seinen Einfall von gestern für</Unicode>
                </TextEquiv>
            </TextLine>
            <TextLine id="tr_1_tl_24" custom="readingOrder {index:23;}">
                <Coords points="1098,2836 4209,2787 4242,2641 3978,2568 1102,2718"/>
                <Baseline points="1121,2798 1205,2798 1294,2792 1384,2792 1473,2792 1563,2786 1652,2786 1742,2786 1831,2780 1921,2774 2010,2774 2100,2768 2189,2768 2279,2762 2368,2762 2458,2756 2547,2756 2637,2750 2726,2750 2816,2750 2905,2744 2995,2744 3084,2738 3174,2738 3263,2726 3353,2726 3442,2726 3532,2726 3621,2720 3711,2720 3800,2714 3890,2714 3979,2708 4069,2708 4158,2702 4248,2708"/>
                <TextEquiv>
                    <Unicode>seine Zwecke weiter nützen. Er umarmte sie zärtlich und in einem</Unicode>
                </TextEquiv>
            </TextLine>
            <TextLine id="tr_1_tl_25" custom="readingOrder {index:24;}">
                <Coords points="1102,3018 3812,2961 4132,2937 4136,2799 1106,2876"/>
                <Baseline points="1127,2983 1193,2977 1282,2971 1372,2971 1461,2965 1551,2965 1640,2959 1730,2959 1819,2953 1909,2953 1998,2947 2088,2947 2177,2947 2267,2941 2356,2941 2446,2935 2535,2935 2625,2929 2714,2923 2804,2923 2893,2923 2983,2917 3072,2917 3162,2911 3251,2911 3341,2905 3430,2905 3520,2899 3609,2899 3699,2899 3788,2893 3878,2893 3967,2887 4057,2881 4146,2875"/>
                <TextEquiv>
                    <Unicode>leidenschaftlichen Ton, der ihr nicht mehr ungewohnt war, fragte</Unicode>
                </TextEquiv>
            </TextLine>
            <TextLine id="tr_1_tl_26" custom="readingOrder {index:25;}">
                <Coords points="1102,3237 4112,3128 4116,2982 1106,3063"/>
                <Baseline points="1127,3156 1175,3156 1264,3156 1354,3150 1443,3144 1533,3138 1622,3138 1712,3132 1801,3132 1891,3132 1980,3126 2070,3126 2159,3120 2249,3120 2338,3120 2428,3120 2517,3114 2607,3114 2696,3108 2786,3102 2875,3102 2965,3096 3054,3090 3144,3090 3233,3090 3323,3090 3412,3084 3502,3078 3591,3072 3681,3072 3770,3072 3860,3072 3949,3072 4039,3066 4128,3054"/>
                <TextEquiv>
                    <Unicode>er sie: „Gehänst du min?“ — „Ja, erwidente sie, du meisst as,“-</Unicode>
                </TextEquiv>
            </TextLine>
        </TextRegion>
        <TextRegion id="tr_2" custom="readingOrder {index:1;}">
            <Coords points="1067,3177 4367,3177 4367,5123 1067,5123"/>
            <TextLine id="tr_2_tl_1" custom="readingOrder {index:0;}">
                <Coords points="1106,3371 4096,3346 4355,3249 4359,3087 1110,3229"/>
                <Baseline points="1127,3335 1145,3335 1235,3329 1324,3323 1414,3323 1503,3317 1593,3317 1682,3311 1771,3311 1861,3305 1950,3305 2040,3305 2129,3299 2219,3299 2308,3293 2398,3293 2487,3287 2577,3287 2666,3281 2756,3281 2845,3275 2935,3275 3024,3275 3114,3269 3203,3263 3293,3263 3382,3257 3472,3257 3561,3251 3651,3251 3740,3251 3830,3251 3919,3251 4009,3239 4098,3233 4188,3227 4277,3227 4367,3227"/>
                <TextEquiv>
                    <Unicode>„Könntest du dich entschliessen mit mir fortzufahren“. - „Fort?“ -</Unicode>
                </TextEquiv>
            </TextLine>
            <TextLine id="tr_2_tl_2" custom="readingOrder {index:1;}">
                <Coords points="1106,3557 3942,3484 4007,3354 3496,3286 2982,3411 2722,3334 1114,3383"/>
                <Baseline points="1133,3508 1151,3508 1240,3502 1330,3502 1419,3496 1509,3496 1598,3490 1688,3490 1777,3490 1867,3484 1956,3484 2046,3478 2135,3478 2225,3478 2314,3472 2404,3466 2493,3466 2583,3460 2672,3460 2762,3466 2851,3454 2941,3460 3030,3454 3120,3448 3209,3448 3299,3442 3388,3436 3478,3442 3567,3436 3657,3430 3746,3436 3836,3430 3925,3430 4015,3430"/>
                <TextEquiv>
                    <Unicode>„Nur für ein paar Tage, Aufs Land." - „Aufs Lant? Mit - mit</Unicode>
                </TextEquiv>
            </TextLine>
            <TextLine id="tr_2_tl_3" custom="readingOrder {index:2;}">
                <Coords points="1082,3747 4072,3666 4144,3508 3711,3444 2147,3504 1855,3622 1086,3569"/>
                <Baseline points="1103,3681 1193,3675 1282,3675 1372,3675 1461,3669 1551,3669 1640,3663 1730,3663 1819,3663 1909,3657 1998,3657 2088,3657 2177,3651 2267,3651 2356,3645 2446,3639 2535,3639 2625,3639 2714,3633 2804,3627 2893,3627 2983,3621 3072,3621 3162,3621 3251,3609 3341,3603 3430,3603 3520,3597 3609,3591 3699,3597 3788,3597 3878,3597 3967,3597 4057,3597 4146,3597"/>
                <TextEquiv>
                    <Unicode>dir allein?" - „Ja,mit mir allein, mit mir ganz allein.“ Er zog</Unicode>
                </TextEquiv>
            </TextLine>
            <TextLine id="tr_2_tl_4" custom="readingOrder {index:3;}">
                <Coords points="2755,3739 3808,3695 3966,3723 3999,3650 2982,3634 2759,3695"/>
                <Baseline points="2780,3722 2845,3711 2935,3711 3024,3711 3114,3705 3203,3705 3293,3705 3382,3699 3472,3699 3561,3699 3651,3693 3740,3687 3830,3687 3919,3687 4009,3687"/>
                <TextEquiv>
                    <Unicode>tragte sie mit großen Augen so</Unicode>
                </TextEquiv>
            </TextLine>
            <TextLine id="tr_2_tl_5" custom="readingOrder {index:4;}">
                <Coords points="1078,3942 2808,3824 4023,3877 4100,3707 1633,3699 1082,3800"/>
                <Baseline points="1103,3854 1157,3854 1246,3854 1336,3854 1425,3854 1515,3848 1604,3848 1694,3842 1783,3848 1873,3842 1962,3836 2052,3830 2141,3830 2231,3830 2320,3824 2410,3824 2499,3818 2589,3818 2678,3812 2768,3812 2857,3806 2947,3800 3036,3800 3126,3806 3215,3800 3305,3794 3394,3788 3484,3782 3573,3782 3663,3788 3752,3782 3842,3782 3931,3776 4021,3776 4110,3776"/>
                <TextEquiv>
                    <Unicode>sie an sich. „Ja, was ist denn geschehen?“ - „Vorläufig nichts.</Unicode>
                </TextEquiv>
            </TextLine>
            <TextLine id="tr_2_tl_6" custom="readingOrder {index:5;}">
                <Coords points="1661,3946 1714,3966 1726,3954 1746,3962 1791,3946 1811,3958 1831,3942 1847,3954 1880,3950 1884,3873 1851,3869 1827,3881 1778,3873 1750,3881 1726,3865 1710,3873 1665,3869"/>
                <Baseline points="1682,3937 1712,3937 1801,3931 1891,3925"/>
                <TextEquiv>
                    <Unicode>doch</Unicode>
                </TextEquiv>
            </TextLine>
            <TextLine id="tr_2_tl_7" custom="readingOrder {index:6;}">
                <Coords points="1074,4072 3926,4055 4003,3861 1078,3946"/>
                <Baseline points="1097,4033 1145,4033 1235,4027 1324,4027 1414,4021 1503,4021 1593,4015 1682,4015 1771,4015 1861,4015 1950,4003 2040,4003 2129,3997 2219,3997 2308,3991 2398,3991 2487,3997 2577,3991 2666,3991 2756,3985 2845,3979 2935,3979 3024,3973 3114,3973 3203,3973 3293,3967 3382,3961 3472,3961 3561,3961 3651,3961 3740,3961 3830,3961 3919,3961 4009,3967"/>
                <TextEquiv>
                    <Unicode>Ich habe dir gestern erzählt, dass der Amerikaner hier ist.</Unicode>
                </TextEquiv>
            </TextLine>
            <TextLine id="tr_2_tl_8" custom="readingOrder {index:7;}">
                <Coords points="1074,4254 3901,4213 4193,4185 4197,4035 1078,4144"/>
                <Baseline points="1097,4206 1157,4206 1246,4200 1336,4200 1425,4200 1515,4194 1604,4194 1694,4194 1783,4194 1873,4182 1962,4182 2052,4182 2141,4182 2231,4182 2320,4176 2410,4176 2499,4176 2589,4176 2678,4176 2768,4170 2857,4164 2947,4158 3036,4158 3126,4152 3215,4146 3305,4140 3394,4140 3484,4140 3573,4140 3663,4134 3752,4134 3842,4134 3931,4134 4021,4140 4110,4140 4200,4146"/>
                <TextEquiv>
                    <Unicode>Heute kann ich dir mehr sagen. Er ist um meinetwillen hier." an</Unicode>
                </TextEquiv>
            </TextLine>
            <TextLine id="tr_2_tl_9" custom="readingOrder {index:8;}">
                <Coords points="1916,4278 2026,4290 2070,4282 2094,4294 2135,4282 2155,4294 2236,4290 2240,4217 2212,4209 2188,4217 2159,4185 2107,4217 2082,4193 2030,4193 1993,4213 1969,4197 1953,4209 1920,4205"/>
                <Baseline points="1939,4265 1980,4259 2070,4253 2159,4248 2249,4248"/>
                <TextEquiv>
                    <Unicode>roll dis</Unicode>
                </TextEquiv>
            </TextLine>
            <TextLine id="tr_2_tl_10" custom="readingOrder {index:9;}">
                <Coords points="1106,4493 3237,4359 3654,4428 4104,4351 4108,4221 1110,4290"/>
                <Baseline points="1127,4391 1157,4385 1246,4379 1336,4379 1425,4373 1515,4373 1604,4367 1694,4367 1783,4367 1873,4361 1962,4361 2052,4367 2141,4361 2231,4355 2320,4349 2410,4349 2499,4349 2589,4343 2678,4349 2768,4349 2857,4343 2947,4343 3036,4337 3126,4331 3215,4325 3305,4319 3394,4319 3484,4319 3573,4313 3663,4313 3752,4313 3842,4313 3931,4307 4021,4307 4110,4295"/>
                <TextEquiv>
                    <Unicode>„Um deinetwillen,was bedeutet das?“.Nichts anderes, als dass</Unicode>
                </TextEquiv>
            </TextLine>
            <TextLine id="tr_2_tl_11" custom="readingOrder {index:10;}">
                <Coords points="1082,4602 3877,4598 4181,4574 4185,4408 1086,4489"/>
                <Baseline points="1103,4570 1145,4564 1235,4558 1324,4558 1414,4552 1503,4552 1593,4546 1682,4546 1771,4546 1861,4540 1950,4540 2040,4534 2129,4534 2219,4534 2308,4528 2398,4528 2487,4534 2577,4534 2666,4528 2756,4528 2845,4516 2935,4516 3024,4516 3114,4510 3203,4510 3293,4504 3382,4498 3472,4498 3561,4498 3651,4498 3740,4498 3830,4492 3919,4492 4009,4486 4098,4486 4188,4480"/>
                <TextEquiv>
                    <Unicode>er Schlimmes im Schilde führt.9- „Schlimmes...? Du meinett. Ich</Unicode>
                </TextEquiv>
            </TextLine>
            <TextLine id="tr_2_tl_12" custom="readingOrder {index:11;}">
                <Coords points="1074,4813 3460,4768 4092,4704 4096,4574 1078,4643"/>
                <Baseline points="1097,4743 1145,4743 1235,4737 1324,4731 1414,4731 1503,4725 1593,4725 1682,4725 1771,4719 1861,4719 1950,4713 2040,4713 2129,4713 2219,4719 2308,4713 2398,4701 2487,4701 2577,4695 2666,4701 2756,4701 2845,4695 2935,4689 3024,4683 3114,4677 3203,4677 3293,4677 3382,4677 3472,4671 3561,4671 3651,4665 3740,4665 3830,4665 3919,4665 4009,4659 4098,4665"/>
                <TextEquiv>
                    <Unicode>verstehe dich nicht.“ — „Lass die nun ausählen-Gestern Nacht,</Unicode>
                </TextEquiv>
            </TextLine>
            <TextLine id="tr_2_tl_13" custom="readingOrder {index:12;}">
                <Coords points="1070,5015 4177,4906 4238,4756 1074,4813"/>
                <Baseline points="1091,4928 1109,4922 1199,4916 1288,4916 1378,4910 1467,4910 1557,4904 1646,4898 1736,4898 1825,4898 1915,4892 2004,4892 2094,4886 2183,4886 2273,4886 2362,4880 2452,4880 2541,4874 2631,4874 2720,4868 2810,4868 2899,4868 2989,4856 3078,4856 3168,4856 3257,4850 3347,4856 3436,4850 3526,4850 3615,4850 3705,4844 3794,4844 3884,4838 3973,4832 4063,4832 4152,4832 4242,4838"/>
                <TextEquiv>
                    <Unicode>als ich gerade ins Tor meines Gasthofs treten wollte, sch ich ihn</Unicode>
                </TextEquiv>
            </TextLine>
            <TextLine id="tr_2_tl_14" custom="readingOrder {index:13;}">
                <Coords points="1041,5226 1807,5105 3905,5129 4242,5072 4246,4914 1045,5019"/>
                <Baseline points="1067,5113 1121,5107 1211,5101 1300,5095 1390,5095 1479,5089 1569,5089 1658,5083 1748,5077 1837,5077 1927,5077 2016,5071 2106,5071 2195,5071 2285,5071 2374,5065 2464,5059 2553,5059 2643,5059 2732,5059 2822,5059 2911,5047 3001,5047 3090,5041 3180,5041 3269,5035 3359,5029 3448,5035 3538,5029 3627,5029 3717,5023 3806,5023 3896,5023 3985,5023 4074,5023 4164,5023 4253,5017"/>
                <TextEquiv>
                    <Unicode>gegenüber im Schatten der Kirshe umherschleichen. Er hat mir</Unicode>
                </TextEquiv>
            </TextLine>
        </TextRegion>
    </Page>
</PcGts>
