3912 4952
2366 498 3211 682 Die wiederholt zu lassen wurken.
569 842 2679 1217 nicht gewesen! Da xxx nach
644 975 3395 1411 Sie hat sie ist glötzlich verloren! Sei hebt –
603 1415 1210 1626 nasulium –
675 1360 3395 1820 Man soll si th - sich von ne - abe)
764 1643 3330 2110 wach sehn, wo sie Ihr wird – ihn noch
682 2032 2035 2393 Ah! - je der wird sie
736 2246 2461 2591 mein, wie Du, und wenn so seh¬
753 2321 3494 2799 Ihr schreib: - zu der noch einmach sehr?
729 2580 2932 2976 noch an Tag die In schreibliche Recht
726 2877 3381 3231 Kinderum für mich früh — ich
767 3136 3487 3467 Nun, ich hat möge absolu nachzeit, in
750 3371 2441 3688 in der were, (Galtin)
914 3641 1957 3975 M i fort fort.
903 3763 2468 4094 Sie nicht noch aber ab. -
978 3985 2417 4312 In kund an. Sf. Rüb-
1060 4073 3644 4500 2o ich ernklenk Ahndtankommen
