3544 4936
2454 541 2656 685 G.C.P.
530 1135 3157 1478 Jünge Silker, General an B; Ischrift
465 1362 3193 1683 Abnehmen: aber zugendgeliebte. Edebt er,
436 1604 3233 1906 kommt nach Hause, müsse er erzäste. Nacht
364 1827 3261 2184 leit sonderbar vor, kannenst las, berichtet es
382 2119 3139 2375 endlich einer Freunde, der der zu nicht
400 2310 3146 2638 ungemit, weil sie längst ein Verhalten
411 2548 3193 2840 mit wen (Commis der Annen:) hat.
533 2890 3128 3150 Ernt. Beygehltnicht: Er, für den 6 von mehr
461 3157 905 3377 ist..
