3816 4984
484 734 1953 984 Platzkeit schrift d. Ehrnkrift
486 949 1841 1225 sowor, & in the alk
500 1180 1879 1468 Gedanken ist er fr. einen
484 1391 1894 1653 auch der mehr abgewiesen
506 1593 1914 1922 unerhörte ja nicht in ihr
502 1864 1890 2067 Mit den andere. Gie je
532 2071 1845 2331 ihn zu sein. Sie bei
525 2276 1826 2523 Ihr fäßt sie hie ein
521 2478 1897 2721 toll - aber wird hat.
536 2665 1828 2898 in reus gebfugt so ka
508 2911 1289 3111 um nachher
579 3121 1197 3333 nal hant-
585 3231 1813 3524 Ruhs - Meyer - no
594 3391 2009 3763 Griefe.  Suigt sie bekauft
573 3688 1955 3909 er ist ist nicht Ein¬
568 3881 1955 4133 a de fuhr  -  ee Geprur
568 4058 1886 4271 Wir kann. Sie noyrenst
573 4254 2077 4454 ir mit befei ein a maend
