3688 4984
403 989 1231 1227 daher von Reise -
410 1095 2304 1429 In den Zeit. Ordn. das kriegt sie durch¬
348 1378 1740 1649 die Reise Stadt unendlich v.d.-
458 1586 2697 1850 Bei Rügens einmal. Er hat nicht: Sie weit
363 1781 2784 2096 mee ganz bestimmt, sie will meit in Amt i bois bis
381 2008 2143 2294 Wer mehr!. War ist damit weskeit
429 2169 2847 2528 beitsreibt ersagt oben Anwissen konnt keines
443 2502 1381 2719 Gralite die je¬
377 2598 2821 2898 Sie wird ich schreibe – meldenst fast er sich ds
352 2744 3308 3151 sie ist sehr kann, wenn sie wird in der Raad sehrt –
388 3253 1161 3536 Ihr Sommung
484 3389 2066 3744 Einmal mit Rixus an,
539 3517 3140 3880 Klingemann und die Hoff vorkschweier ging sein sie.
