3512 4968
427 655 1598 1028 (In Schreibt Eglat)
106 727 2396 1181 halts in iſd ist in aufgewittelt
171 1109 1130 1427 9. Kornl - Brief
167 1161 2909 1594 We had, sof but so I dof Iienf my
198 1348 2960 1830 erwisse satt - Willf' d'nicht bei
287 1639 2973 2028 wunden konnen. Über längt nur da je ne
341 1908 2878 2304 weil so alt 9 Muhn auf 12 kamst.
263 2219 1181 2588 Aufs das soll! -
372 2345 2622 2738 Sie soll wie einen Eitl geschmack.
362 2492 3035 2929 hindest es zu den andern Briefe Lewoll
358 2949 1256 3192 keine mehr
536 3107 1331 3417 Von Frau R....
679 3178 1994 3468 von dem:- ehen kommt.
785 3328 2840 3772 2, wie ich bei der möglich.
659 3386 1587 3653 Sie will Sr Greifs
659 3540 2803 4004 Geu Rö. Me fassez et je pouvois.
731 3823 1748 4120 all cause in kind
710 3817 2844 4288 Gebiet Stadt! - Su sel sich verzichtet
