<?xml version="1.0" encoding="UTF-8" standalone="yes"?>
<PcGts xmlns="http://schema.primaresearch.org/PAGE/gts/pagecontent/2013-07-15" xmlns:xsi="http://www.w3.org/2001/XMLSchema-instance" xsi:schemaLocation="http://schema.primaresearch.org/PAGE/gts/pagecontent/2013-07-15 http://schema.primaresearch.org/PAGE/gts/pagecontent/2013-07-15/pagecontent.xsd">
    <Metadata>
        <Creator>prov=READ-COOP:name=TrHtr:version=2.1.0:model_id=51170:date=14_08_2023_16:09</Creator>
        <Created>2023-05-10T14:26:39.057+02:00</Created>
        <LastChange>2023-08-14T16:09:52.205+02:00</LastChange>
        <TranskribusMetadata docId="1428626" pageId="55419930" pageNr="8" tsid="132813357" status="IN_PROGRESS" userId="64420" imgUrl="https://files.transkribus.eu/Get?id=EYOCMYETIRQKSVUCOYHCOHQY&amp;fileType=view" xmlUrl="https://files.transkribus.eu/Get?id=OKNMQMUZXAKMDQLVIDUUYFYZ" imageId="44694032"/>
    </Metadata>
    <Page imageFilename="1428626_0008.jpg" imageWidth="3928" imageHeight="4968">
        <ReadingOrder>
            <OrderedGroup id="ro_1711820441931" caption="Regions reading order">
                <RegionRefIndexed index="0" regionRef="tr_1"/>
                <RegionRefIndexed index="1" regionRef="tr_2"/>
            </OrderedGroup>
        </ReadingOrder>
        <TextRegion id="tr_1" custom="readingOrder {index:0;}">
            <Coords points="531,582 3493,582 3493,2744 531,2744"/>
            <TextLine id="tr_1_tl_1" custom="readingOrder {index:0;}">
                <Coords points="2574,723 2629,741 2702,705 2786,741 2811,723 2844,749 2903,741 2972,781 3144,738 3147,581 2830,548 2702,581 2658,544 2581,544"/>
                <Baseline points="2597,650 2621,644 2710,644 2800,650 2890,644 2979,638 3069,638 3158,632"/>
                <TextEquiv>
                    <Unicode>DATES DES ACTES</Unicode>
                </TextEquiv>
            </TextLine>
            <TextLine id="tr_1_tl_2" custom="readingOrder {index:1;}">
                <Coords points="508,1117 1282,1168 1548,1015 2092,971 2490,1070 2749,946 3443,949 3454,752 2811,851 2362,763 1588,953 518,935"/>
                <Baseline points="531,1074 585,1068 674,1062 764,1056 853,1050 943,1044 1033,1038 1122,1033 1212,1027 1301,1021 1391,1021 1480,1015 1570,1003 1659,991 1749,985 1839,979 1928,973 2018,973 2107,967 2197,967 2286,967 2376,961 2466,961 2555,955 2645,949 2734,943 2824,937 2913,925 3003,919 3093,919 3182,913 3272,913 3361,913 3451,919"/>
                <TextEquiv>
                    <Unicode>wimort - mais for an pied - he fall an Augst</Unicode>
                </TextEquiv>
            </TextLine>
            <TextLine id="tr_1_tl_3" custom="readingOrder {index:2;}">
                <Coords points="540,1387 1271,1282 1439,1369 1555,1293 1891,1245 2063,1329 2085,1077 1953,1033 1417,1190 1088,1106 559,1172"/>
                <Baseline points="561,1355 644,1331 734,1319 824,1307 913,1295 1003,1295 1092,1289 1182,1283 1271,1271 1361,1265 1450,1265 1540,1253 1630,1247 1719,1236 1809,1224 1898,1218 1988,1206 2077,1212"/>
                <TextEquiv>
                    <Unicode>to have R. au fille lay</Unicode>
                </TextEquiv>
            </TextLine>
            <TextLine id="tr_1_tl_4" custom="readingOrder {index:3;}">
                <Coords points="570,1628 1541,1570 1698,1464 2191,1497 2534,1373 3410,1420 3421,1249 2366,1227 584,1442"/>
                <Baseline points="597,1528 644,1516 734,1510 824,1522 913,1522 1003,1522 1092,1510 1182,1504 1271,1498 1361,1492 1450,1486 1540,1480 1630,1468 1719,1456 1809,1445 1898,1427 1988,1421 2077,1409 2167,1403 2257,1397 2346,1385 2436,1379 2525,1373 2615,1367 2704,1367 2794,1361 2884,1361 2973,1361 3063,1355 3152,1355 3242,1349 3331,1361 3421,1379"/>
                <TextEquiv>
                    <Unicode>Sie bist ist nicht; - Sie bekand da das Wieder ihr</Unicode>
                </TextEquiv>
            </TextLine>
            <TextLine id="tr_1_tl_5" custom="readingOrder {index:4;}">
                <Coords points="511,1877 2545,1581 3348,1614 3385,1424 3063,1369 2476,1537 1968,1460 1063,1647 533,1607"/>
                <Baseline points="543,1761 609,1749 698,1737 788,1737 877,1731 967,1731 1056,1725 1146,1719 1236,1713 1325,1701 1415,1695 1504,1689 1594,1677 1683,1671 1773,1665 1863,1665 1952,1648 2042,1630 2131,1618 2221,1606 2310,1600 2400,1594 2489,1588 2579,1582 2669,1576 2758,1564 2848,1564 2937,1558 3027,1558 3116,1552 3206,1540 3296,1534 3385,1534"/>
                <TextEquiv>
                    <Unicode>bereibt ist. (gef hal.) Ich kenne a den und ihr</Unicode>
                </TextEquiv>
            </TextLine>
            <TextLine id="tr_1_tl_6" custom="readingOrder {index:5;}">
                <Coords points="577,2023 2235,1844 3078,1910 3282,1811 3290,1672 2578,1804 2151,1683 1596,1833 588,1840"/>
                <Baseline points="603,1916 692,1916 782,1916 871,1916 961,1910 1050,1910 1140,1904 1230,1898 1319,1892 1409,1886 1498,1880 1588,1874 1677,1874 1767,1868 1857,1863 1946,1863 2036,1857 2125,1845 2215,1839 2304,1833 2394,1833 2484,1833 2573,1827 2663,1827 2752,1815 2842,1809 2931,1803 3021,1797 3110,1791 3200,1791 3290,1797"/>
                <TextEquiv>
                    <Unicode>tag. Wo wolte er uns treff; Um ihren wahr</Unicode>
                </TextEquiv>
            </TextLine>
            <TextLine id="tr_1_tl_7" custom="readingOrder {index:6;}">
                <Coords points="562,2172 3239,2092 3242,1910 566,2059"/>
                <Baseline points="585,2125 650,2125 740,2125 829,2131 919,2131 1009,2125 1098,2119 1188,2113 1277,2107 1367,2107 1456,2095 1546,2089 1636,2083 1725,2083 1815,2083 1904,2083 1994,2083 2083,2083 2173,2077 2263,2077 2352,2077 2442,2066 2531,2060 2621,2060 2710,2048 2800,2042 2890,2030 2979,2036 3069,2042 3158,2048 3248,2030"/>
                <TextEquiv>
                    <Unicode>es erschlag wollt. Sie wird selbst schreiben. In</Unicode>
                </TextEquiv>
            </TextLine>
            <TextLine id="tr_1_tl_8" custom="readingOrder {index:7;}">
                <Coords points="595,2326 814,2392 2727,2249 3396,2344 3487,2147 1910,2107 1698,2202 599,2231"/>
                <Baseline points="615,2316 626,2316 716,2316 806,2310 895,2304 985,2304 1074,2304 1164,2298 1253,2298 1343,2292 1433,2286 1522,2280 1612,2280 1701,2280 1791,2280 1880,2280 1970,2280 2060,2275 2149,2275 2239,2269 2328,2269 2418,2269 2507,2263 2597,2257 2687,2251 2776,2245 2866,2239 2955,2239 3045,2239 3134,2245 3224,2245 3313,2245 3403,2257 3493,2263"/>
                <TextEquiv>
                    <Unicode>lassen. in eil Uhr. die wird ist nicht nach</Unicode>
                </TextEquiv>
            </TextLine>
            <TextLine id="tr_1_tl_9" custom="readingOrder {index:8;}">
                <Coords points="690,2600 887,2516 1263,2592 1599,2487 1983,2545 2717,2450 3224,2527 3341,2508 3345,2377 2848,2275 1548,2454 1267,2326 694,2395"/>
                <Baseline points="710,2531 752,2525 841,2519 931,2507 1021,2501 1110,2507 1200,2501 1289,2495 1379,2495 1468,2489 1558,2489 1648,2484 1737,2484 1827,2478 1916,2478 2006,2478 2095,2466 2185,2466 2275,2466 2364,2466 2454,2466 2543,2460 2633,2454 2722,2448 2812,2448 2901,2442 2991,2436 3081,2442 3170,2442 3260,2442 3349,2454"/>
                <TextEquiv>
                    <Unicode>in Wien schlafen. in ausgewicht zu sein. – Sie slagt</Unicode>
                </TextEquiv>
            </TextLine>
            <TextLine id="tr_1_tl_10" custom="readingOrder {index:9;}">
                <Coords points="665,2808 1680,2702 2852,2731 3312,2658 3315,2508 2183,2644 997,2574 668,2665"/>
                <Baseline points="686,2734 722,2734 812,2734 901,2722 991,2716 1080,2710 1170,2710 1259,2710 1349,2704 1439,2698 1528,2698 1618,2698 1707,2692 1797,2692 1886,2692 1976,2698 2066,2692 2155,2692 2245,2687 2334,2681 2424,2681 2513,2687 2603,2681 2692,2681 2782,2669 2872,2663 2961,2663 3051,2663 3140,2657 3230,2657 3319,2657"/>
                <TextEquiv>
                    <Unicode>in Hotel st &amp; Verslandt ab. - or wa if you sent us</Unicode>
                </TextEquiv>
            </TextLine>
        </TextRegion>
        <TextRegion id="tr_2" custom="readingOrder {index:1;}">
            <Coords points="674,2792 3528,2792 3528,4464 674,4464"/>
            <TextLine id="tr_2_tl_1" custom="readingOrder {index:0;}">
                <Coords points="654,2994 796,3056 1534,2936 2468,2950 2947,2874 2958,2698 2443,2797 2114,2713 1778,2848 1566,2779 1132,2782 927,2881 661,2830"/>
                <Baseline points="674,2973 716,2967 806,2967 895,2961 985,2955 1074,2949 1164,2943 1253,2937 1343,2937 1433,2937 1522,2931 1612,2931 1701,2925 1791,2919 1880,2907 1970,2901 2060,2896 2149,2884 2239,2884 2328,2878 2418,2872 2507,2872 2597,2872 2687,2860 2776,2854 2866,2848 2955,2842"/>
                <TextEquiv>
                    <Unicode>Dezond Kellnern – Tiekesse ihre Betr</Unicode>
                </TextEquiv>
            </TextLine>
            <TextLine id="tr_2_tl_2" custom="readingOrder {index:1;}">
                <Coords points="697,3209 1694,3239 2311,3104 2709,3206 3418,3071 3425,2895 1906,2990 1610,3111 1497,3031 705,3041"/>
                <Baseline points="722,3158 740,3152 829,3158 919,3164 1009,3158 1098,3158 1188,3152 1277,3152 1367,3152 1456,3152 1546,3146 1636,3146 1725,3140 1815,3140 1904,3134 1994,3122 2083,3116 2173,3116 2263,3105 2352,3099 2442,3093 2531,3093 2621,3093 2710,3081 2800,3075 2890,3069 2979,3069 3069,3069 3158,3051 3248,3045 3337,3045 3427,3063"/>
                <TextEquiv>
                    <Unicode>Sie fahr nach Wien – Abends - Alle Essen ich traur</Unicode>
                </TextEquiv>
            </TextLine>
            <TextLine id="tr_2_tl_3" custom="readingOrder {index:2;}">
                <Coords points="738,3410 1782,3450 2074,3330 3020,3341 3023,3246 2622,3155 2052,3268 1482,3213 1380,3293 745,3198"/>
                <Baseline points="758,3361 794,3361 883,3373 973,3373 1062,3379 1152,3379 1242,3385 1331,3379 1421,3373 1510,3367 1600,3361 1689,3361 1779,3349 1868,3337 1958,3331 2048,3331 2137,3325 2227,3319 2316,3319 2406,3313 2495,3308 2585,3302 2675,3302 2764,3302 2854,3296 2943,3290 3033,3290"/>
                <TextEquiv>
                    <Unicode>nicht bleib, früh, schnändig, laßen</Unicode>
                </TextEquiv>
            </TextLine>
            <TextLine id="tr_2_tl_4" custom="readingOrder {index:3;}">
                <Coords points="712,3680 891,3586 2476,3593 3027,3480 3188,3560 3520,3487 3523,3388 2932,3315 2034,3454 723,3483"/>
                <Baseline points="734,3618 752,3612 841,3594 931,3588 1021,3582 1110,3576 1200,3576 1289,3570 1379,3564 1468,3564 1558,3552 1648,3546 1737,3540 1827,3540 1916,3534 2006,3534 2095,3528 2185,3522 2275,3517 2364,3505 2454,3505 2543,3511 2633,3511 2722,3499 2812,3499 2901,3487 2991,3481 3081,3475 3170,3469 3260,3469 3349,3469 3439,3469 3528,3475"/>
                <TextEquiv>
                    <Unicode>Er na er – ich selbst - so sein bage leichtet etwa als</Unicode>
                </TextEquiv>
            </TextLine>
            <TextLine id="tr_2_tl_5" custom="readingOrder {index:4;}">
                <Coords points="763,3900 2684,3753 3377,3816 3385,3626 3144,3542 2527,3640 1391,3586 770,3746"/>
                <Baseline points="788,3827 794,3833 883,3815 973,3803 1062,3797 1152,3791 1242,3785 1331,3785 1421,3779 1510,3773 1600,3779 1689,3773 1779,3773 1868,3773 1958,3773 2048,3773 2137,3773 2227,3767 2316,3761 2406,3755 2495,3749 2585,3743 2675,3731 2764,3726 2854,3720 2943,3714 3033,3708 3122,3696 3212,3690 3302,3684 3391,3690"/>
                <TextEquiv>
                    <Unicode>der rasch verschwand – Beil! - Wohnschaft</Unicode>
                </TextEquiv>
            </TextLine>
            <TextLine id="tr_2_tl_6" custom="readingOrder {index:5;}">
                <Coords points="803,4053 1811,4005 2319,4082 2855,3962 3198,4035 3377,3984 3381,3812 807,3900"/>
                <Baseline points="824,4036 877,4030 967,4018 1056,4012 1146,4012 1236,4006 1325,4000 1415,4000 1504,4000 1594,3994 1683,3994 1773,4000 1863,4000 1952,4000 2042,4006 2131,4012 2221,4006 2310,4000 2400,3994 2489,3994 2579,3982 2669,3976 2758,3964 2848,3964 2937,3964 3027,3958 3116,3946 3206,3934 3296,3934 3385,3946"/>
                <TextEquiv>
                    <Unicode>Kirche zurücklich die? – Also bei – war u sprach</Unicode>
                </TextEquiv>
            </TextLine>
            <TextLine id="tr_2_tl_7" custom="readingOrder {index:6;}">
                <Coords points="807,4261 1329,4239 1610,4334 2709,4155 3261,4199 3268,4020 2863,4075 2735,3998 2297,4151 1775,4078 814,4130"/>
                <Baseline points="829,4245 853,4245 943,4239 1033,4239 1122,4227 1212,4227 1301,4221 1391,4221 1480,4221 1570,4221 1659,4221 1749,4227 1839,4227 1928,4221 2018,4215 2107,4215 2197,4215 2286,4209 2376,4197 2466,4191 2555,4185 2645,4161 2734,4155 2824,4149 2913,4143 3003,4132 3093,4126 3182,4126 3272,4120"/>
                <TextEquiv>
                    <Unicode>I am Dr. Nachsicht sey - also - also is it</Unicode>
                </TextEquiv>
            </TextLine>
            <TextLine id="tr_2_tl_8" custom="readingOrder {index:7;}">
                <Coords points="843,4476 2242,4509 2497,4407 3348,4389 3385,4239 2866,4246 2746,4166 2329,4298 1877,4265 1610,4349 1318,4232 854,4265"/>
                <Baseline points="865,4448 877,4454 967,4442 1056,4436 1146,4430 1236,4424 1325,4418 1415,4418 1504,4418 1594,4424 1683,4424 1773,4418 1863,4418 1952,4412 2042,4412 2131,4412 2221,4406 2310,4400 2400,4394 2489,4388 2579,4382 2669,4376 2758,4358 2848,4347 2937,4347 3027,4347 3116,4347 3206,4335 3296,4335 3385,4341"/>
                <TextEquiv>
                    <Unicode>9 Octobrkbrücken. —  Die über in 1 Klage - wie</Unicode>
                </TextEquiv>
            </TextLine>
        </TextRegion>
    </Page>
</PcGts>
