3592 4920
1944 540 2660 681 Excellencierens.
1986 653 2309 849 G.H.F.P.
326 891 3161 1256 Sie inkreinl? Hagiarengch, am Weiset kr nicht nach
361 1098 2140 1418 Grom Tofe. - trillies
425 1319 3014 1596 Ernning a de Prugs Gebubler, Er aber Wolachtung.
421 1502 3003 1796 nun ist er in keinsmal kunpte - 20 Jahre nicht gesehen
432 1656 2881 1986 freilnd auch der Erst gehören Jahre – und nur weilen
400 1825 2902 2246 Zeilung gelesen. Wir lebte ich lebt sie?
488 2032 2881 2403 Die konnte; Belauf bei Zerrn b in H. Kamerandt, etc.
460 2256 2968 2603 Maffe, der 1 Giesig - aber unterlich. - Überlas¬
456 2607 1081 2849 wer for him.
526 2688 3126 2979 Sie fährt einmal noch Meer, sie escht, er es wie
481 2860 2996 3158 aber bis jetzt nicht sie. Durchler lag. - In ist auf
477 3151 860 3393 hübsch
533 3182 2719 3509 zurück Urükteur und gemeinläße
537 3425 1803 3677 Stückerei ihn zu Gebiet
554 3639 1653 3860 (santembt if wegen)
575 3677 2161 3979 Sie komt nach Bles - zu Ein¬
621 3758 2744 4109 nen, nicht bei Dir - sie gesen. Ch. separée
593 3856 2958 4277 I hia is gevorngjes -ch we mocht aber
596 4109 2691 4460 Endlich sind ihm int Hølst, so luf, zu ihn
