3912 4952
2355 451 3354 680 Die wiederholt zu wiele
690 807 1679 1145 Wosehr durch die
687 952 3419 1272 Nois, als er dohlige wenstel beim – keinigut
727 1137 3383 1475 Erfiel so ein, das einschröhlen hier gewesen.
661 1363 3350 1704 sie nicht, und andere aber so spreche mich
669 1704 938 1893 men.
727 1846 3485 2151 Uhr bekommt führt ein s. d. Wege hinmal. Es wäre
709 2111 3448 2416 in Tann in wept et nicht ob sie glücklich gewese
683 2300 3056 2594 war. - Also ich sehr des jetzt mit sein
705 2504 3448 2842 Es sollt so ein ihr sie eigentlich gesteilt satt,
665 2674 3274 3121 sie wird in sein arme anreichen — kalen,
807 2969 3416 3299 Ich mocht dich einen Karl Heil höre - seit
828 3176 3350 3481 Schlußpreiß wohl die seitigen hat ich die¬
792 3467 1639 3754 gehort...-R.
810 3572 2827 3932 Dannst zu einem Conciert fortkommen,
810 3826 2126 4164 Nom! für mich allein
785 4030 3710 4415 Als morgen doch sehr wie ich wäre d will
890 4291 2337 4560 Yr nicht sie das het habe
