3560 4936
2437 532 2613 771 be
235 826 3021 1234 An uwilfte tog - Atfeppich - to me. Todof - Karleut
290 1089 2834 1379 des nicht, aber noch, sie wiss han al - at der kann
321 1296 2530 1604 Sie hat gepart der - Zugensit, große Mann.
328 1431 2786 1815 so mich es jenen erzelt – von? Ehegere? - Von
332 1621 2838 1998 der Frau Rüssen; die Frau et lezte, die führt all T.H.
408 1839 2796 2267 nach Wien - sie mir an welchenf - u doch sich nicht
2271 2050 2551 2195 ƒ m 7
366 2143 2551 2416 Und drei ersetzt sie, die Schwager habe ich da
449 2412 1414 2696 Golsekorgehilfen
501 2506 2226 2855 Lischnell hie - ei antwortet
484 2668 2347 3052 C. wollt kommen - ofte kommt nicht
536 2810 2291 3200 Aber sie sagt ihn trau von Herzen
