3912 4952
878 697 1235 881 " "
517 770 3314 1135 Aber das Neu sie sich nicht vorstellen. überhaupt, sie
573 989 3335 1336 kann sich nicht verstelde – Um des als doch auch jetzt
531 1204 2811 1572 was adaltsin wir may. Er aslebe
614 1339 3206 1791 hier stukt sie an ihn - u het if shet saf la an
656 1773 1020 2020 sich
677 1773 3272 2210 da steht in der Zeich - das Verlandnach A ist
645 2020 3258 2460 ne sei Reise durch Amerik zurückgekehrt
659 2186 3272 2606 - mir hat das solche Werk gemacht als deren
697 2471 3126 2818 Sie hat Brief von ihm – Sie ließ sie werden
715 2661 3362 3012 - Er tafesucht - soll sie herral: - daß als son
635 2974 3286 3290 gefall - 50 Jahr - wie nein - gewesen - u.
656 3144 3359 3595 noch schon - sie konnt sein Belst, und
649 3442 3130 3807 allicht seit, hat sie so gefahr Olei¬
753 3744 1863 4032 norden sei wirkt. -
805 3744 3543 4154 Me for the of this jong - of jus’d’t rggent
923 4032 3494 4490 Gtste fest - so fahit nach Mir - sie will sich
