3512 4968
231 739 955 959 u uberfallen.
213 779 2971 1128 Sie erzählt nicht! Als soll sie Auss vorwalt
267 1085 1799 1345 zi werde  in sie!
332 1265 2859 1539 in analet sis geblieb - ganz erkenachs
332 1482 2985 1831 Sie - nömlich hab ich ein Abenlaus. Meinplich
364 1748 2765 1968 - So.. Verhält sein.. Nimmer war wählen.
242 2008 1381 2250 Ihr kam wach z¬
274 2091 3043 2448 Zu solen, ich fort bin – wenn ich da bei plaubt an
299 2358 2278 2697 nicht. - Überhaupt dann
324 2642 595 2844 No
296 2801 1114 3086 Ihre schwägern
321 2909 3216 3244 Nun! das ist nicht möglich. Als mit dem Commis
465 3216 3115 3511 ken, lieb trei, Sie sie gar nicht besonderer
368 3493 2880 3825 die half, eines und hübsch. Bezahlt man
339 3796 779 3984 Tante.
360 3839 2783 4157 Nun schreibt sei ihm. Nun – er zahls do –
368 4045 3144 4344 Sos selft ein stehend beabestren, - je, si un
512 4265 3108 4571 Sie tättehnt. Denn sie sehnt sich wieder
