3880 4968
2794 528 3405 778 Votre très-hacque ses
2590 559 2753 670 xxx
712 722 1083 889 11.
455 750 3200 1156 maison – ma Erkomt ses je aussi t. 5 Stunde
514 909 3027 1340 leurs ingangen a lis faſtient de trag
552 1243 2964 1621 nach mea - ke whair wea jurent
587 1378 3183 1836 Frau Rippens gibt ihr eine schneide
611 1680 2235 2055 an - so zu dem geht sie.
639 1788 3391 2277 - Acht - Verwärts - Erlangen - bescheint
632 2072 3371 2562 nachsach. Zu ihrer Crusi-kühl - ka je
2774 2270 3457 2524 Gear de jama
3076 2437 3305 2510 am
635 2399 2513 2808 Meck, so hil waren können,
2131 2465 3426 2680 Ringsherrn  Consarterium
2190 2621 2711 2728 Reuetzen
698 2590 3447 3037 ter Jahr sie jetzt Umschritt weit fort – diese
663 2812 3402 3242 men, es ist sehr schon so sein – 8 tos grobe
719 3041 3371 3506 u über die nicht schlaf – schon
746 3461 1090 3815 ihm
847 3607 2534 3950 Von sich lebenswirt Almont keine
844 3683 3409 4124 knecht die nicht mal nach Ihm er man sofuhr
791 3919 3360 4398 Sie frühert der gegen Zeit. 9.1 J. 1. - d zeigt
750 4172 3562 4613 pleibt - als möglich soll - Mai a so furete
