3688 4984
336 664 2361 961 Sie selbst gibt bedienen. - Anstalt
285 881 1982 1192 nal in tambion. to
402 1012 2535 1431 sest könte sein Ärzus Königselmann vieler.
459 1255 2569 1548 Bestdel so nach Gense. - Er in hal
374 1409 2663 1773 wir nie ebe s vermittlert. V oubt Notar.
396 1611 2672 2041 Ma nicht das es zur Verhältniss hatte ein
345 1842 2646 2275 mit sei Kasie er Wirthschohler, ein mit
354 1993 2646 2498 A tabaklosik; zugleich macht es das so
336 2321 2518 2686 at hl nicht -u ifs. he anallt of
393 2495 2566 2968 dass er unanflas Bilder nicht zum Zahl
470 2657 2683 3125 Überte immer i Treipacht (kindtschos
479 2965 2341 3410 Gespräch über den lödt kam.
542 3393 861 3564 that
