3896 4968
2626 533 3071 783 Votre sieur,
773 705 1171 871 II
530 857 3010 1323 Sie sollte einmal mit ausfahren, wehren
500 904 1012 1131 in Wien
574 1080 2636 1536 me [illegible] besuche - konnte Sie
557 1259 3044 1711 Mr. Langtihre nicht und Wien – 2 Jahre.
608 1532 3159 1880 Sie kommt werden anmeld sei. In Bekannt nicht
604 1768 2315 2177 (wir freihert u aber der ich M.
634 1765 3250 2278 Mir vorstehen soll sich ich habe gestellet. Die
682 1961 3206 2568 er sein doch einmal fest, dass sie der Lehn
702 2305 3152 2754 mit ihn zusammen verbringen müsst. Den
672 2656 2427 3041 er blißen - so abgeschlossen
1725 2771 3459 3169 hin, sie zahl Gageren; ihr Weg
742 2997 1606 3324 Miesgefich legt
722 3061 3453 3564 ehr schwager macht so vorwor, & all jünggefall
692 3274 3416 3763 der mitsam Kirchen im mit der Lalek - tasst
790 3652 3476 4226 Von Schwager hast. Diese Reise nur den Tappen - also
749 3689 1472 3976 an Uns. seh.
820 3942 3507 4438 des ist me besonders: wo sieht sie manche
850 4411 1637 4600 mit Manuar
