3848 4984
1344 768 1740 933 auf dem
569 872 1909 1099 Sie jetzt mit drücken Tredhof,
564 1076 1147 1231 verhängt:
609 1238 1821 1379 Trifft Klugeman. -
572 1391 1983 1589 in nlamor Cynstch Braakungen. -
539 1529 1881 1721 dieses tücke dage Sie, woll sie mit
546 1708 1959 1888 nicht hieralen? Das Wort xxx ich sieres
567 1890 1874 2077 Sie schalte neu.  Meine noviehle tre¬
539 2047 1839 2212 nach? - Ein zweilletes Leben.
555 2240 1069 2431 nur zu sein.
641 2385 1744 2564 Oul kt. Milft die ihr ich Ihr
574 2561 1853 2711 schon de ganz te nachren. Ich
585 2689 1823 2855 werden ich kann nicht schlafen.
579 2901 1266 3089 At glaub hi nicht.
680 3028 1953 3286 Ablichtlich in Grabe.. Ja, vom
652 3260 944 3394 da...
740 3362 1907 3558 Er freit sie um sein. Todt ist löst
650 3554 1298 3739 Geben. Skabel.
