<?xml version="1.0" encoding="UTF-8" standalone="yes"?>
<PcGts xmlns="http://schema.primaresearch.org/PAGE/gts/pagecontent/2013-07-15" xmlns:xsi="http://www.w3.org/2001/XMLSchema-instance" xsi:schemaLocation="http://schema.primaresearch.org/PAGE/gts/pagecontent/2013-07-15 http://schema.primaresearch.org/PAGE/gts/pagecontent/2013-07-15/pagecontent.xsd">
    <Metadata>
        <Creator>prov=READ-COOP:name=TrHtr:version=2.1.0:model_id=51170:date=14_08_2023_16:09</Creator>
        <Created>2023-05-10T14:26:38.418+02:00</Created>
        <LastChange>2023-08-14T16:09:50.923+02:00</LastChange>
        <TranskribusMetadata docId="1428626" pageId="55419907" pageNr="4" tsid="132813350" status="IN_PROGRESS" userId="64420" imgUrl="https://files.transkribus.eu/Get?id=INSQMVLKXSHZZYRWUNIBXCGI&amp;fileType=view" xmlUrl="https://files.transkribus.eu/Get?id=IEGTFUIVNNFTQYVPUHWIDAVG" imageId="44694009"/>
    </Metadata>
    <Page imageFilename="1428626_0004.jpg" imageWidth="3880" imageHeight="4968">
        <ReadingOrder>
            <OrderedGroup id="ro_1711820432727" caption="Regions reading order">
                <RegionRefIndexed index="0" regionRef="tr_1"/>
                <RegionRefIndexed index="1" regionRef="tr_2"/>
            </OrderedGroup>
        </ReadingOrder>
        <TextRegion id="tr_1" custom="readingOrder {index:0;}">
            <Coords points="591,935 3373,935 3373,3132 591,3132"/>
            <TextLine id="tr_1_tl_1" custom="readingOrder {index:0;}">
                <Coords points="570,1056 841,1130 935,1059 1106,1113 1864,1012 2169,1093 2384,992 2561,1103 2682,1080 2685,878 573,942"/>
                <Baseline points="591,1044 626,1038 716,1038 806,1033 895,1033 985,1033 1074,1027 1164,1027 1253,1027 1343,1027 1433,1021 1522,1015 1612,1009 1701,1003 1791,1003 1880,997 1970,991 2060,991 2149,985 2239,985 2328,985 2418,991 2507,997 2597,1003 2687,1009"/>
                <TextEquiv>
                    <Unicode>Sir geht mit ihrer 57. Sohr über den Kländen Wiedhofs</Unicode>
                </TextEquiv>
            </TextLine>
            <TextLine id="tr_1_tl_2" custom="readingOrder {index:1;}">
                <Coords points="603,1291 1281,1247 1569,1314 1911,1207 2062,1287 2250,1163 2474,1173 2481,1049 2374,999 2162,1103 1928,1036 1579,1120 1401,1073 614,1133"/>
                <Baseline points="626,1230 692,1230 782,1230 871,1230 961,1224 1050,1224 1140,1224 1230,1218 1319,1218 1409,1206 1498,1200 1588,1194 1677,1188 1767,1182 1857,1176 1946,1176 2036,1170 2125,1158 2215,1158 2304,1152 2394,1152 2484,1158"/>
                <TextEquiv>
                    <Unicode>Mundet sich. Sie hat nicht mehr geweest.</Unicode>
                </TextEquiv>
            </TextLine>
            <TextLine id="tr_1_tl_3" custom="readingOrder {index:2;}">
                <Coords points="627,1448 868,1505 976,1442 1083,1499 1478,1391 1629,1445 1720,1398 1867,1428 1981,1391 1991,1240 1663,1318 637,1291"/>
                <Baseline points="650,1421 740,1415 829,1421 919,1415 1009,1409 1098,1409 1188,1409 1277,1403 1367,1397 1456,1385 1546,1379 1636,1373 1725,1367 1815,1361 1904,1349 1994,1355"/>
                <TextEquiv>
                    <Unicode>Teilich-3 Jahre, lange Zeit,</Unicode>
                </TextEquiv>
            </TextLine>
            <TextLine id="tr_1_tl_4" custom="readingOrder {index:3;}">
                <Coords points="634,1613 707,1659 1046,1606 1207,1670 1867,1559 2008,1626 2162,1569 2169,1442 2001,1381 1562,1465 1381,1408 1106,1515 640,1462"/>
                <Baseline points="656,1594 740,1600 829,1594 919,1594 1009,1594 1098,1594 1188,1588 1277,1582 1367,1582 1456,1576 1546,1570 1636,1564 1725,1564 1815,1558 1904,1552 1994,1540 2083,1528 2173,1528"/>
                <TextEquiv>
                    <Unicode>Sondestaren einfacher Leben. Ein¬</Unicode>
                </TextEquiv>
            </TextLine>
            <TextLine id="tr_1_tl_5" custom="readingOrder {index:4;}">
                <Coords points="670,1881 2216,1706 3131,1723 3309,1676 3319,1535 3057,1489 1770,1703 684,1653"/>
                <Baseline points="692,1791 722,1791 812,1785 901,1791 991,1785 1080,1785 1170,1779 1259,1779 1349,1773 1439,1761 1528,1749 1618,1743 1707,1737 1797,1731 1886,1725 1976,1719 2066,1707 2155,1701 2245,1701 2334,1695 2424,1695 2513,1689 2603,1689 2692,1683 2782,1671 2872,1659 2961,1659 3051,1654 3140,1654 3230,1636 3319,1630"/>
                <TextEquiv>
                    <Unicode>Er war ein Geschäftmann – nicht noch ganz; überallen hatt</Unicode>
                </TextEquiv>
            </TextLine>
            <TextLine id="tr_1_tl_6" custom="readingOrder {index:5;}">
                <Coords points="630,2075 1713,2028 2129,1904 2377,1975 2598,1881 2957,1918 3074,1894 3084,1767 2504,1723 2112,1867 1784,1790 1375,1921 644,1881"/>
                <Baseline points="656,1982 668,1988 758,1982 847,1982 937,1982 1027,1982 1116,1988 1206,1982 1295,1982 1385,1976 1474,1970 1564,1964 1654,1958 1743,1946 1833,1934 1922,1928 2012,1916 2101,1910 2191,1898 2280,1892 2370,1892 2460,1886 2549,1880 2639,1880 2728,1874 2818,1868 2907,1863 2997,1857 3087,1857"/>
                <TextEquiv>
                    <Unicode>Sie ist nicht geliebt... Er näs ein entfernt Nachwand</Unicode>
                </TextEquiv>
            </TextLine>
            <TextLine id="tr_1_tl_7" custom="readingOrder {index:6;}">
                <Coords points="670,2166 1039,2266 1458,2189 1727,2253 3366,2082 3373,1951 677,2085"/>
                <Baseline points="692,2155 776,2161 865,2173 955,2173 1044,2173 1134,2167 1224,2167 1313,2161 1403,2161 1492,2155 1582,2155 1671,2149 1761,2143 1851,2131 1940,2119 2030,2107 2119,2107 2209,2101 2298,2095 2388,2089 2478,2089 2567,2083 2657,2077 2746,2077 2836,2071 2925,2066 3015,2060 3105,2060 3194,2060 3284,2060 3373,2060"/>
                <TextEquiv>
                    <Unicode>Wie die Ellern stärten, hatt er sie geheiratet, sie nicht in</Unicode>
                </TextEquiv>
            </TextLine>
            <TextLine id="tr_1_tl_8" custom="readingOrder {index:7;}">
                <Coords points="677,2434 1371,2360 2380,2380 2380,2286 2159,2203 1854,2307 1576,2219 1385,2310 1150,2256 681,2296"/>
                <Baseline points="698,2382 776,2370 865,2370 955,2370 1044,2370 1134,2376 1224,2358 1313,2358 1403,2358 1492,2352 1582,2352 1671,2352 1761,2352 1851,2352 1940,2352 2030,2346 2119,2340 2209,2334 2298,2328 2388,2334"/>
                <TextEquiv>
                    <Unicode>dritter som. Klamarlehlen</Unicode>
                </TextEquiv>
            </TextLine>
            <TextLine id="tr_1_tl_9" custom="readingOrder {index:8;}">
                <Coords points="714,2628 1204,2655 1482,2571 2216,2615 2662,2508 2407,2364 1596,2387 1458,2477 1086,2518 1009,2457 721,2477"/>
                <Baseline points="734,2591 782,2597 871,2597 961,2603 1050,2597 1140,2591 1230,2591 1319,2585 1409,2579 1498,2567 1588,2561 1677,2555 1767,2555 1857,2555 1946,2555 2036,2549 2125,2543 2215,2537 2304,2531 2394,2525 2484,2525 2573,2525 2663,2537"/>
                <TextEquiv>
                    <Unicode>Dno sie gibt sie auch Klamahrts</Unicode>
                </TextEquiv>
            </TextLine>
            <TextLine id="tr_1_tl_10" custom="readingOrder {index:9;}">
                <Coords points="657,2863 1971,2793 2357,2689 2705,2776 3182,2692 3192,2541 909,2716 667,2659"/>
                <Baseline points="680,2800 686,2800 776,2782 865,2782 955,2782 1044,2776 1134,2776 1224,2764 1313,2764 1403,2758 1492,2746 1582,2740 1671,2734 1761,2722 1851,2716 1940,2716 2030,2716 2119,2698 2209,2692 2298,2692 2388,2692 2478,2681 2567,2681 2657,2681 2746,2681 2836,2669 2925,2663 3015,2657 3105,2651 3194,2657"/>
                <TextEquiv>
                    <Unicode>hauptsächlich verwandte; sie, eine geachtete</Unicode>
                </TextEquiv>
            </TextLine>
            <TextLine id="tr_1_tl_11" custom="readingOrder {index:10;}">
                <Coords points="681,2994 727,2987 754,3004 818,2987 855,3011 878,2994 942,2994 999,3041 1053,3021 1053,2893 1009,2890 942,2850 811,2830 798,2843 768,2830 684,2863"/>
                <Baseline points="698,2961 704,2961 794,2949 883,2949 973,2949 1062,2949"/>
                <TextEquiv>
                    <Unicode>Willing</Unicode>
                </TextEquiv>
            </TextLine>
            <TextLine id="tr_1_tl_12" custom="readingOrder {index:11;}">
                <Coords points="704,3212 1133,3111 3084,3051 3165,3041 3171,2910 2300,2947 2018,2856 1411,2927 1173,3054 717,2990"/>
                <Baseline points="728,3122 758,3122 847,3116 937,3116 1027,3110 1116,3105 1206,3105 1295,3099 1385,3093 1474,3087 1564,3075 1654,3069 1743,3057 1833,3051 1922,3045 2012,3033 2101,3033 2191,3027 2280,3027 2370,3027 2460,3027 2549,3021 2639,3021 2728,3009 2818,3003 2907,2997 2997,2991 3087,2985 3176,2985"/>
                <TextEquiv>
                    <Unicode>Heute am 12- zu ihrer Schwägeren; jetzt unterricht</Unicode>
                </TextEquiv>
            </TextLine>
        </TextRegion>
        <TextRegion id="tr_2" custom="readingOrder {index:1;}">
            <Coords points="710,3138 3475,3138 3475,4565 710,4565"/>
            <TextLine id="tr_2_tl_1" custom="readingOrder {index:0;}">
                <Coords points="691,3403 962,3329 2293,3366 2645,3215 3007,3205 3014,3078 2273,3192 1710,3101 1415,3245 1029,3148 701,3259"/>
                <Baseline points="710,3373 776,3361 865,3343 955,3331 1044,3319 1134,3313 1224,3313 1313,3308 1403,3302 1492,3290 1582,3290 1671,3290 1761,3272 1851,3272 1940,3266 2030,3254 2119,3254 2209,3254 2298,3242 2388,3242 2478,3236 2567,3224 2657,3212 2746,3206 2836,3194 2925,3188 3015,3194"/>
                <TextEquiv>
                    <Unicode>sie die Nicht; da hoff nicht mehr – über der</Unicode>
                </TextEquiv>
            </TextLine>
            <TextLine id="tr_2_tl_2" custom="readingOrder {index:1;}">
                <Coords points="707,3631 1341,3523 1747,3624 2779,3420 3192,3433 3205,3242 2612,3373 2058,3339 1887,3423 1532,3322 721,3460"/>
                <Baseline points="728,3564 782,3564 871,3558 961,3552 1050,3540 1140,3540 1230,3528 1319,3522 1409,3517 1498,3511 1588,3505 1677,3505 1767,3499 1857,3493 1946,3493 2036,3487 2125,3475 2215,3463 2304,3457 2394,3439 2484,3433 2573,3427 2663,3421 2752,3409 2842,3403 2931,3391 3021,3385 3110,3385 3200,3391"/>
                <TextEquiv>
                    <Unicode>in fact allard sieht er jememt afolut</Unicode>
                </TextEquiv>
            </TextLine>
            <TextLine id="tr_2_tl_3" custom="readingOrder {index:2;}">
                <Coords points="717,3802 1170,3842 1579,3721 2431,3792 3151,3591 3158,3493 2749,3463 2015,3631 731,3637"/>
                <Baseline points="740,3773 746,3773 835,3773 925,3767 1015,3761 1104,3755 1194,3749 1283,3731 1373,3726 1462,3720 1552,3714 1642,3714 1731,3708 1821,3708 1910,3702 2000,3696 2089,3684 2179,3678 2269,3672 2358,3660 2448,3654 2537,3648 2627,3642 2716,3636 2806,3624 2896,3600 2985,3582 3075,3576 3164,3576"/>
                <TextEquiv>
                    <Unicode>aber - offet im weiten ab auch 19 Jahr alt</Unicode>
                </TextEquiv>
            </TextLine>
            <TextLine id="tr_2_tl_4" custom="readingOrder {index:3;}">
                <Coords points="748,4030 771,4033 781,4020 795,4033 828,4043 852,4026 862,4036 878,4036 895,4016 929,4010 922,3912 882,3916 875,3926 838,3919 821,3932 801,3929 795,3936 781,3926 771,3936 741,3939"/>
                <Baseline points="764,3994 853,3994 937,4006"/>
                <TextEquiv>
                    <Unicode>in</Unicode>
                </TextEquiv>
            </TextLine>
            <TextLine id="tr_2_tl_5" custom="readingOrder {index:4;}">
                <Coords points="738,4248 3249,4060 3319,3889 754,4010"/>
                <Baseline points="758,4191 812,4179 901,4179 991,4179 1080,4173 1170,4167 1259,4155 1349,4143 1439,4138 1528,4126 1618,4126 1707,4120 1797,4120 1886,4114 1976,4108 2066,4102 2155,4096 2245,4084 2334,4078 2424,4072 2513,4066 2603,4054 2692,4042 2782,4042 2872,4036 2961,4030 3051,4024 3140,4012 3230,4012 3319,4018"/>
                <TextEquiv>
                    <Unicode>Frau Rippins begegnet ich mit et Recht, halb</Unicode>
                </TextEquiv>
            </TextLine>
            <TextLine id="tr_2_tl_6" custom="readingOrder {index:5;}">
                <Coords points="2508,4258 2618,4291 2870,4261 2947,4305 2994,4268 3151,4274 3289,4201 3463,4234 3483,3996 3383,3976 3091,4130 2853,4053 2669,4164 2514,4191"/>
                <Baseline points="2525,4257 2579,4251 2669,4257 2758,4257 2848,4245 2937,4239 3027,4227 3116,4221 3206,4209 3296,4203 3385,4197 3475,4191"/>
                <TextEquiv>
                    <Unicode>(hfragneri nby)</Unicode>
                </TextEquiv>
            </TextLine>
            <TextLine id="tr_2_tl_7" custom="readingOrder {index:6;}">
                <Coords points="744,4382 855,4415 1569,4341 1763,4415 2229,4261 2239,4120 2109,4164 2025,4120 1877,4204 1720,4174 1602,4241 1489,4181 1133,4167 754,4234"/>
                <Baseline points="764,4370 800,4370 889,4370 979,4364 1068,4358 1158,4352 1247,4341 1337,4329 1427,4323 1516,4317 1606,4311 1695,4311 1785,4305 1874,4305 1964,4287 2054,4275 2143,4263 2233,4263"/>
                <TextEquiv>
                    <Unicode>Mrs. M. D.</Unicode>
                </TextEquiv>
            </TextLine>
            <TextLine id="tr_2_tl_8" custom="readingOrder {index:7;}">
                <Coords points="781,4569 3285,4466 3346,4264 2598,4268 2367,4392 2018,4308 1767,4425 791,4388"/>
                <Baseline points="800,4555 835,4550 925,4550 1015,4550 1104,4544 1194,4538 1283,4532 1373,4526 1462,4520 1552,4514 1642,4514 1731,4508 1821,4502 1910,4496 2000,4490 2089,4478 2179,4478 2269,4484 2358,4484 2448,4466 2537,4460 2627,4454 2716,4448 2806,4436 2896,4436 2985,4430 3075,4430 3164,4424 3254,4424 3343,4418"/>
                <TextEquiv>
                    <Unicode>bei Tatst oblors nach Wien; sie hat Verwürfte</Unicode>
                </TextEquiv>
            </TextLine>
        </TextRegion>
    </Page>
</PcGts>
