3912 4952
523 748 3484 1139 scheint er sich ihre Freilich, seinen Todelt, so sich
505 1076 3148 1416 Ich grosungennt aus. - Was soll sie nachm,
3096 1110 3487 1345 3vo M
505 1242 3476 1681 doh ging by nochmitththon. – Sie schlaftene er
3126 1375 3539 1607 Sein Erb
560 1456 3189 1895 Wiff ist bnft eine Kanau - the 8th A.J.
3211 1541 3369 1758 "
593 1744 3284 2116 Glisabethbrück. - Weise geh wie? - Er hat das in
593 1946 3078 2400 jetzt wendrohe, wie wir erstelten ihn
608 2197 3484 2577 kann - die Plötzlich begründhaft. Sie wollt wert
697 2455 3229 2809 Noch es in offentlich Re-  in -
645 2720 3421 3104 willst last a laufelus. - Eeilich. Kannenst war
656 2879 3373 3362 Ihr wir ginge u. a. von mir. - Er gehe zu der
678 3122 3425 3609 nen – gerne andere hin – Küssch-Erkasssen
671 3377 3480 3867 fröß. Sie verleist fasten Berlin; von so klare
789 3653 3159 4077 zwar bei durchtet. In ihr a tranken
778 3797 3528 4298 Jaß Möge zu Mosen   in dienst negestlich
752 4040 3450 4494 daß er sie zu seit fahren wurden. Wien
