3512 4968
2377 530 2544 678 G.H.
206 809 2825 1143 Annochst wegen mochten hjergs-at ue¬
174 1015 2632 1319 me on  selbkusserolof - her and
147 1224 2750 1575 gebrt soll. Ich war d febritt der - 21
223 1434 2855 1729 man as. Und as he if. Ich Joopart nur (in
213 1712 2010 1974 konnt i ge nicht propart vor
265 1863 2809 2121 Nie geht der alt Lebe worte - Reiten
318 2112 2639 2409 Kreisch, ein bis ich Rein? kann, gl
337 2387 753 2580 kam.
311 2531 2940 2796 ni wulle ds in i f. Me beleucht (i
340 2789 2756 2959 an ensten trois.  a/ wie auch
304 2992 2164 3267 aber wenn soll sie wicht
331 3136 2832 3490 zu Frau Rogin. Bevor der gebrach¬
347 3460 2858 3745 Herr Regier zulähmt - Gespräch.. Mä nach
386 3667 2845 3955 sich bescheide. Man trai sel eine
412 3925 1624 4151 Mai; ein leidl bann.
409 4073 2151 4334 Tis geht. whver uni Raui
445 4285 3025 4531 silegyn tres  -  N in hebbenre Mn
