3912 4952
2330 499 3386 672 Die wiederholtereit zu erkennen,
609 859 1946 1146 Er führ sie nach ganz -
672 1028 2462 1309 Nacht-Tief. Moingelvinke
686 1153 3383 1468 Aikler Stadt so fern. — & daß - Schuld fehlt s.
672 1444 3397 1717 tet gar nicht. Ob sie da nimt getla hätte, wa
668 1596 3282 1932 ist den noch gedankt seit nicht halten./. Mi¬
668 1839 3234 2147 a. Lebereicht auszumt. - das
658 2050 3435 2406 kühle zwei Bürger, da konnte, das Call
665 2351 2919 2728 er freise nicht gehabt, ja nicht
751 2670 1364 2947 Einblich
741 2645 3535 3082 Aufmachen nicht als wenn sie mein besonderer
727 3050 1049 3314 lebt.
734 3075 3435 3459 Sie hatt sich vorgestellt. Vormitt mich
710 3296 2860 3701 Wasser geh. A. früh W.
810 3587 2233 3892 Nach Genſe - Carl
886 3636 3494 4100 nal ken - sine nicht tös - ue ko a f.
904 3961 2791 4345 nicht sehr Umstand.
824 4079 3608 4529 Dr Wm I farllifke at mar aldr jeporn
