3400 4200
2710 570 2806 728 8
829 788 2847 1001 Angst, verspricht aber, dass er Ameltes Mann
842 1011 1704 1133 zurückhalten wird.
852 1115 2753 1252 Unbedingt notwendig,dass in der 1. Szene
854 1300 2712 1442 auch Amelies Mann erscheint. Sehr gemilt
842 1450 2885 1584 lich, sodass Alfred sagen kann: ich hütte es
872 1622 1995 1721 ihm gar nicht zugetraut.
844 1769 2766 1868 Alfred empfiehlt sich mit den Worten: Ich
867 1911 2799 2013 danke Ihnen sehr, empfehlen Sie mich Ihrer
857 2066 2723 2178 Frau Gemahl in. Sie hat mir auch sehr gut
870 2254 1306 2360 gefallen.
867 2532 2776 2672 Zu beslenken, ob Fanny, die es vor Erregung
872 2690 2862 2837 nicht mehr aushält, am Schluss dieser Szene
877 2857 1584 2971 auftreten soll.
1070 2890 2700 3108 Ued in kost i die Haier, at ia
1174 3037 2570 3227 nichts geschehen.. -  u wert
2216 3184 2649 3311 G.C.H.F.P.
2048 3321 2152 3470 G.H.
1232 3595 1721 3795 Monsieur, M. de
