3464 4232
2798 475 2942 595 20
915 633 2097 826 Fridlin: Beträchtlich.
921 785 2950 989 Fanny: Weil er dich nicht mehr für den
918 948 1782 1135 Betrogenen hält?
929 1114 3113 1271 Fridolin: Gewiss. Alles hat sich geändert,
932 1282 1670 1456 Auch für Dich.
940 1385 2504 1616 Fanny: Das scheint mir selbst.
937 1535 2944 1741 Fridolin: Es handelt sich nur mehr da-
934 1717 2950 1877 rum, dass du ihn vergisst. Und du wirst
940 1850 2833 2053 es ja tun. Es war ja nur ein Rausch.
943 2005 3061 2187 Du selbst hast es gesagt. Nun ist es ein
934 2162 2958 2360 Geheimnis zwischen dir und mir. Und ich
945 2325 2461 2513 will nur gleich auf die Bahn-
948 2450 2947 2662 Fanny: Es wird kein Geheimni bleiben.
945 2621 3004 2860 Fridolin: Es wird. Ich will nur auf die
940 2771 3020 2993 Bahn sehen, ob er wirklich abreist. Denn
1643 2896 1763 2985 dit
948 2961 3015 3102 wenn er Anna wiedersieht,so kann ja al-
970 3094 2453 3292 les durch ein Wort an den Tag
964 3270 2985 3466 Fanny: Bemühe dich nicht. Auf die Bahn
964 3447 1453 3599 gehe ich.
964 3572 1728 3776 Fridolin: Wie?
