3448 4216
2505 395 2636 585 66
873 690 1166 807 dern?
880 732 2607 944 Anina: Nun bin ich dort,wo solche
890 924 2614 1117 Worte mir nachhallen aus für mich
895 1034 2829 1261 verklungener Welt. Was suchst du mich
893 1185 2797 1414 zu halten? Ist es jetzt nicht gleich?
902 1332 2790 1632 Flaminia: Wir wollen sehen,wer flin-
910 1568 1710 1812 kere Beine hat.
924 1736 2712 1966 Anina, Flaminia,Andrea.Santis kommt
929 1878 2763 2117 Santis: Nun wär es Zeit sich fertig
929 2044 2770 2246 zu machen. In einer Stunde sind die
946 2166 2914 2427 Wagen bereit. Vorher wollen wir im Park
951 2324 2792 2541 mit einem Frühstück uns stärken. Ich
956 2519 2695 2705 habe unter den Bäumen einen Tisch
963 2670 2880 2878 decken lassen. Sehr Ihr dort. Da brin-
988 2766 2785 3017 gen schon die Kellner Flaschen hin.
1007 2948 2919 3190 (er bietet beiden Damen den Arm) Herr
988 3119 2944 3344 Andrea wird wohl nichts dagegen haben.
1168 3297 1332 3392 was
995 3300 1753 3497 Nun, xx gibt’s?
1024 3424 2897 3656 Andrea: Wenn Sie’s nicht gar zu eilig
1015 3592 2907 3809 haben, Herr Santis, Sie kommen eben zu
