3416 4168
2668 293 2791 440 91
913 453 2922 646 wandeln durch die reiche Flur auf frei-
916 630 2915 774 em Feld,wo stets Gewitter hangen. Doch
908 756 2925 934 sehen Sie. Sie haben sich alle zu Tisch
926 988 1351 1114 gesetzt.
916 1088 2670 1240 Andrea: Alle. Auch Ihre Nina. Sie
926 1237 2022 1402 scheint Ihrer sicher.
926 1363 2776 1536 Casanova: Die Täuschung kommt immer
939 1507 2904 1693 wieder. Was war das? (Lachen draussen)
906 1675 2071 1914 Andrea: Ein Windstoss.
939 1839 2928 2014 Casanova: Kommen Sie! Es wird trüb. Wir
931 2001 2951 2181 wollen sehn, dass wir noch am Mahl teil
939 2120 2886 2328 nehmen können,ehe der Sturm alles da-
957 2364 1474 2516 vongefegt.
944 2436 2989 2611 Stimme von draussen: Casanova! Casanom'
957 2660 1423 2796 Casanova!
949 2768 2256 2920 Andrea: Mich ruft keiner.
962 2881 3030 3115 Casanova: Nicht so empfindlich Sie müssen
957 3097 2812 3262 sich in der Welt bescheiden lernen.
957 3265 1911 3427 Stimmen: Casanova!
967 3375 2709 3617 Casanova: (beim Fenster) Ich komme
975 3542 2871 3738 schon - mit einem preund, den mir das
