3528 4152
2824 396 2960 524 47
1009 493 2957 710 das Haus gebogen. Lass dich nicht stö-
993 687 3044 866 ren,Anina.Du kannst ihm sagen, dass dein
1004 807 2830 1006 Brief ein Irrtum war. (Es klopft)
1011 983 3011 1195 Ein Kellner: (kOmmt) Herr Casanova bit-
1027 1152 2692 1346 tet Herrn Andrea Bassi um Gehör.
416 1267 930 1410 Ech erheffleit
1011 1295 2878 1494 Andrea: Mich? Was hab ich mit Herrn
360 1379 947 1525 glaub...    Stich
432 1476 807 1642 retient...
1019 1468 3036 1645 Casanova zu sprechen? Doch warum nicht?
1024 1622 2901 1798 Anina: Was immer er von dir verlangt
1022 1775 2876 1943 oder dir zu sagen hat - vergiss das
1019 1908 2962 2097 Eine nicht, dass du undlich geschiedene
1024 2084 2901 2235 Leute sind, dass also kein Grund vor-
1022 2237 2551 2406 liegt ihm etwas Böses zu tun.
1032 2372 3031 2574 Andrea: Darüber sei ruhig. (Dass das so
1037 2559 1859 2702 enden musste...
1042 2712 1594 2909 Anina: (ab).
