3496 4184
2715 369 2850 570 40
988 598 1790 784 Andrea - Anina.
998 763 3040 918 Anina: Ein schöner Morgen. Ich habe dich
1001 910 3074 1068 heute noch nicht gesehen.
1001 1042 2942 1204 Andrea: Du hast Casanova geschrieben.
998 1194 2948 1449 Ich bin dem Kellner begegnet. Ich habe
1001 1362 2169 1519 deine Schrift erkannt.
1011 1506 2852 1728 Anina: Ja, ich habe ihm geschrieben.
1006 1699 2999 1833 Andrea: Was? Ihm einen Morgengruss ge-
1008 1844 2703 1993 schickt? Ihm für Blumen gedankt?
1008 1944 2909 2202 Anina: neim. Ihm geschrieben,dass er
1024 2176 1810 2305 wegreisen soll.
1011 2223 2976 2434 Andrea: Wahrhaftig.Hast du die Gefahr
1034 2406 3035 2672 so gut gespürt? Ich soll dir wohl noch
1024 2581 1738 2782 dankbar sein?
1026 2679 2339 2896 Anina: Keine Gefahr mehr.
1024 2883 3089 3058 Andrea:.Wie kannst du's wissen.er lässt
1039 3017 2875 3218 sich nicht so leicht abschrecken, er
1060 3198 2919 3383 gibt sein Spiel so leicht nicht auf.
1037 3319 2942 3530 Anina: Wenn ich dir schwöre, dass ich
1044 3543 2589 3693 ihn niemals wiedersehen werde
1042 3659 2973 3912 Andrea: Warum? Du tust vielleicht Un-
