3448 4168
2883 306 3014 443 59
1057 458 1596 660 re vorbei.
1067 607 3012 837 Anina: Jetzt also wärstedu bereit mir
1060 802 1773 986 zu verzeihen?
1075 893 3110 1125 Andrea: Ba sich alles geändert hat... Ia
1082 1090 2852 1282 er Flaminias Bild in sich trägt...
1080 1199 3083 1436 Anina: So wäre ich die Betrogene. Warum
1085 1396 2933 1596 das? Zwischen dir und mir ist es ja
1087 1555 3042 1707 aus. Nun habe ich ein Recht darauf zu
1866 1672 2048 1770 habe
1090 1720 2875 1861 bestehen. Ich soll Casanova gehört
1067 1866 2835 2031 haben und er soll es nicht einmal
1573 1990 2003 2089 to a acte a
1092 2003 2936 2195 wissen...Nun erst wird es ein Glück
1103 2192 1383 2352 sein.
1105 2273 3098 2481 Andrea: Wahnsinn! Du traust mir nicht.
1108 2453 3095 2673 Ich schwöre dir,es wird nie wieder da-
1130 2640 2954 2835 von die Rede sein. Auch du wirst es
1130 2782 1666 2974 vergessen.
1128 2890 2969 3136 Anina: Wie könnt ich, da er es nicht
1125 3077 2976 3270 weiss. Nun erst lieb ich hinxx ihn.
1163 3224 1970 3419 (Sie will fort).
