3464 4200
2678 339 2822 513 30
1016 461 2827 706 Flaminia: Ja,aber wir sagen es den
1018 691 2771 810 Leuten nicht. Man soll die jungen
1020 798 2761 989 Leute nicht entmutigen. Haben Sie
1018 952 2917 1130 nicht früher hier geplaudert am Fen-
1025 1118 2810 1287 ster? Ich hörte es von meinem aus.
1033 1284 2427 1448 Anina: Mit Herrn von Gudar
1509 1357 2976 1492 & ten hatte man ver 10-10 J. keien lernen wlle
1040 1435 2822 1614 Flaminia: Ich dachte mit Casanova.
1038 1609 1684 1738 Anina: Mein.
1040 1711 2837 1936 Flaminia: Sie haben ihn noch nicht
1052 1919 1496 2051 gesehen?
1052 2031 2334 2239 Anina: Nein, heute nicht.
1050 2148 2807 2412 Flaminia: Ich kann so viel an ihm
1045 2356 1736 2512 nicht finden.
1057 2466 2861 2666 Anina: Ist er nicht mit einer Frau
1047 2683 1345 2829 hier?
1064 2781 3017 2964 Flaminia: Im Gegenteil. Hat er’s Ihnen
1057 2986 2866 3115 nicht erzählt.Er leidet an Liebes-
1067 3100 3034 3303 schmerzen. Er ist mit einer durchgegan-
1062 3288 2776 3445 gen und die hat ihn verlassen. In
1064 3415 2861 3581 Brüssel. Er ist melancholisch, oder
1074 3569 2920 3777 tut wenigstens so. Aber was geht uns
1077 3750 1992 3945 Herr Casanova an?
