3400 4216
2599 369 2739 500 70
945 505 2823 736 Zum Exempel Sie und diese beiden Da-
943 677 2727 847 men. Es darf Sie nicht beleidigen.
950 832 2510 997 Andrea: Es ist ja ein Problem.
960 977 2734 1164 Santis: Flaminia also, nehm ich an,
965 1144 2695 1304 war heute macht die Ihre, Sie aber
965 1300 2779 1428 dachten, dass es Anina war.Nun frägt
972 1469 2702 1615 es sich wer auf die nächste Nacht
965 1610 2941 1757 mehr Anrecht hat: Anina oder Flaminia?
960 1765 1871 1905 Andrea; Nun also?
975 1925 2919 2060 Santis: Man könnte sagen: die eine. Man
975 2063 2949 2218 könnte auch sagen: die andere. Und man
977 2205 2912 2382 könnte beide Lösungen töricht finden.
977 2385 2602 2533 Andrea: So weit waren wir auch.
994 2518 2931 2698 Santis: Ich bin kein Mann dafür. Gehen
985 2648 2818 2858 wir frühstücken. Wir wollen Klügere
992 2826 2845 2966 fragen, Jüngere und doch Erfahrenere.
987 2968 2451 3170 Herrn Casanova zum Beispiel.
999 3138 2885 3347 Andrea: Das wird nicht angehen. Denn
992 3305 2892 3443 Casanova dürfte in diesem Augenblick
987 3431 2944 3584 schon weit draussen auf der Landstras.
994 3616 2848 3793 se sein. Er hatte für Mittag seinen
