3416 4168
2716 427 2859 576 86
1005 538 2899 802 Nina: Da du - ich weiss ja nicht,wie
1003 718 2947 899 du's gemacht - aus meinem Herzen dich
1008 883 2917 1061 davongestohlen - wie anders soll ich
1010 1049 3006 1203 dich nennen als ungetreu? Es war nicht
1003 1168 2757 1366 hübsch von dir. Aber heute Morgen
1000 1335 3021 1518 schlichst du dich wieder in meine Herz
1008 1495 3046 1681 hinein, im Traum, ein holder Morgentraum
1013 1665 2432 1810 und ich verzieh dir gleich.
1018 1830 2440 1968 Casanova: Und jener Andere?
1013 1960 2904 2122 Nina: Was kümmert er dich denn, da er
1003 2094 2864 2280 mich nicht mehr kümmert? Vielleicht
2843 2219 3128 2364 nier nach
1015 2252 2950 2430 schläft er noch. Vielleicht flucht er.
1031 2419 3026 2577 Vielleicht tröstet er mit einer Andern
1026 2582 3008 2732 sich. Vielleicht hat er Gift genommen.
1028 2704 3039 2917 Casanova: Vielleicht folgt er dir nach.
1023 2879 2932 3062 Nina: Ich kenn ihn ja nicht mehr.Wem
1026 3019 2968 3212 sollt» er folgen? Et wird sich hütan.
1023 3184 2978 3364 Ein Brieflein blieb zurück und es ist
1028 3369 3026 3511 dafur gesorgt,dass er in dem Ort weder
1069 3506 2503 3663 Wagen noch Pferde bekommt.
1026 3651 2859 3869 Santis: Darf ich Sie bitten,hochge-
