3464 4216
2889 431 3023 559 72
1166 556 2964 764 Fest erscheinen und erbat ein paar
1169 737 3138 914 Minuten Aufschub,um sich in ein gemäs-
1166 889 2430 1046 seres Gewand zu kleiden.
1166 1029 2955 1193 Flaminia: Hier seh ich ihn kommen.
1161 1200 2163 1365 Anina: Ja, er ist’s.
1161 1350 3126 1472 Santis: Er hat uns gesehen. Er grüsst.
1166 1504 3089 1644 Flaminia: Warum danken Sie ihm nicht,
1159 1644 2124 1798 Herr Andrea Bassi?
1156 1811 2864 1962 Andrea: (laut zum Fenster hinaus,
1159 1962 3099 2063 Willkommen, Casanova. Es freut uns Al¬
1166 2119 3038 2232 le, dass Sie Ihre Reise aufgeschoben.
1171 2269 2957 2430 Casanota: (draussen) Ich sehe einen
1166 2413 3099 2592 reichgedeckten Tisch, doch keine Gäste
1161 2597 1433 2700 noch.
1171 2727 2862 2923 Santis: So kommen Sie noch einen
1171 2866 3112 3021 Augenblick herein.Sie sollen sich Ihr
1159 3038 2472 3163 Frühstück erst verdienen.
1171 3190 3104 3347 Casanova: Und wenn es sich zeigt, dass
1169 3349 2764 3508 ich der Einladung unwert bin.
1156 3516 3126 3692 Andrea: So lädt man Sie erst recht - Das
1171 3651 2310 3861 ist der Lauf der Welt.
