3480 4184
2839 362 2965 541 80
1133 544 3069 711 lassen und nun - die Gäste nahm schon
1126 696 3059 840 zum Frühstückgehen. (Man sieht draus-
1128 830 3011 1002 sen eine Gesellschaft von Herren und
1144 1009 3026 1131 samen sich sammeln und zum Teil schon
1126 1154 2578 1288 an dem Tisch Platz nehmen.
1141 1316 3026 1465 Casanova: Ich hoffe, auch Herr Andrea
1128 1437 2280 1627 Bassi ist’s zufrieden.
1126 1607 2282 1789 Andrea: Nicht so ganz.
1144 1746 3071 1956 Casanova: Nun, ich warte auf Ihre Ein-
1141 1930 1657 2062 wendungen.
1116 2062 3147 2269 Andrea: (seinen Degen ziehend) Hier,Her
1131 2237 3112 2429 Casanova,wenn Sie bereit sind sie auf-
1126 2391 1604 2553 zunehmen.
1136 2530 3079 2687 Santis: Was soll das bedeuten? - Wie?
1169 2669 3028 2849 (glaubt zu verstehen und lacht) Also
1126 2851 3089 2983 kein problem.Nicht Maria und Teresa..
1128 2955 2295 3130 Anina und Flaminia? -
1126 3127 3150 3335 Andrea: Nur ein Problem.Doch ist’s wohl
1136 3319 3023 3479 ein paar Blutstropfen wert und viel-
1141 3456 2024 3620 leicht auch mehr.
1131 3605 3079 3818 Santis: Wie Flaminia,so hältst du die
