3464 4232
2916 488 3040 620 21
954 582 2959 803 Fanny: Ich will ihn aufklären. Er soll
949 787 3051 986 kein falsches Bild mit sich davontragen.
946 941 2646 1135 Und auch du sollst es nicht tun.
954 1094 2913 1269 Fridolin: Fanny! Verstehst du es denn
949 1302 1296 1490 nicht?
962 1372 2959 1587 Fanny: Sehr gut verstehe ich es;dass
968 1568 2900 1741 du ein eitler Narr bist, verstehe ich.
951 1703 2954 1889 Alles hat sich geändert,sehr wahr, aber
962 1822 3013 2059 anders, als du meinst. Dass du mir jetzt
973 2024 2822 2199 verzeihen könntest, das verzeihe ich
970 2178 1401 2369 dir nie.
970 2277 2819 2498 Fridolin: Du willst wirklich gehen?
976 2452 2940 2676 Fanny: Das will ich. Ich reise mit ihm
968 2676 3129 2811 ab. Er soll das richtige Bild haben. Adieu.
984 2770 2986 2991 Versuche nicht mir zu folgen, ich würde
989 2954 2997 3107 dich vor der ganzen Welt so lächerlich
978 3062 2940 3326 machen, wie du es schon für mich bist.
984 3291 2307 3463 8. Anna und Peter kommen.
986 3401 2989 3638 Peter: Was hat sie denn? Hattet Ihr
997 3603 1698 3768 einen Streit?
