3528 4232
2802 422 2932 580 23
1036 552 1944 802 Anderer Schluss.)
1036 751 2268 970 Fanny will soeben fort.
1036 934 1695 1107 Alma: Wohin?
1054 1064 1965 1283 Fanny: Zu Alfred.
1066 1155 3079 1395 Fridolin: (zu Anna) Aber er will sie ja
1064 1331 2983 1588 gar nicht. Sie sind es, die er will. Er
1059 1494 3077 1733 glaubte heute Nacht bei Ihnen zu sein.
1074 1820 1995 2021 Peter mit Alfred.
1092 1947 2952 2163 Peter: Da bring ich ihn. Ich hab ihm
1097 2156 1736 2326 nachgerufen
1087 2242 2749 2474 Also wir lunchen alle zusammen.
1097 2423 3143 2654 Alfred: Ich lade die Herrschaften ein.
1102 2563 3102 2815 Alfred. (geht mit den beiden Damen ab).
