3400 4168
2847 368 2979 530 44
1055 441 2276 672 neu zu beginnen wissen.
1044 634 3067 831 Anina: Nicht ohne mich. Auch ich beginn
1055 776 2951 951 es neu. Ich liebe dich. Nur dich. Dies
1037 946 2370 1131 war ein Traum heut Nacht.
1037 1100 3029 1283 Andrea: Und wann der nächste? So träu-
1085 1176 1617 1293 traumbrjek
1027 1268 2652 1450 merische Frauen lieb ich nicht.
1024 1417 2887 1600 Anina: Ich schrieb ihm, dass ich ihn
1014 1526 2963 1772 hasse. Dass es ein Raub war,keine Lie-
1011 1704 1501 1835 besnacht.
1004 1742 3027 2043 Er muss nicht stolz drauf sein.
1032 1967 2948 2205 (Vielleicht wäre das Ganze so zu wen-
996 2167 2994 2360 den, dass sie anfangs gar nicht wusste,
999 2337 2905 2510 dass sie in Casanovas Armen lag.Erst
999 2484 2953 2639 wie er sich entfernt sagt er ihr; ich
994 2654 3029 2834 danke dir und sie erkennt seine Stimme.)
973 2794 2892 2979 Andrea: Das ist gleich.Er trägt dein
966 2930 2951 3123 Bild mit sich. Er weiss, dass du ihm ge
968 3113 2925 3273 hört hast.Eine von den hundert Andern
958 3265 2994 3450 bis du.Wenn er von Frauen spricht, deren
951 3392 2925 3572 Zärtlichkeit ihn zaküx beglückt,denkt
961 3562 2961 3752 er auch an dich.Will's der Zufall, dass
