3384 4168
571 709 1400 891 3. Fridolin,Fanny.
662 865 2442 1066 Fridloi: Es kann alles gut werden. Er
678 1022 1246 1204 weiss nicht.
678 1165 1162 1350 Fanny : Oh.
678 1337 2666 1491 Fridolin: Er weiss nicht, dass Du es warst.
678 1413 2679 1652 Er glaubt,es sei Amelte und er flieht,weil
693 1634 2669 1830 er glaubt, dass Ameltens Mann ihn umbringen
683 1790 936 1976 will.
685 1929 2077 2121 Fanny: Was wollte er bei Dir?
685 2051 2638 2278 Fridolin: Er hat sich Geld von mir ausge¬
693 2254 1045 2387 liehen.
685 2359 2724 2492 Fanny: Du hast es ihm gegeben? Er darf wet¬
709 2525 2638 2692 terleben? Du willst ihn nicht mehr töten?
698 2687 2687 2877 Fridolin: Da er es nicht weiss.Er trägt ja
696 2843 2638 2997 nicht Dein Bild mit sich fort, sondern das
706 2984 1978 3138 ihre.Alles kann gut werden.
696 3112 2789 3320 Fanny: Also nur Eitelke it.Dass er Dich nicht
704 3320 2353 3485 für den Betrogenen hält genügt Dir.
701 3425 2669 3651 Fridolin: Aber merkst Du nicht, dass damit
704 3594 2280 3750 alles geändert ist. Auch für Dich?
