3384 4152
2769 334 2877 512 45
946 447 2929 679 du ihm einmal noch begegnest,so grüsst
939 648 2931 828 dich sein Lächeln,wie man eben einsti-
957 797 1949 995 ge Geliebte grüsst.
944 954 2900 1183 Anina: Kommt’s darauf an, dies ist vor.
939 1136 2921 1332 bei. Versteh’s doch ganz. Mehr vorbei,
939 1268 2551 1440 als wenn es nicht gewesen wäre.
939 1432 2584 1666 Andrea: Sehr wohlfeil. Leb wohl.
931 1574 2052 1754 Anina: Was willst du?
939 1715 3001 1928 Andrea: Kannst du fragen. (.Er darf nicht
939 1887 1630 2062 weiter leben.
928 2024 2772 2234 Anina: Er? Wie ungerecht. Er wollte
923 2201 2952 2363 dich nicht beleidigen. Er hat getan,was
926 2340 2774 2540 alle Männer tun,wenn die Gelagenheit
928 2492 1597 2674 sich bietet.
936 2620 2888 2872 Andrea: Bü hast Recht.Es wäre töricht.
926 2800 2702 2983 Es hätte nur Sinn, wenn ich mit dir
926 2949 2769 3165 weiter zusammenleben wollte. Aber es
946 3106 2949 3301 ist ja aus zwischen uns, muss aus sein.
949 3250 1910 3448 Anina: Sein Ernst?
923 3412 2844 3600 Andrea: Völlig. Nie würd ich’s ertra.
926 3574 2846 3818 gen. Im ersten Kuss würd ich dich er-
