3448 4232
2815 448 2939 619 19
877 563 2832 832 Fridolin: Hier ist dein Brief. Er ist
882 776 2263 969 fort. Er weiss von nichts.
888 927 2056 1090 Fanny: Was heisst das?
891 1095 2734 1294 Fridolin: Er weiss nicht, dass du es
891 1261 2818 1420 warst. Er hat sich im Fenster geirrt.
339 1255 754 1395 Et hielteur
286 1373 832 1513 See Elue. (by)
885 1384 2737 1552 Er hat geglaubt,es ist Anna. Und er
272 1487 762 1611 his - let not
913 1538 2835 1726 glaubt, dass Peter ihn umbringen will.
283 1600 703 1726 Ich hab inde
258 1689 762 1849 si parbe depuis
891 1692 3037 1896 Fanny: Er hielt mich f체r Anna? Was wollte
908 1880 1546 2053 er bei dir?
896 2003 2922 2149 Fridolin: Er hat sich Geld bei mir aus.
908 2202 1398 2361 geliehen.
908 2283 2905 2499 Fanny: Du hast es ihm gegeben? Er darf
899 2488 1521 2628 weiterloben
905 2594 3028 2815 Fridolin: Er ist fort,und alles kann wie-
919 2807 1706 2958 der gut werden.
896 2913 2810 3107 Fanny: Alles kann wieder gut werden?
852 3104 2821 3286 Fridolin: Vielleicht. Er weiss es ja
908 3247 2983 3406 nicht. Nioht dein Bild tr채gt er in sich
910 3384 2283 3566 fort, sondern das von Anna.
913 3488 3165 3762 Fanny: Und darum h채tte sich etwas ge채ndert?
