3432 4216
2607 302 2735 455 36
995 425 2811 693 ren und wenn ich eifersühtig sein
1000 649 2954 855 könnte. Wo ist Herr Bassi? Mir war’s,
1010 772 2863 1022 als sähe ich ihn früher im Schatten
1010 946 2905 1130 sitzen.Ich bin spazieren geritten...
1010 1089 2961 1320 Ein Pferd, das ich gestern gewann. Herr
1035 1248 2762 1477 Casanova hat viel Unglück gehabt.
1025 1416 2878 1656 Das einzige bare Geld habe ich aber
1035 1524 2888 1777 von ihm gewonnen.Nun,was wollen dir
1037 1720 2789 1949 heute machen? Eine Lastfahrt? Wir
1044 1878 2983 2069 könnten Herrn Casanova dazu einladen.
1052 2030 2534 2246 Wie? Was habt Ihr gegen ihn?
1064 2175 2583 2421 Anina: Ich wahrhaftig nichts.
1079 2313 2996 2544 Santiss: Eben ging ich an seinem Gast-
1064 2465 3042 2725 hof vorbei, wollte ihn einladen mit mir
1089 2598 3035 2868 zu reiten. Er schlief noch fest. Ja, die
1106 2792 2978 2993 jungen Leute-Mit zwanzig Jahren habe
1094 2927 2981 3116 ich einmal siebzehn Nächte durchge-
1106 3052 3069 3291 wacht.Schöne Zeit.Wir werden eine gute
1103 3244 2954 3460 Reise haben. Es gibt einen Wagen zu
1113 3401 3087 3590 verkaufen. Nicht teuer. Wollen Sie nicht
1118 3590 1924 3753 mit uns fahren?
1128 3674 3104 3954 Flaminia: Was immer er beginnt,er hört
