3432 4216
2892 304 2990 487 77
975 447 2985 721 hielt, die Andere, weil er sie zu lieben
987 643 2663 889 glaubte. Er kann zufrieden sein.
990 786 3010 1025 Casanova: Ganz im Gegenteil.Er wäre der
995 957 3015 1186 unglückseligste Liebhaber auf der Welt.
992 1121 2952 1306 Betrogen um beide. Sein Leben lang von
995 1274 2950 1495 Sehnsucht nach beiden verzehrt. Denn da
1023 1430 2960 1616 er etwas zu erleben glaubte, das er in
1023 1580 2854 1781 Wirklichkeit nicht erlebte, so war’s
1035 1724 2922 1917 bestenfalls ein Traum, was er für ein
1033 1889 1872 2075 Abenteuer hielt.
1040 2048 2935 2249 Santis: Da er doch mit wachen Sinnen
1043 2203 2781 2367 eine Lebendige mit Glut umarmt,so
1045 2322 2980 2560 kann man es füglich keinen Traum neu-
1055 2560 1279 2716 nen.
1083 2638 2849 2837 Casanova: Auch so lange man träumt
1070 2801 2925 2987 bildet man sich ein wach zu sein. Da.
1060 2967 2791 3151 mit schlagen Sie mich also nicht.
1078 3116 2824 3294 Andrea: So sehr ich mich an Fuerm
1083 3264 2975 3450 Wortgefunkel freue,die Mühe ward ver
1093 3417 2940 3605 tan. Denn die Frage,die Sie Beide zu
1095 3568 2977 3786 beantworten glauben,war ja nicht ge-
