3464 4200
2789 319 2928 484 68
1136 453 3067 678 sie eben daran waren beide das Zimmer
1138 637 3031 810 zu verlassen und die Lustfahrt nicht
1133 796 2094 975 mitmachen wollten.
1138 927 3067 1119 Santis: Der Teufel hole die Probleme.
1148 1114 3070 1316 Wissen sie Ihre Zeit nicht besser an-
1143 1248 2931 1416 zuwenden mit zwei Frauen,von denen
1634 1385 2284 1488 mit ein bekent
1160 1411 3029 1562 doch nur die Eine Ihre Geliebte ist.
1153 1558 3062 1749 Andrea: Idh gestehe meine Schuld ein,
1157 1752 2979 1891 ein ander Mal werd ich klüger sein.
1155 1869 2883 2044 Aber da es nun einmal geschehen -
1148 2022 3050 2205 Santis: Nun rasch,sehen Sie doch, die
1150 2159 2935 2334 Schüssel werden schon aufgetragen.
1157 2303 3050 2492 Andrea: Es sind nur kalte, die können
1160 2475 2993 2645 warten. Und Sie lösen die Sache mit
1169 2629 1742 2806 einem Wort.
1177 2777 2931 2955 Flaminia; Doch steht es noch nicht
1160 2945 2521 3120 fest, ob wir uns dem fügen.
1169 3082 3041 3283 Andrea: Ich glaube,Sie können nichts
1157 3242 2907 3412 Besseres tun. Denn wenn Sie Beide
1174 3395 3003 3578 Recht behalten wollen,so ist es für
1172 3566 3005 3724 Beide vielleicht und gewiss für die
