3448 4168
2670 334 2802 476 83
906 526 2865 729 muss es sagen, so mussich ihm auch das
926 711 2124 876 letzte Wort überlassen.
937 807 2724 1053 Anina: Nein. Nur ich habe hier das
934 995 2066 1167 letzte Wort zu sprehe
939 1109 2979 1367 Andrea: nu Törichte. Meinst du wirklich,
952 1276 2911 1493 es ginge noch um dich? Ich kenne dich
962 1455 2746 1625 nicht mehr. Du bist mir weltenfern.
962 1600 2769 1805 Für Andere steh ich ein mit diesem
1430 1681 2521 1815 bei Frauen.
972 1739 2967 1926 Degen. Und wenn Audrea Bassi mit Casa-
977 1886 2898 2073 nova ficht, – so geht's nicht um Anina
985 2053 2989 2276 und Flaminia-und Casanova fühlt das so
990 2202 2997 2440 wie ich.Drum wird er sich nicht länger
1028 2341 2901 2554 einem Kampf versagen, der ausgekämpft
1015 2572 1640 2724 werden muss.
1025 2648 2926 2908 Casanova: So edler Aufforderung kann
1028 2827 2964 3000 ich nicht widerstehen. Hier meine Hand,
1028 2959 2969 3174 Herr Andrea Bassi, (er reicht sie ihm)
1035 3205 1504 3351 und nun
