3464 4200
2886 291 3003 438 52
1018 453 1571 632 ren haben?
1013 555 3010 764 Casanova: Offenbar hat er mich aus dem
1016 732 2278 934 Fenster steigen gesehen,
1011 901 2356 1103 Andrea: Aus dem Fenster...
1021 1038 2737 1223 Casanova: Aus Flaminias Fenster.
1023 1190 3008 1407 Andrea: Wie sind Sie dort hineingekom-
1006 1399 1247 1534 men?
1016 1487 2933 1703 Casanova: Es gibt nichts Einfacheres.
1013 1693 2794 1872 Andra: Wie konnten Sie es wagen...
1028 1820 2946 1977 Wenn sie um Hilfe geschrieen hätte...
1036 1950 2859 2219 Casanova: Wieso um Hilfe,da es eine
1011 2126 2134 2323 abgemachte Sache war?
1021 2248 2988 2483 Andrea: pas ist - Was nennen Sie abge-
1016 2463 1367 2605 macht?
1036 2515 2886 2789 Casanova: Wie man sol he Dinge abzu-
1018 2719 3015 2911 machen pflegt.Blicke,Lächeln - und als
1028 2871 2963 3075 sie endlich sagte: Nachts um zwölf ist
1033 3025 2901 3212 er beim Spiel, stehlen Sie sich fort,
1031 3210 2844 3384 ich warte, die Tür wird offen sein
1031 3339 3028 3518 Andrea. Die Türe - Sie sagten eben, dass
1021 3496 2901 3683 Sie durchs Fenster eingstiegen sind.
1028 3665 2978 3862 Casanova: na sie so freundlich war am
