3432 4232
2782 270 3136 495 23/3 0d
589 685 3049 888 Jemand ist sehr eifersüchtig. Will den Liebhaber und
540 884 2949 1048 seine Frau töten. Da erfährt er, dass der Liebhaber
544 991 3004 1187 gar nicht weiss, wer seine Geliebte war und dass die
537 1174 3126 1335 Frau wieder einen für ihren Liebhaber gehalten hat, der
540 1357 1689 1460 am nächsten Tag tot war.
560 1479 2911 1618 Wie nun die Eifersucht in ihm schwindet und er zur
589 1608 3059 1766 Erkenntnis kommt, dass es nur die Eitelkeit war, die
547 1727 2981 1914 Angst vor dem lächerlich werden, die ihn beinah zum
553 1965 1557 2062 Mörder gemacht hätte.
550 2036 3126 2210 Der Liebhaber selbst erzählt dem Gatten sein Abenteuer
550 2148 3023 2428 aus dem dieser entnimmt, dass der Liebhaber von der
556 2377 1801 2518 Person keine Ahnung hatte.
