3432 4232
2788 421 2926 610 22
863 605 2958 805 Fridolin: Nein, sie ist nur etwas nervös.
863 746 2979 970 Peter: Weisst du,wen wir eben gesehen ha.
866 917 2910 1109 ben? Den jungen Mann von gestern. Aber
879 1037 2857 1263 er scheint mir etwas verrückt zu sein.
869 1234 2929 1372 Er stieg eben vor dem Bahnhof aus einem
871 1380 2860 1548 Anto. Ich winkte ihm zu,lief ihm nach,
879 1548 2900 1690 denn Anna wollte so sehr, dass wir ihn
877 1652 3019 1868 für heute Abend wieder einladen. Er rennt
879 1839 3017 2009 aber immer weiter und springt irrtümlich
890 1964 2359 2199 in den Expresszug nach Wien.
885 2124 2796 2332 Fridolin: Wiese irrtümlich? Er wird
890 2279 2985 2500 dich für einen Gläubiger gehalten haben.
879 2433 3019 2662 Er ist ja hier allen Menschen Geld schul-
903 2646 1122 2788 dig.
893 2724 3027 2966 Alma: Du hast ja auch herumgefuchtelt wie
914 2947 1386 3102 verrückt.
909 3051 2916 3329 Fridolin: Also, der Zug ist schon fort?
