3528 4200
2713 253 2870 474 35
1050 467 3016 683 ihy kaum. Der Morgen war heute da, als
1060 655 2902 827 er nach Hause kam. Und ehe ich auf-
1060 787 2448 1000 wachte war er wieder fort.
1077 958 2882 1142 Flaminia: Jetzt kann er doch nicht
1063 1120 2398 1326 spielen in dieser Stunde.
1087 1236 2934 1472 Anina : Es ist seine Art in den Mor-
1085 1393 3078 1601 genstunden allein spazieren zu wandeln
1085 1584 3011 1787 Flaminia: So ist es wahr, was gestern
1102 1703 2939 1897 einer sagte, dass er ein Philosoph.
1177 1864 1844 1984 Oder gar ein P.M.
1097 1877 2907 2051 Freilich, dafür sieht er etwas jung
1097 2023 2855 2242 aus.Nun,Sie verdienen ja einen so
1120 2177 3071 2368 jungen hübschen Menschen. (Freilich so
1112 2309 3004 2527 lustig ist er nicht wie Santiss ist.
1127 2482 2468 2698 Ich kannte einmal einen.
1130 2756 2937 2977 Santiss kommt.Gross,robust,laut,40
1139 3004 1450 3135 Jahre.
1130 3103 2999 3294 Santiss: Verzeihung,dass ich in Ihr
1132 3260 2954 3483 Zimmer komme. Ich dacht es mir, dass
1137 3408 3103 3615 Flaminia bei Ihnen ist. Ich könnte ei-
1154 3580 3093 3759 fersüchtig sein, wenn Sie ein Mann wä-
