6664 4056
867 165 2681 489 Bom. Also wiss Sie -
963 368 2974 673 Garen: Ich habe nie geb.
960 567 3040 832 Sterni. V. - - Uhr higleute
870 776 3024 1041 Cacono. Mr albr, weil in leven
835 948 3202 1425 aussicht. - Sie, wie sie könne
867 1203 3202 1565 zu tiefes dagen gibte von Klornage.
910 1450 2868 1821 o efff trouv de le Tuy.
879 1671 2572 1967 Bon. Sie habe ihr - -
907 1973 1715 2210 Craur Ja. -
1010 2026 3180 2363 Bossi: Spuarwalt! - Nun auch
1044 2241 3099 2566 In me waf orgeth - Mir
963 2450 3133 2778 worhme so was - do
879 2800 3223 3080 urf hf toft touson Vikel
998 2980 3305 3255 Ces. - Tis fahcie bsam forvoy
1038 3174 2896 3492 eitlich hie- ein Früher sah.
932 3386 3155 3725 in A J Chorall. -. He y Sien
3541 190 5958 536 Als, he know auch auf drei! (it
3538 418 5855 733 es scheint, sie bett Frs! -) die hat
3541 645 5758 920 Sie luttsmal in d. J. Schlep
3838 820 5758 1110 Ihr Stimm gel  nicht gehört
3598 1035 5281 1337 up wufl s havrige
3735 1247 5664 1543 eben Stadt. kann hatt acht.
3669 1475 5830 1743 was u sie noch hinwied sieht, sie
3619 1646 5116 1917 Sie - leicht vorleran -
3573 1833 5892 2176 Bam. Hier sind d 100 Buhnten
5845 2101 6400 2285 Weategend
3644 2058 5465 2379 - im Wortsamter-Sie! -
5777 2217 6313 2360 Na Geliebt
5618 2288 6403 2460 vnillings you have
5509 2341 6353 2619 geboren. Hile täte sie
3735 2478 5044 2775 Bam Hauvels
3831 2669 6332 3021 Hier ist Straf. - Wis kam indem
3788 2943 4424 3183 Otik -
3775 3015 5986 3411 konnte. dienst. Er soll k
3937 3326 5855 3722 fallt til set. I am
4100 3560 4835 3856 such! -
5019 3548 6353 3869 Ich reif ihn noch!
