3432 4232
2807 340 2922 496 31
1037 518 2927 711 Anina: Herr Gudar sagt, dass Casanova
1032 677 2809 841 gestern so viel Geld verloren hat.
1034 873 2978 1012 Flaminia: An Santiss nicht, der ist zu
1037 985 3000 1132 klug dazu. Der spielt nur bar mit Leu-
1037 1203 2191 1293 ten wie Herr Sasanova.
1037 1259 2993 1457 Anina: Sie sprechen heute so bös über
1039 1494 2890 1592 ihn. Und gestern schien er Ihnen zu
1049 1653 1628 1768 gefallen...
1061 1672 2900 1917 Flaminia: Der gefallen? Ja,für eine
1059 1956 1379 2144 Nacht.
1051 1980 2729 2213 Anina: Das ist auch schon etwas.
1059 2232 2897 2399 Flaminia: Gar nichts ist das. Darauf
1059 2413 2929 2526 werden Sie schon einmal kommen. San-
1066 2501 3005 2702 tiss gefällt mir nicht und doch könnt
1066 2653 2836 2826 ich nicht von ihm los.Manchmal war
1078 2814 3007 2990 ich freilich schon monatelang von ihm
1073 2939 2866 3171 getrennt.Aber man findet sich eben
1076 3103 2905 3291 wieder und erzählt sich seine Aben-
2511 3242 2802 3355 Bell lieger
1438 3267 2482 3364 Has ist das Cästepl. zu sein im
1078 3352 2939 3435 teuer. und das Oberbewer in gestern erschlaßen
1078 3403 2819 3599 Anina: Er ist nicht eifersüchtig?
1086 3560 2976 3765 Flaminia: Er war’s einmalman muss es
1093 3731 2873 3924 ihnen abgewöhnen.Tun Sie's auch so
