3480 4216
2742 324 2871 514 71
1054 538 3010 784 Wagen bestellt,er wird uns die Antwort
1052 728 2313 911 nicht mehr geben können.
1069 852 2788 1081 Santis: Warum? Er werd. Er wollte
1064 1032 2968 1198 fort, das ist richtig. Ich bin eben an
1081 1183 2932 1368 seinem Gasthof vorbei, als er in den
1093 1334 2922 1502 Wagen steigen wollte. Er schien sehr
1113 1495 2822 1668 eilig und als er mich kommen sah,
1105 1631 2990 1838 hiess er den Kutscher auf die Pferde
1127 1756 2847 1987 einhauen. Aber ich winkte und rief
1120 1929 3056 2109 und lief herzu.Da musste er wohl oder
1132 2060 3066 2277 übel stille halten,war zuerst ein we-
1135 2235 2888 2450 nig kühl mit mir in Erinnerung an
1152 2381 3080 2581 das Geld, das ich ihm gestern abgenom-
1152 2535 3051 2735 men, dann aber liess er sich doch be-
1157 2688 3117 2898 reden und blieb mit Wagen und Pferden
1169 2907 1342 3063 da.
1186 3046 2038 3251 Anina: pr blieb?
1203 3190 2510 3382 Flaminia: Wo ist er denn?
1198 3331 3129 3533 Santis: Ich wollt ihn gleich mitbrin-
1210 3484 3041 3662 gen. Doch eitel wie er ist wollte er
1208 3640 3012 3833 nicht in dem peiseanzug bei unserm
