3384 4168
2701 386 2836 532 43
880 473 2936 711 Anina: Nichts wurde besprochen. Ihr gingt
864 657 2696 859 alle zum Spiel, ich auf mein Zimmer,
862 793 2870 985 stand dann am offenen Fenster, der Park
1222 959 2685 1031 Ich vor nachten die Lüft vor schweichlerisch.
872 1010 2558 1174 war leer...Da kam einer über den
857 1174 2754 1297 Kies, ich verbarg mich. In der Sekunde
867 1271 2581 1517 drauf sprang er herein und blieb.
857 1473 2800 1665 Andrea: Eine Fabel - alles... Flaminia
857 1629 2708 1800 hat dirgeraten,du sollst mich eifer.
852 1798 2870 1931 süchtig machen. Wozu? Weil ich dich über
849 1931 2164 2123 dem Spiel vernachlässige?
844 2072 2685 2256 Anina: Alles wahr.Warum willst du’s
870 2192 2581 2430 jetzt nicht glauben, da du es doch
841 2361 2238 2509 immer für möglich gehalten.
826 2496 2826 2729 Andrea: Freilich, da du doch auch deine
831 2708 2683 2818 Eltern so gut zu betrügen wusstest
1389 2798 2128 2898 min in if it di murs vor..
834 2844 2448 3033 ich musste darauf gefasst sein.
836 3005 2350 3182 Anina: Das war doch für dich.
821 3110 2711 3353 Andrea: Und nun für Casanova. Nun, es
831 3327 2721 3509 ist gut,hier liegt mein geld,behalte
818 3440 2841 3673 es,tu was du willst,die paar Goldstücke
816 3647 2808 3844 steck ich mir ein, ich werde mein Leben
