3464 4184
2901 296 3043 509 79
1134 511 3075 696 die nächste Nacht d### wunderbaren Jüng
1137 676 3081 876 lings Liebste sein? Nur Eine darf es,
1131 845 2967 980 sein. Doch diese soll’s auch werden.
1131 1002 3156 1167 Nur so erhält die Fabel ihren richtigen
1131 1180 3121 1314 Schluss. Sonst finge eine neue an oder
1131 1299 2334 1468 sie verpufft ins Leere.
1131 1445 3141 1610 Casanova: Wenn sie denn so streng sind,
1137 1635 3073 1749 so rechnerisch, so geizig könnte
1131 1785 3078 1914 man fast sagen,Herr Andrea Bassi, und
1137 1944 2972 2073 eine trockene philosophische Antwort
1137 2058 2906 2192 wollen, statt eine jener Antworten,
1137 2222 3070 2387 wie sie das Leben selbst gibt,so will
1144 2392 3030 2529 ich versuchen mich in Ihre Denkart zu
1131 2516 3070 2688 fügen, und finde das problem wie folgt
1142 2665 3129 2873 gelöst. Er besass Maria in der vorigen
1139 2843 3025 3002 Nacht und dachte Teresinas.So bleibt
1144 2989 3156 3113 denn nichts übrig in der nächsten Nacht
1137 3111 2977 3324 muss er Teresina besitzen und immer
1139 3313 3101 3465 der Mariadenken. (mit einem zärtlichen
1144 3445 1957 3622 Blick auf Anina
1144 3622 1534 3736 ndraax
1152 3610 3187 3850 Santis: Vortrefflich,wir wollen’s gelt
