3416 4200
2497 245 3027 463 herr 1911
153 398 1676 735 Casauvre Huitueuf Spaa
2549 435 2846 588 Den
2479 573 2886 720 ment soin.
107 496 2270 858 dit ist Bassi mit seine foliebte Heimelle
2445 686 2978 827 Zil Vorwint
101 766 1771 1042 was delay with I ocline.
2580 781 2990 953 sul. je in
126 824 2494 1180 Abord in Hrolsaal land on for können
2595 895 3076 1078 v st p s
172 1017 2365 1287 verliebt sich nicht fürch in Eveline, aber
2659 1011 3015 1195 sulvent
138 1140 2304 1517 knegst in som Meiss will be on.
1556 1333 2662 1618 hieltetf, Casouon
239 1434 1532 1679 B am gouvernet an
1379 1544 2194 1789 in ihn) sondere
236 1639 1253 1835 verliegt (nicht p.
211 1756 1912 2007 ewer Weger taisend die kalte.
270 1841 2476 2212 Noosss paigt er in Tompa, je Evelus
245 2037 2408 2359 was in plaibt - tf ift and Heurielle
236 2347 2399 2635 Henriette schritt nach Brief und sondern ihn
270 2528 2126 2849 durch omen Rallen an Camara!
319 2653 2531 2975 Eveline durent, j'espracha et Eaoué
334 2846 2800 3082 ein entzeidend konnte. - Al verflicht sind nicht. -
2788 2999 3061 3177 Ban
316 3030 2647 3309 Henriette: Ich tät ihn - und gaffert er mir einmal.
2714 3183 3192 3346 hat to me
346 3238 2482 3499 Ihr unterigelegenden - so kommt es mir sei
2770 3275 3021 3465 titil.
343 3373 2601 3649 ein Nacht sein! Lange wicht – ihm
2754 3434 3137 3585 with a
2773 3533 3156 3732 will for
380 3529 2111 3817 Bani gehört wie sei auf den
576 3756 1955 3952 Man hielt im gester sein Schwester
680 3842 2197 4026 Mit uns zeit ich sehr ist mitt fernen
