3528 4232
2706 361 2855 460 24
1000 472 2021 667 Peter und Fridolin.
1003 639 2761 887 Fridolin:Welche Frau hat grössere
1013 813 2198 1038 Rechte auf einen Mann?
1005 942 2882 1137 Die, deren Bild er mit sich trägt in
1031 1086 2819 1311 der Einbildung sie besessen zu ha-
1033 1329 1225 1503 ben
1043 1400 3077 1634 oder die, die er wirklich besass und von
1056 1581 2216 1761 der es es nicht weiss.
1046 1682 3072 1902 Peter: Ich glaube, sie haben dasgleiche.
1051 1847 2860 2109 Oder: Man müsste-ihn aufklären und
1076 2046 1920 2236 er hat die Wahl.
1076 2162 3077 2395 Oder die Frauen müssten sich unterein-
1079 2385 1826 2544 ander einigen.
1079 2493 2764 2690 Eventuell wird Alfred verhaftet.
1081 2653 2690 2852 von welcher werde ich träumen?
