3512 4232
2831 321 2977 430 25
1079 471 2977 663 Fridolin: Nun weiss er’s ja. Bist du
1074 688 1628 833 zufrieden?
1094 748 3018 1057 Fanny: Du aber kannst es nicht ertra
1098 1011 1322 1147 gen.
1101 1059 3055 1276 Alma: Ich bin die einzige, die schlimm
1108 1220 3055 1414 dran ist.Ein Ausweg. Ich und Fridolin
1118 1385 2960 1597 gehören gewissermassen zusammen. Bis
1103 1516 2972 1771 morgen Früh kann alles ausgeglichen
1123 1733 3052 1912 sein. Ihr habt einander nichts vorzu-
1140 1844 3069 2036 werfen und kommt entsühnt und wohlge-
1135 2007 2398 2204 Baunt zueinander zurück.
