3448 4232
522 645 2748 837 Er allein, hat eben seinen Freund holen lassen.
525 827 3010 1023 Ich habe heute Nacht aus dem Fenster meiner Frau den
548 973 3136 1203 Jungen Edgari kommen sehn, ich will ihn fordern, töten,
542 1170 1366 1362 bin toll vor Wut.
538 1312 1176 1515 Bedenke etc.
535 1435 2213 1665 Plötzlich lässt sich Edgar melden.
538 1558 2824 1804 Edgar: Du musst mir Geld leihn, ich muss flechn,
552 1764 3010 1984 der Boktor A. lauert mir auf, ich weiss, er hat mich
548 1910 3047 2087 heute Nacht aus dem Fenster seiner Frau steigen sehn.
555 2057 2974 2276 Oderä verzeihn Sie, dass ich mich an Sie wende, wir
558 2216 3070 2429 kennen uns nur so flüchtig. Sie sassen mit Ihrer Frau
558 2405 2784 2585 an einem Tische und mit Ihnen Dr. A. und seine.
545 2518 3097 2734 Der Ehemann merkt also, dass Edgar die bei
571 2685 3020 2891 den Frauen verwechselt hat und für ihn der Doktor A.
562 2821 3233 3017 der Betragene ist. Hiedurch wird sein ganzer Standpunkt
581 2994 3050 3170 verändert, er gibt ihm das Geld und sagt seiner Frau
1346 3120 1522 3216 rus
578 3123 2920 3346 gar nichts. Der à Er michtheilt, daß durcht ist - worauf
645 3220 2954 3525 Ihn unterist: Jetzt soll er viel und Bewptrem haben.
