3512 4200
2877 411 3004 517 42
1008 590 1357 782 Brief?
1027 738 2864 907 Anina: Dass ich ihn nie wiedersehen
1008 884 2960 1081 will, dass diese eine Nacht die letzte
1014 1045 1720 1224 bleiben muss.
1021 1143 2438 1383 Andrea: Diese eine Nacht...
1016 1323 2583 1533 Anina: Ich war seine Geliebte.
1021 1507 3025 1674 Andrea: Man scherzt mit solchen Dingen
1021 1681 1362 1843 nicht.
1027 1772 2981 1962 Anina: Kein Scherz. Ich fühle, dass ich
1024 1965 2926 2113 dir's nicht verhehlen könnte auf die
1027 2139 2887 2295 Dauer, dass ich nie wieder dein sein
1040 2251 2448 2432 dürfte, ohne dass es weisst.
1037 2391 2461 2625 Andrea: Bist du wahnsinnig?
1040 2542 2243 2775 Anina: Du weisst alles.
1040 2690 2942 2937 Andrea: So viel wie nichts,auch wenn
1047 2895 1697 3067 es wahr ist.
1050 2970 3035 3196 Anina: Alles Und es ist aus. Nie wieder
1047 3186 1676 3373 eine Gefahr.
1052 3293 3085 3516 Andrea: Gestern sahst du ihn zum ersten
1045 3459 3041 3662 Mal. Ihr bespracht es an dem Tisch,wäh-
1050 3620 3139 3864 rend ich dabei sass? Nun ja, Euere Bliche
