3496 4216
2773 345 2911 526 78
966 511 2869 710 stellt. Nicht von des Jünglings Rech.
969 710 2874 878 ten war die Rede, nein von der Frauen
974 845 2896 1042 Anspruch auf den Jüngling.Sie,Casano-
986 1034 2871 1180 va, nehmen an, dass diese Frauen sich
984 1155 2924 1329 geneigt fühlen könnten sich in ihm zu
1998 1266 2393 1374 retmer.
981 1346 2806 1464 teilen. Doch wir wollen ja annehmen,
986 1464 2969 1631 dass es edle Frauen sind, denen solcher
976 1618 2755 1764 Gedanke nur Grauen erregen könnte.
979 1769 2821 1938 Sie,Herr Bantis,nahmen an,dass Jede
986 1932 2919 2086 ohnweiters sich damit abfinden könnte
991 2088 2838 2237 auf ihn zu verzichten und dass jede
1004 2214 2926 2383 von ihnen sich schon damit beschiede,
1001 2395 2926 2549 dass auch die Andere den Anspruch auf
1006 2546 2796 2677 ihn aufgibt. Aber da wir wohl auch
1004 2660 2931 2861 annehmen müssen,dass beide ihn liben,
1006 2828 2899 3004 beide nach ihm verlangen,so ist auch
1009 3027 2823 3158 diese Lösung matt und eröffnet Aus-
1006 3181 2911 3309 sicht auf ein neues spiel von Listen
1017 3294 3037 3450 oder Trug. Was Lösung schien ist nichts
1014 3462 2964 3631 als neue Frage. Uns aber kommt es auf
2380 3558 2642 3671 inmal
1032 3598 3037 3880 die Antwort an. Duum noch xxx Wer darf
