3512 4200
2735 336 2879 584 39
1022 506 2856 701 den haben was miteinander zu reden.
1015 665 2894 835 Wir werden auch Casanova auffordern.
1015 822 2859 1032 Flaminia: yst es Ihnen recht,Anina?
1012 989 2484 1133 Anina: Wie es Ihnen beliebt.
1022 1126 2439 1300 Fläminia: Und Ihnen Andrea?
1009 1283 2907 1460 An drea: Ladet Leute ein so viel Ihr
1007 1440 2990 1591 wollt. Warum nur ein Wagen? Sechs.Zehn.
1007 1579 2930 1733 Die ganze Gesellschaft hier soll mit.
994 1736 1903 1895 Alle meine Gäste.
994 1890 2426 2075 Santiss: Ist das Ihr Ernst?
997 2027 2983 2216 Andrea: Draussen im Wald ein Fest.Wein
997 2206 2932 2429 Frauen - alle - alle! Wissen wir wie
999 2343 2968 2578 lange wir leben. Auch Degen mitnehmen.
1060 2479 2555 2596 und nicht in Walde müssen – dann nur Ge¬
984 2538 2920 2707 Man kann nie wissen,wie so eine Lust-
1002 2654 1779 2826 partie ausgeht.
984 2753 2775 2985 Santiss: Mit dem nimmt’s ein übles
984 2950 3013 3150 Ende. Wir wollen bald wieder herschauen
999 3112 1890 3264 (mit Flaminia ab)
