3384 4200
2703 346 2833 501 53
869 503 2885 755 Fenster meiner zu warten - Sie lachen?
877 700 2672 891 Andrea: Ich wette, es war gar nicht
877 811 2711 1018 Flaminia. Ihr Kammermädechens war's.
871 1024 2824 1201 Ich glaube nicht, dass Flaminia so un-
882 1131 2855 1361 vorsichtig ist, da sie doch santiss Ei.
1931 1317 2866 1497 As as all letter he has him in the
882 1317 1842 1505 fersucht kennt.
2155 1414 3151 1510 esttout... Neu-desser -deh né
891 1499 3115 1643 Casanova: Sie war's. Von weitem schon
888 1591 2827 1831 habe ich ihre Figur erkannt. Ihre Züge
891 1784 1707 1956 freilich nicht.
905 1934 2692 2141 Andrea: Trug sie die Perlenschnur?
1964 2003 3112 2122 Om der frühe die Rede ein muß.
918 2113 2429 2221 Casanova: Die trug sie nicht.
905 2194 2808 2376 Andrea: und Sie haben die Schnur bei
910 2401 1568 2617 Tag gesehen?
921 2501 2763 2763 Casanova: Wie sollt ich nicht...Wir
921 2620 2935 2844 sprachen noch davon. Sie waren ja dabei
913 2811 2869 3032 Herr Santiss fragte mich, wie hoch ich
918 2979 2882 3170 diese Perlen schätze. Und eben während
929 3120 2772 3311 er die Perlen in der Hand hielt und
927 3250 2916 3469 Ihre liebenswürdige Gatt ön,Herr Bassi,
935 3411 2957 3621 sie zwischen den Fingern gleiten liess,
935 3591 2835 3795 flüsterte mir Flaminia zu:Heut Nacht
941 3779 2780 3936 um zölf. Aber wozu braucht ich die
