3528 4200
2766 294 2893 493 51
976 472 2809 771 Casanova: (Mit einem Edelmann meinen
970 679 2957 876 Degen zu kreuzen bin ich jederzeit be-
978 873 2761 1083 reit... Aber mich meucheln lassen -
988 1057 1269 1203 nein.
988 1170 1943 1384 Andrea: Was also -
999 1331 2743 1530 Casanova: Herr santiss ist so ge.
1004 1430 2896 1652 schmacklos eifersüchtig zu sein, wenn
2104 1499 3266 1632 . Es gibt Weiber - er Merelin beiflung
1019 1617 2893 1790 es ihm gerade passt. Heute Nacht war
1022 1711 2909 1966 ich bei Flaminia und von ihr erhalte
1032 1874 2919 2122 ich eben einen Brief, in dem sie mich
1027 2046 3021 2286 beschwört sofort Spa zu verlassen,weil
1024 2176 2929 2457 Herr Santis die Absicht hat mich zu
1042 2293 3054 2554 erschlagen. Nun würde mir auch das keine
1044 2485 2988 2755 Angst machen. Ich weis auch Mördern zu
1055 2692 2891 2888 entgehen. Aber schliesslich wäre es
1044 2753 3062 3067 möglich, dass ich dann Herrn Satt ist um
1057 2904 3013 3205 bringen muss. Und da mich Flaminia so
1070 3116 3062 3363 sehr beschwört und nicht viel gewonnen
1073 3223 2970 3511 ist,wenn ich hier bleibe,so will ich
1080 3473 2178 3667 ihren Wunch erfüllen.
1098 3578 3151 3892 Andrea: Und wie sollte Santiss es erfah
