3464 4232
2664 481 2798 612 17
847 601 2993 820 Fridolin: Mein Freund hätte ja Recht,wem
845 815 1740 978 er Sie umbrächte.
845 967 2902 1098 Alfred: Zweifellos. Aber Sie vergessen,
853 1098 2814 1285 dass nicht nur mein Sch icksal auf dem
845 1277 2905 1438 Spiel steht. Die arme Frau! Er weiss ja
853 1403 1847 1595 nichts, er ahnt nur.
861 1553 2755 1721 Fridolin: Was heisst denn das alles?
855 1713 2718 1892 Alfred: Wenn Sie erlauben zeige ich
869 1860 2785 2071 Ihnen den Brief. (gibt ihm den Brief
895 2028 2769 2199 (Es ist besser,wenn Fanny ihn in der
874 2181 2811 2368 ersten Szene nicht laut liest,so dass
911 2346 2721 2515 jetzt erst der Inhalt bekannt wird.
879 2493 2493 2678 Fridolin(steckt den Brief ein).
885 2643 2371 2811 Alfred: Was fällt Ihnen ein?
877 2822 2894 2964 Fridolin: Sie scheinen ein etwas unvor
890 2972 2852 3143 sichtiger Herr zu sein. Ich werde den
893 3129 2854 3279 Brief der Schreiberin wieder zurückge
890 3231 2900 3434 ben. Hier sind die tausend Francs. Und
898 3410 2985 3605 reisen Sie so rasch wie möglich. Nun be-
911 3568 1905 3779 greife ich manches.
