3448 4232
2747 409 2900 588 14
818 577 2940 796 Fanny (stürzt ihm zu Füssen) Verzeih mir!
826 770 2416 946 Fridolin: So ist es also wahr?
828 874 2734 1128 Fanny: Du hast ja den Brief gelesen.
828 1090 2304 1245 Fridolin: Was fällt dir ein.
842 1195 2988 1406 Fanny (nimmt das zerknüllte Papier,es ist
845 1376 2961 1561 ein weisses Blatt) Du! Du! Nichts ist ge-
845 1561 1288 1726 schehen.
847 1686 2857 1860 Fridolin: Zu spät. Ich habe heute Nacht
863 1857 2763 2020 die Bank gesprengt. Das war mir gleich
861 1988 2814 2167 verdächtig. Als ich um drei nachhause
863 2106 2924 2336 kam schliefst du so fest, dass ich gleich
866 2325 2873 2507 merkte, du wärst eigentlich wach. Also,
871 2435 2726 2643 es hätte dieses Briefs nicht einmal
879 2638 1815 2795 bedurft. Leb wohl.
877 2766 2574 2958 Fanny: Du willst mich verlassen?
278 2787 738 2948 & Mc Wais dir
318 2913 633 3007 möglich.
887 2934 2475 3138 Fridolin: Was glaubst du denn?
302 2953 786 3084 = ich weissellet
281 3041 783 3146 nicht - ich stand
885 3057 2950 3276 Fanny: Es war ein Rausch. Ich liebe nur
281 3113 783 3231 beim Fenster.
278 3188 724 3301 du nacht u ar
267 3250 778 3378 mild - plötzlich
890 3258 1163 3407 dich.
278 3349 722 3480 war er da!
890 3343 2884 3573 Fridolin: Und so ein Mensch. Ein Lump,
901 3538 2801 3712 ein Nichtstuer. Ich habe gesehen wie
