3416 4296
2607 420 2738 604 76
909 635 2971 843 Casanova: Ich will des richterlichen An-
914 830 2874 986 tes würdig sein. Man könnte sagen, dass
917 950 2943 1155 die jenige das meiste Recht auf ihn/hat,
925 1130 2187 1355 Andrea: so sprechen Sie.
925 1237 2930 1521 Casanova: Es ist ja klar,die Frage ist
930 1414 2728 1644 zu leicht. Es kann gar kein Zweifel
945 1601 2774 1790 sein. Der junge Mann hat ein wohlbe-
955 1752 2310 1931 gründet Recht auf - beide.
955 1908 2031 2116 Flaminia: Auf beide?
968 2021 2966 2208 Casanova: Denn im Augenblick, da er die
981 2192 2825 2369 Wahrheit erfuhr, verliert er ja auch
984 2285 3004 2507 die Eine, die er besass. Die Andere aber
999 2477 2884 2712 die noch nicht die Seine war,gebührt
1001 2689 1788 2871 ihm jedesfalls.
1007 2725 2999 3007 Santis: Es scheint, sie nehmen sehr die
999 2961 2853 3166 Partei des jungen Mannes.Man könnte
1022 3112 2956 3296 die Frage auch anders lösen. Auf Keine
1022 3294 1713 3455 hat er Recht.
1032 3447 2090 3596 Flaminia: Auf keine?
1037 3542 2981 3783 Santis: Gewiss, denn beide waren sein.
1037 3711 3056 3934 Die Eine, weil er wirklich sie in Armen
