3464 4216
2771 368 2901 524 34
1044 546 2227 745 Anina: Für Schwestern?
1061 686 2805 916 Flaminia: Ja Sie und mich. Und es
1063 838 2859 1054 muss wohl etwas dran sein, denn ich
1063 978 3036 1218 fühle mich Ihnen so zugeneigt wie sel-
1071 1171 2920 1323 ten einer Frau, die ich nicht länger
1071 1274 2967 1531 als drei Tage kenne. Wie schade, dass
1078 1419 3014 1664 sich unsere Wege bald trennen werden.
1085 1642 1987 1806 Anina: wer weiss.
1078 1752 3001 1958 Flaminia: Wir fahren morgen ab. Nach
1083 1916 3038 2156 Deutschland, Meinem Catten ist kund-
1098 2065 2788 2266 getan, dass zwei reiche Engländer
1110 2185 2893 2416 nach Homburg kommen, jungeLeute mit
1117 2352 3009 2568 vielem Gold ausgerüstet und begierig
1112 2516 2901 2734 es auf gute Weise zu verschwenden.
1120 2656 3011 2896 Kennen Sie schon Ihr weiteres Reise.
1115 2874 1416 3040 ziel?
1149 2979 3006 3185 Anina: Nein. Andrea ist von plötzli-
1132 3141 2095 3352 chen Entschlüssen.
1129 3298 2874 3513 Flaminia: Doch hier gefällt’s ihm
1137 3479 1423 3687 wohl?
1142 3621 3038 3827 Anina: Ich weiss es nicht.Nun hat er
1156 3756 3087 3974 sich ganz ans Spiel verloren. Ich sehe
