3384 4152
2677 320 2821 486 90
926 448 2921 735 Casanova: Es ist nicht scherz,wenn Sie
941 624 2828 820 das von Nina sagen.Denn am Ende gibt
941 778 2952 1001 es nur eine Art von Treue:- Wiederkehr.
939 976 2959 1122 Ontreue aber ist höchst vielgestaltig.
939 1100 2894 1313 gibt sich in sehnsucht, Wunsch und Ta¬
1882 1248 2300 1344 sich rübres
946 1258 2941 1442 ten kund. Und die geschah ist nicht die
949 1444 2833 1648 schlimmst' von allen.Was wir mit Au¬
956 1545 2796 1774 gen sehn, mit Händen greifen ist nie
981 1744 2798 1925 ein böser Feind; was hinter glatter
969 1862 2856 2071 Stirn die Dämmerstrassen ihrer Seele
976 1998 2941 2265 wandelt, was uns entschwebt, was nie Ge.
979 2151 2826 2368 stalt geworden, was nie gelebt ward.
986 2355 2964 2504 ist Drohung und Gefahr.Die Luft um uns
991 2486 2876 2685 ist schwer von Ungelebtem;und trift
1039 2655 1381 2768 Geschehen
991 2650 2823 2831 Gelebtes tötlich auch wie Blitz, die
999 2816 2904 2967 Luft wird reiner und der Himmel klar.
991 2926 2808 3173 Andrea: Und Narren,die sich um den
1004 3130 1283 3218 Toten
996 3092 2848 3299 kümmern, den solch ein Blitz
1004 3301 1437 3462 gefällt.
1006 3389 2916 3583 Casanova: Sehr wahr,mein Bester, denn
1022 3548 3027 3759 er war niemals wert zu leben und hinzu-
