3464 4248
2677 292 2996 535 1909
730 764 1325 933 Hotelzimmer.
738 920 2704 1072 1. Fanny,Fridolins Gattin (Geliebte?) und
877 1049 2553 1233 Amelte,Leopolds Gattin im Gespräch.
754 1204 2630 1420 Ueber den bisherigen Aufenthalt hier im
764 1373 2601 1544 Ort.Riviera? Ueber die baldige Abreise.
772 1539 2814 1707 Vielleicht verbirgt Fanny einen Brief, wenn
759 1702 1539 1871 Amelie eintritt.
767 1829 2669 2013 Gestern ist es erst annimuert geworden.
764 1987 2743 2187 Sie sprechen über den Jungen Menschen,Al¬
783 2132 2709 2327 fred, der ihnen gestern vorgestellt wurde,
780 2327 2353 2485 über das Souper auf der Terrasse.
780 2427 2719 2632 Fanny und Amelie wohnen Zimmer an Zimmer.
775 2619 2740 2764 Fanny zu Beginn: Ich hätte Dir ja gleich
780 2738 2588 2933 die Verbindungstüre aufsperren können.
777 2917 2893 3070 Möglich.dass Fanny schon vorher rasch durch
1128 3057 2790 3231 das Stubenmüldchen rasch einen Brief
785 3225 1628 3433 wegschicken lässt
