<?xml version="1.0" encoding="UTF-8" standalone="yes"?>
<PcGts xmlns="http://schema.primaresearch.org/PAGE/gts/pagecontent/2013-07-15" xmlns:xsi="http://www.w3.org/2001/XMLSchema-instance" xsi:schemaLocation="http://schema.primaresearch.org/PAGE/gts/pagecontent/2013-07-15 http://schema.primaresearch.org/PAGE/gts/pagecontent/2013-07-15/pagecontent.xsd">
    <Metadata>
        <Creator>prov=READ-COOP:name=TrHtr:version=2.1.0:model_id=51170:date=29_07_2023_16:56</Creator>
        <Created>2023-05-10T13:12:16.222+02:00</Created>
        <LastChange>2023-07-29T16:56:27.778+02:00</LastChange>
        <TranskribusMetadata docId="1428567" pageId="55409698" pageNr="85" tsid="131450006" status="IN_PROGRESS" userId="64420" imgUrl="https://files.transkribus.eu/Get?id=HTYBEVRAKGJXJJSAYCQGACFN&amp;fileType=view" xmlUrl="https://files.transkribus.eu/Get?id=XJBBLMVNFHKKYQDASFGMKFSP" imageId="44683843"/>
    </Metadata>
    <Page imageFilename="1428567_0085.jpg" imageWidth="3448" imageHeight="4184">
        <ReadingOrder>
            <OrderedGroup id="ro_1711793783184" caption="Regions reading order">
                <RegionRefIndexed index="0" regionRef="tr_1"/>
            </OrderedGroup>
        </ReadingOrder>
        <TextRegion id="tr_1" custom="readingOrder {index:0;}">
            <Coords points="1020,454 3052,454 3052,3752 1020,3752"/>
            <TextLine id="tr_1_tl_1" custom="readingOrder {index:0;}">
                <Coords points="2871,535 2883,535 2899,550 2939,524 2952,524 2964,535 2980,524 2985,530 2995,522 3010,522 3010,421 2967,421 2957,413 2939,431 2921,428 2906,441 2871,446"/>
                <Baseline points="2885,504 2930,507 2975,507 3017,504"/>
                <TextEquiv>
                    <Unicode>82</Unicode>
                </TextEquiv>
            </TextLine>
            <TextLine id="tr_1_tl_2" custom="readingOrder {index:1;}">
                <Coords points="1021,722 2230,671 2574,730 2990,689 2992,603 2731,504 2410,583 1024,598"/>
                <Baseline points="1035,674 1071,674 1116,674 1160,674 1205,674 1250,671 1295,671 1339,671 1384,671 1429,671 1474,671 1519,668 1563,668 1608,668 1653,668 1698,668 1742,668 1787,668 1832,668 1877,668 1921,668 1966,668 2011,668 2056,668 2100,668 2145,668 2190,668 2235,668 2280,668 2324,668 2369,665 2414,665 2459,665 2503,665 2548,662 2593,662 2638,662 2682,662 2727,662 2772,662 2817,662 2861,662 2906,662 2951,665 2996,662"/>
                <TextEquiv>
                    <Unicode>Casanova: Wenn Sie so ungeduldig sind,</Unicode>
                </TextEquiv>
            </TextLine>
            <TextLine id="tr_1_tl_3" custom="readingOrder {index:2;}">
                <Coords points="1011,877 2906,826 2906,740 2544,715 2270,770 1938,712 1014,753"/>
                <Baseline points="1026,838 1032,838 1077,832 1122,829 1166,826 1211,826 1256,823 1301,823 1345,823 1390,823 1435,823 1480,826 1524,823 1569,823 1614,823 1659,823 1704,820 1748,820 1793,817 1838,820 1883,817 1927,820 1972,820 2017,820 2062,817 2106,817 2151,817 2196,817 2241,817 2285,817 2330,817 2375,817 2420,814 2465,814 2509,811 2554,811 2599,814 2644,811 2688,811 2733,811 2778,805 2823,808 2867,811 2912,811"/>
                <TextEquiv>
                    <Unicode>gut.Doch wollen wir's doch lieber in</Unicode>
                </TextEquiv>
            </TextLine>
            <TextLine id="tr_1_tl_4" custom="readingOrder {index:3;}">
                <Coords points="1019,1054 1528,981 2764,996 2790,897 2283,927 2121,854 1986,905 1019,902"/>
                <Baseline points="1032,978 1050,978 1095,975 1140,975 1184,978 1229,975 1274,975 1319,975 1363,972 1408,975 1453,975 1498,975 1542,975 1587,975 1632,975 1677,972 1721,972 1766,972 1811,972 1856,969 1901,972 1945,972 1990,972 2035,972 2080,972 2124,972 2169,969 2214,969 2259,969 2303,969 2348,972 2393,972 2438,972 2482,969 2527,969 2572,969 2617,966 2662,966 2706,966 2751,969 2796,969"/>
                <TextEquiv>
                    <Unicode>der freien Luft draussen abmachen.</Unicode>
                </TextEquiv>
            </TextLine>
            <TextLine id="tr_1_tl_5" custom="readingOrder {index:4;}">
                <Coords points="1008,1198 2486,1143 2486,1059 2437,1039 1011,1054"/>
                <Baseline points="1026,1140 1059,1137 1104,1134 1148,1131 1193,1131 1238,1131 1283,1131 1328,1131 1372,1134 1417,1131 1462,1131 1507,1131 1551,1131 1596,1128 1641,1131 1686,1131 1730,1134 1775,1128 1820,1128 1865,1128 1909,1125 1954,1125 1999,1122 2044,1125 2089,1125 2133,1125 2178,1125 2223,1125 2268,1125 2312,1125 2357,1122 2402,1125 2447,1125 2491,1128"/>
                <TextEquiv>
                    <Unicode>Anina: Halt! ich verbiet es.</Unicode>
                </TextEquiv>
            </TextLine>
            <TextLine id="tr_1_tl_6" custom="readingOrder {index:5;}">
                <Coords points="1016,1361 1130,1381 1176,1356 1323,1361 1505,1290 1584,1323 1611,1315 1611,1201 1579,1186 1525,1206 1475,1181 1376,1216 1338,1201 1206,1221 1150,1201 1016,1247"/>
                <Baseline points="1029,1289 1035,1292 1080,1289 1125,1286 1169,1286 1214,1283 1259,1283 1304,1283 1348,1283 1393,1283 1438,1280 1483,1280 1527,1283 1572,1283 1617,1280"/>
                <TextEquiv>
                    <Unicode>Andrea: Du?</Unicode>
                </TextEquiv>
            </TextLine>
            <TextLine id="tr_1_tl_7" custom="readingOrder {index:6;}">
                <Coords points="1021,1505 2075,1434 2997,1465 2997,1264 1510,1399 1024,1361"/>
                <Baseline points="1038,1441 1080,1441 1125,1438 1169,1438 1214,1438 1259,1438 1304,1435 1348,1435 1393,1435 1438,1435 1483,1435 1527,1438 1572,1438 1617,1438 1662,1435 1707,1435 1751,1435 1796,1435 1841,1432 1886,1432 1930,1432 1975,1432 2020,1432 2065,1432 2109,1432 2154,1432 2199,1432 2244,1432 2288,1429 2333,1429 2378,1432 2423,1432 2468,1429 2512,1429 2557,1432 2602,1432 2647,1429 2691,1426 2736,1426 2781,1426 2826,1426 2870,1426 2915,1429 2960,1432 3005,1435"/>
                <TextEquiv>
                    <Unicode>Anina: Was geh ich dich an? pu weisst,</Unicode>
                </TextEquiv>
            </TextLine>
            <TextLine id="tr_1_tl_8" custom="readingOrder {index:7;}">
                <Coords points="1019,1627 2909,1627 2909,1510 2630,1437 1677,1528 1019,1508"/>
                <Baseline points="1032,1581 1077,1587 1122,1587 1166,1587 1211,1590 1256,1587 1301,1587 1345,1587 1390,1587 1435,1587 1480,1584 1524,1587 1569,1584 1614,1587 1659,1587 1704,1584 1748,1584 1793,1584 1838,1584 1883,1584 1927,1584 1972,1584 2017,1584 2062,1584 2106,1584 2151,1581 2196,1584 2241,1584 2285,1584 2330,1584 2375,1584 2420,1584 2465,1581 2509,1584 2554,1584 2599,1584 2644,1581 2688,1578 2733,1575 2778,1575 2823,1578 2867,1578 2912,1581 2915,1581"/>
                <TextEquiv>
                    <Unicode>ich geh dich nichts mehr an. Ich bin</Unicode>
                </TextEquiv>
            </TextLine>
            <TextLine id="tr_1_tl_9" custom="readingOrder {index:8;}">
                <Coords points="1011,1753 1166,1807 1523,1746 1622,1791 2823,1769 2845,1639 2526,1589 1832,1675 1011,1675"/>
                <Baseline points="1026,1736 1071,1739 1116,1739 1160,1736 1205,1742 1250,1742 1295,1739 1339,1739 1384,1736 1429,1739 1474,1739 1519,1739 1563,1739 1608,1736 1653,1739 1698,1739 1742,1736 1787,1736 1832,1733 1877,1733 1921,1736 1966,1733 2011,1733 2056,1733 2100,1733 2145,1733 2190,1730 2235,1730 2280,1733 2324,1733 2369,1733 2414,1733 2459,1733 2503,1733 2548,1730 2593,1730 2638,1730 2682,1730 2727,1730 2772,1730 2817,1733 2852,1739"/>
                <TextEquiv>
                    <Unicode>frei, meine Ehre,meine zärtlichkeit,</Unicode>
                </TextEquiv>
            </TextLine>
            <TextLine id="tr_1_tl_10" custom="readingOrder {index:9;}">
                <Coords points="1006,1954 1558,1905 1698,1943 1761,1895 2569,1916 2633,1903 2635,1741 2083,1799 1976,1756 1634,1840 1335,1781 1008,1834"/>
                <Baseline points="1020,1889 1065,1892 1110,1889 1154,1892 1199,1892 1244,1892 1289,1892 1333,1892 1378,1892 1423,1889 1468,1892 1513,1892 1557,1892 1602,1895 1647,1892 1692,1892 1736,1892 1781,1889 1826,1889 1871,1889 1915,1889 1960,1886 2005,1883 2050,1883 2094,1883 2139,1883 2184,1883 2229,1883 2274,1886 2318,1886 2363,1886 2408,1883 2453,1883 2497,1883 2542,1886 2587,1886 2632,1889 2638,1889"/>
                <TextEquiv>
                    <Unicode>mein Leben gehört wem ich will.</Unicode>
                </TextEquiv>
            </TextLine>
            <TextLine id="tr_1_tl_11" custom="readingOrder {index:10;}">
                <Coords points="1011,2062 3023,2057 3025,1941 2780,1979 2648,1900 1649,1986 1014,1951"/>
                <Baseline points="1026,2044 1056,2047 1101,2044 1145,2044 1190,2047 1235,2047 1280,2044 1325,2044 1369,2044 1414,2041 1459,2041 1504,2044 1548,2044 1593,2044 1638,2044 1683,2044 1727,2044 1772,2041 1817,2038 1862,2038 1906,2038 1951,2038 1996,2038 2041,2038 2086,2038 2130,2038 2175,2038 2220,2038 2265,2038 2309,2038 2354,2038 2399,2038 2444,2038 2488,2041 2533,2038 2578,2038 2623,2035 2667,2038 2712,2038 2757,2038 2802,2035 2847,2035 2891,2032 2936,2032 2981,2035 3026,2041"/>
                <TextEquiv>
                    <Unicode>Flaminia: Und keinesfalls gestatte ich,</Unicode>
                </TextEquiv>
            </TextLine>
            <TextLine id="tr_1_tl_12" custom="readingOrder {index:11;}">
                <Coords points="2835,2121 2856,2116 2873,2121 2894,2111 2916,2116 2942,2106 2970,2131 2982,2128 3013,2138 3013,2055 2987,2052 2959,2037 2932,2047 2909,2032 2866,2047 2856,2057 2835,2057"/>
                <Baseline points="2850,2097 2894,2097 2939,2097 2984,2100 3020,2097"/>
                <TextEquiv>
                    <Unicode>sich</Unicode>
                </TextEquiv>
            </TextLine>
            <TextLine id="tr_1_tl_13" custom="readingOrder {index:12;}">
                <Coords points="1008,2255 3010,2194 2944,2106 2379,2146 1817,2078 1011,2141"/>
                <Baseline points="1026,2196 1044,2196 1089,2196 1134,2196 1178,2196 1223,2199 1268,2196 1313,2196 1357,2196 1402,2196 1447,2196 1492,2193 1536,2193 1581,2193 1626,2193 1671,2193 1715,2193 1760,2193 1805,2193 1850,2193 1895,2193 1939,2193 1984,2190 2029,2190 2074,2190 2118,2190 2163,2193 2208,2193 2253,2193 2297,2193 2342,2193 2387,2193 2432,2193 2476,2193 2521,2190 2566,2190 2611,2190 2656,2190 2700,2187 2745,2187 2790,2187 2835,2187 2879,2187 2924,2187 2969,2184 3014,2184"/>
                <TextEquiv>
                    <Unicode>dass Herr -Casanova vor morgen Früh in</Unicode>
                </TextEquiv>
            </TextLine>
            <TextLine id="tr_1_tl_14" custom="readingOrder {index:13;}">
                <Coords points="1008,2412 1183,2425 1244,2387 1553,2356 1928,2415 2108,2359 2108,2285 1784,2247 1715,2283 1642,2245 1487,2293 1008,2298"/>
                <Baseline points="1023,2351 1038,2351 1083,2351 1128,2348 1172,2351 1217,2348 1262,2351 1307,2348 1351,2348 1396,2348 1441,2348 1486,2348 1530,2348 1575,2348 1620,2348 1665,2348 1710,2348 1754,2348 1799,2348 1844,2348 1889,2345 1933,2345 1978,2348 2023,2345 2068,2345 2112,2348"/>
                <TextEquiv>
                    <Unicode>solche Gefahr begiht.</Unicode>
                </TextEquiv>
            </TextLine>
            <TextLine id="tr_1_tl_15" custom="readingOrder {index:14;}">
                <Coords points="1016,2579 1568,2511 2815,2513 2850,2331 2486,2387 2341,2344 2083,2435 1016,2455"/>
                <Baseline points="1029,2509 1068,2506 1113,2506 1157,2506 1202,2506 1247,2503 1292,2503 1336,2503 1381,2503 1426,2503 1471,2503 1516,2500 1560,2500 1605,2500 1650,2500 1695,2497 1739,2500 1784,2497 1829,2500 1874,2497 1918,2497 1963,2497 2008,2497 2053,2494 2097,2497 2142,2497 2187,2497 2232,2497 2277,2497 2321,2494 2366,2497 2411,2494 2456,2494 2500,2494 2545,2494 2590,2494 2635,2494 2679,2494 2724,2494 2769,2494 2814,2494 2858,2497"/>
                <TextEquiv>
                    <Unicode>Santis: Es wird für uns nichts mehr</Unicode>
                </TextEquiv>
            </TextLine>
            <TextLine id="tr_1_tl_16" custom="readingOrder {index:15;}">
                <Coords points="1008,2716 2027,2653 2676,2693 2914,2653 2914,2562 1008,2572"/>
                <Baseline points="1023,2653 1041,2653 1086,2659 1131,2656 1175,2656 1220,2656 1265,2653 1310,2659 1354,2659 1399,2656 1444,2656 1489,2653 1533,2653 1578,2653 1623,2653 1668,2656 1712,2656 1757,2659 1802,2659 1847,2656 1892,2653 1936,2653 1981,2653 2026,2653 2071,2653 2115,2650 2160,2650 2205,2650 2250,2650 2294,2650 2339,2650 2384,2650 2429,2650 2473,2650 2518,2653 2563,2650 2608,2650 2653,2653 2697,2647 2742,2647 2787,2647 2832,2647 2876,2644 2921,2644"/>
                <TextEquiv>
                    <Unicode>übrig bleiben.Sehen Sie doch, wie sie</Unicode>
                </TextEquiv>
            </TextLine>
            <TextLine id="tr_1_tl_17" custom="readingOrder {index:16;}">
                <Coords points="1011,2863 2377,2823 2377,2714 2179,2683 1964,2739 1649,2709 1011,2757"/>
                <Baseline points="1026,2811 1041,2814 1086,2811 1131,2814 1175,2814 1220,2811 1265,2814 1310,2811 1354,2811 1399,2811 1444,2811 1489,2811 1533,2808 1578,2808 1623,2811 1668,2811 1712,2808 1757,2811 1802,2811 1847,2808 1892,2808 1936,2808 1981,2805 2026,2808 2071,2808 2115,2805 2160,2805 2205,2805 2250,2805 2294,2805 2339,2805 2384,2805"/>
                <TextEquiv>
                    <Unicode>sich draussen gütlich tun.</Unicode>
                </TextEquiv>
            </TextLine>
            <TextLine id="tr_1_tl_18" custom="readingOrder {index:17;}">
                <Coords points="1011,3025 2273,2962 2557,3005 3030,2970 3051,2906 2633,2818 2263,2909 1824,2858 1163,2916 1014,2863"/>
                <Baseline points="1026,2972 1038,2972 1083,2969 1128,2966 1172,2966 1217,2963 1262,2963 1307,2966 1351,2963 1396,2963 1441,2963 1486,2966 1530,2966 1575,2963 1620,2963 1665,2963 1710,2963 1754,2960 1799,2960 1844,2960 1889,2963 1933,2960 1978,2960 2023,2963 2068,2963 2112,2960 2157,2960 2202,2960 2247,2957 2291,2957 2336,2957 2381,2957 2426,2957 2471,2957 2515,2957 2560,2957 2605,2957 2650,2960 2694,2960 2739,2960 2784,2957 2829,2957 2873,2954 2918,2954 2963,2951 3008,2951 3052,2951"/>
                <TextEquiv>
                    <Unicode>Flaminia: Kommen Sie,Casanova,wir gehen</Unicode>
                </TextEquiv>
            </TextLine>
            <TextLine id="tr_1_tl_19" custom="readingOrder {index:18;}">
                <Coords points="1011,3198 1338,3137 2856,3157 2911,3152 2911,3053 2032,2997 1011,3073"/>
                <Baseline points="1026,3121 1038,3121 1083,3121 1128,3121 1172,3121 1217,3118 1262,3118 1307,3118 1351,3118 1396,3118 1441,3118 1486,3118 1530,3121 1575,3118 1620,3118 1665,3118 1710,3115 1754,3115 1799,3115 1844,3115 1889,3118 1933,3118 1978,3115 2023,3115 2068,3115 2112,3118 2157,3115 2202,3115 2247,3112 2291,3112 2336,3112 2381,3112 2426,3112 2471,3112 2515,3112 2560,3112 2605,3112 2650,3109 2694,3112 2739,3112 2784,3109 2829,3109 2873,3106 2918,3106"/>
                <TextEquiv>
                    <Unicode>zu Tische. Anina mag Ihren andern Arm</Unicode>
                </TextEquiv>
            </TextLine>
            <TextLine id="tr_1_tl_20" custom="readingOrder {index:19;}">
                <Coords points="1011,3291 1606,3339 1954,3279 2227,3342 2465,3274 2709,3327 2921,3279 2866,3185 2655,3220 2513,3167 2278,3223 1761,3170 1011,3203"/>
                <Baseline points="1026,3273 1044,3276 1089,3273 1134,3273 1178,3273 1223,3273 1268,3273 1313,3273 1357,3273 1402,3270 1447,3270 1492,3270 1536,3270 1581,3273 1626,3270 1671,3273 1715,3270 1760,3270 1805,3267 1850,3267 1895,3267 1939,3267 1984,3267 2029,3267 2074,3267 2118,3267 2163,3267 2208,3267 2253,3267 2297,3267 2342,3264 2387,3264 2432,3264 2476,3261 2521,3261 2566,3264 2611,3264 2656,3264 2700,3261 2745,3261 2790,3261 2835,3261 2879,3261 2924,3267"/>
                <TextEquiv>
                    <Unicode>nehmen. Wir wollen draussen beim Wein</Unicode>
                </TextEquiv>
            </TextLine>
            <TextLine id="tr_1_tl_21" custom="readingOrder {index:20;}">
                <Coords points="1011,3438 1394,3484 1551,3423 2891,3436 2848,3357 2572,3309 1617,3380 1011,3304"/>
                <Baseline points="1026,3425 1062,3425 1107,3425 1151,3425 1196,3428 1241,3425 1286,3428 1331,3425 1375,3425 1420,3425 1465,3425 1510,3423 1554,3425 1599,3425 1644,3423 1689,3423 1733,3423 1778,3423 1823,3423 1868,3423 1912,3423 1957,3423 2002,3423 2047,3423 2092,3423 2136,3423 2181,3420 2226,3420 2271,3417 2315,3417 2360,3420 2405,3420 2450,3420 2494,3420 2539,3420 2584,3420 2629,3417 2673,3417 2718,3417 2763,3417 2808,3420 2852,3417 2897,3420"/>
                <TextEquiv>
                    <Unicode>weiter über das Problem diskutieren.</Unicode>
                </TextEquiv>
            </TextLine>
            <TextLine id="tr_1_tl_22" custom="readingOrder {index:21;}">
                <Coords points="1026,3641 2546,3575 2985,3623 3040,3502 1029,3486"/>
                <Baseline points="1041,3587 1071,3587 1116,3587 1160,3587 1205,3584 1250,3587 1295,3584 1339,3584 1384,3584 1429,3584 1474,3584 1519,3584 1563,3584 1608,3581 1653,3581 1698,3581 1742,3578 1787,3578 1832,3578 1877,3578 1921,3578 1966,3575 2011,3578 2056,3575 2100,3575 2145,3575 2190,3572 2235,3575 2280,3572 2324,3572 2369,3575 2414,3575 2459,3572 2503,3575 2548,3575 2593,3572 2638,3572 2682,3575 2727,3575 2772,3575 2817,3572 2861,3572 2906,3572 2951,3578 2996,3578 3041,3572"/>
                <TextEquiv>
                    <Unicode>Casanova: Da Herr Andrea sich beleidigt</Unicode>
                </TextEquiv>
            </TextLine>
            <TextLine id="tr_1_tl_23" custom="readingOrder {index:22;}">
                <Coords points="1024,3785 2225,3737 2696,3834 2921,3760 2921,3646 2014,3608 1918,3659 1024,3671"/>
                <Baseline points="1038,3736 1044,3739 1089,3736 1134,3739 1178,3739 1223,3739 1268,3739 1313,3742 1357,3739 1402,3739 1447,3739 1492,3739 1536,3736 1581,3733 1626,3733 1671,3736 1715,3733 1760,3733 1805,3733 1850,3733 1895,3733 1939,3730 1984,3730 2029,3730 2074,3733 2118,3730 2163,3730 2208,3730 2253,3733 2297,3730 2342,3733 2387,3733 2432,3730 2476,3730 2521,3727 2566,3727 2611,3730 2656,3730 2700,3733 2745,3730 2790,3733 2835,3727 2879,3730 2924,3730"/>
                <TextEquiv>
                    <Unicode>fühlt, zu meinem tiefsten Schmerz, ich</Unicode>
                </TextEquiv>
            </TextLine>
        </TextRegion>
    </Page>
</PcGts>
