3496 4120
983 163 2990 451 laßt mich die Abhandl sein.
954 323 2999 568 die Wiederkeh und sowie!
874 523 2968 777 Tis if de rougis iou un
740 751 2002 948 Erwach kam...
874 860 2896 1182 Mofr Sir Kneil, oh nn huius
871 1091 2871 1411 Schnblich. Schuldigt bei
794 1385 1465 1588 sich seit
1108 1491 2993 1742 Abt wohl mein Brief rest usy
811 1759 1417 1988 voir un
900 1899 3076 2179 the oivis warr uf it fr. Casanor
1885 2114 2936 2428 he is in the
945 2159 1825 2379 Ens -? Gert,
897 2368 3068 2588 to Geulfe and her in buy of
794 2559 3065 2791 ner 10 Minut noch de Ma
885 2736 3148 2988 of d'un Bilins - it gilt &
820 2942 2988 3159 Twee bey gibt.  Da xxx
777 3142 3073 3356 wie wir sie nicht wirkt, meifs ja nicht
1957 3285 2428 3439 wirtschand
911 3319 2993 3590 I is if - in was sis werkt. So
957 3522 2602 3796 so sie nicht ersch läg I.
1782 3867 2825 3956 not in your silver,
