3464 4200
2600 261 2738 466 81
1561 383 2475 604 Hans résultatai
1944 448 2966 606 tre en clut où ceci cette et
917 524 1480 714 Treue mir?
937 626 2658 884 Flaminia: Du glaubst das Märchen?
939 724 2771 1042 Santis: Ihr dürft mich nicht für so
957 912 2886 1185 dumm halten. Ich hab es schon gestern
959 1060 2793 1328 bemerkt, dass sich zwischen Euch was
974 1200 2836 1508 anspann. Und da Sie,werter Casanova,
977 1368 2851 1638 in Flaminiens holden Armen der schö-
989 1523 3006 1779 nen Anina dachten, so kann ich Sie nicht
992 1668 2891 1949 hindern heute Nacht in Aninaas Armen
1010 1799 2578 2092 der holden Flaminia zu denken.
1015 1954 2863 2242 Andrea: Wie lang,Herr Casanova,soll
1027 2234 1638 2415 ich warten?
1040 2280 2971 2558 Casanova: Es ist Ihr Ernst? Und wirk-
1050 2455 2285 2710 lich vor dem Frühstück?
1050 2573 3009 2876 Santis: Da hat er Recht. Es wäre eine
1070 2733 3079 3024 hässliche Art mir die Teilnahme zu ver-
1082 2906 3094 3179 weigern.Herr Andrea, wenn Sie sich statt
1097 3039 3019 3334 dessen in die ewige Nacht davon mach-
1112 3339 1328 3499 ten.
1115 3337 3096 3627 Andrea: Es könnte immerhin auch anders
1120 3645 1503 3823 kommen.
