3384 4200
2679 362 2804 509 67
994 504 2133 730 einem lustigen Streit.
980 661 2819 911 Santis: Streit und lustig,wie rein
994 864 1496 1046 sich das?
1006 962 2872 1168 Andrea: Weil es ein Streit des Geis
1009 1136 2796 1327 tes ist. In meiner leidigen Lust zu
1009 1273 2946 1484 philosophieren hab ich mit einer Fra-
1019 1445 2907 1658 ge mich geplagt und war so klug - so
1019 1579 2755 1788 thöricht möcht ich’s nennen, zwei
1019 1751 2877 1947 Frauen zur Lösung sie zu unterbrei-
1031 1903 2770 2094 ten. Doch statt der Lösung gibt es
1033 2040 2934 2226 nichts als Zank. Und aus der heitern
1041 2221 3010 2414 Höhe des Problemseh ich mit aufgereg.
1053 2348 2836 2552 tem Flügelschlag zu irdischer Wirr
1065 2530 2787 2713 und Trübnis niederplattern,was mir
1068 2659 2728 2855 nur philosophischer Zweifel war.
1068 2823 2831 3041 Santis: sie machen mich neugierig.
1073 3002 2892 3176 Andrea: Mit fug. Denn Sie, der Viel-
1085 3115 3014 3335 erfahrene,werden lösen könnan, was ich
1281 3286 1428 3396 get
1082 3259 2992 3477 aufgeworfen und worüber diese jungen
1095 3392 3019 3624 Damen, die auf dem Weg waren Freundin-
1097 3556 2946 3847 nen zu werden, so sehr entzweit, dass
