3528 4152
2828 233 2952 417 49
1003 445 2629 685 Sie doch noch einmal Ihr Glück.
1016 629 2881 857 Casanova: Wenn ich das auch wollte,
1003 816 1375 968 womit?
1024 910 3053 1140 Andrea: Wenn ich Ihnen dazu die tausend
1016 1016 3008 1279 Dukaten zur Verfügung stellen würde...
1021 1178 2962 1441 Aber nur unter der Bedingung,dass Sie
1034 1413 1936 1595 nicht fortreisen.
1041 1481 2897 1757 Casanova: Sie sind sonderbar. Reisen
1034 1678 2886 1901 muss ich. Und da Sie gestern von mir
1054 1764 3041 2035 einige tausend Dukaten gewonnen haben,
1049 1951 2886 2186 habe ich mich eben an Sie gewendet.
1051 2105 3086 2371 Andrea: Was hätte das Gewinnen für eim
1054 2282 2914 2535 Sinn,wenn der Verlierer am nächsten
1067 2444 3018 2659 Tage kommen könnte und sich sein Geld
1072 2634 1757 2836 wieder holen.
1084 2752 3025 2967 Casanova: Merkwürdig. Ich habe Sie mir
1084 2945 2085 3099 anders vorgestellt.
1087 3091 2512 3293 Andrea: Man irrt sich eben.
1099 3187 3096 3432 Casanova: Kurz und gut,Sie verweigern
1097 3402 1883 3617 mir das Geld...
1112 3475 3106 3766 Andrea: Und wenn Sie schon Herrn Gudar
1105 3710 2998 3887 als Ihren Gläubiger zurücklassen...
