3368 4152
2458 426 2580 619 10
714 741 1866 924 Fanny: Ja, Du hast Recht.
717 908 2699 1088 Fridolin: Es handelt sich jetzt nur darum,
730 1040 2808 1217 dass Du ihn vergisst, so rasch wie möglich.Es
728 1225 2858 1400 bleibt ein Geheimnis zwischen Dir und mir. Und
728 1339 2686 1559 ich will nur gleich auf die Bahn, um zu se-
728 1522 2699 1686 hen, dass er sicher abreist.Denn wer weiss,
728 1672 1585 1850 wenn er dabl iebe —
709 1805 2720 1982 Fanny: Auf dte Bahn gehe ich,er soll nicht
728 1956 2522 2154 allein reisen. Ich will ihn aufklären.
722 2109 2461 2315 Sie lässt sich nicht halten und geht.
714 2398 2564 2620 Zum Schluss milsste wohl das andere Paar
722 2583 2572 2779 noch einmal auftreten. Vielleicht könnte
725 2757 2519 2945 sich auch Amelte als Betrogene fühlen.
707 2914 1249 3107 Sitwestern
984 3006 2895 3255 Bisser: Amelie tritt aller
1082 3210 2342 3533 Trkotlis. Sie sind nett.
910 3435 2816 3739 Auche. - Nun - so veranter hi sich
