3400 4216
2586 412 2723 526 74
997 547 2975 839 Spielen des Geistes. Und so ward heute
1009 732 2733 969 eines gestellt folgenden Inhalts:
1025 880 2987 1159 Santis: Ihr müsst’s Lebendiger machen.
1022 1058 2822 1281 Herr Andreas,erzählt’s doch, wie ein
1032 1139 3046 1424 Märchen, das geschah. Nicht philosophisch
1045 1322 2975 1581 eine und die andere -nein, Namen gebt.
1053 1490 2809 1711 Maria und Theresa. Ihn aber nennt
1164 1658 1655 1772 saulu ersable.
1070 1627 2962 1927 Andrea: Den Mann. Den schönen jungen
1070 1818 2898 2039 Mann. Und dieser schöne junge Mann,
1081 1927 2965 2189 Herr Casanova, schleicht eines Nachts
1106 2092 2929 2337 in der Maria Zimmer, doh glaubt er,
1114 2278 2792 2497 dass es Theresina sei. Sie beide
1116 2420 3018 2690 sind beglückt, er und Maria, und ahnen
1124 2535 3170 2792 beide von dem Irrtum nichts. Am nächsten
1124 2723 3028 3000 Morgen aber wissen's alle.Die beiden
1139 2845 3003 3107 Frauen zuerst, der Mann zuletzt. Nun
1147 3064 2148 3259 steht die Frage so.
1167 3148 3122 3437 Santis: Nein bester Bassi, nicht philo-
1190 3331 3018 3575 sophisch. Lasst die Weiber streiten,
1182 3478 2985 3773 lasst sie mit Dolchen losgehen auf
1203 3633 3041 3900 einander. Lasst es ein Spiel auf Tod
