3464 4168
2680 188 2806 350 62
962 355 2796 565 Sie heute Nacht seine Geliebte wa-
972 607 1204 753 ren.
989 681 2941 925 Flaminia: Der Lügner, der Geck! Das wär
977 854 2961 1054 mir der Rechte, der jeden Tag einer An¬
992 977 2838 1219 dern nachläuft.Nun rächt er sich an
992 1133 2749 1342 mir, weil's ihm trotz aller süssen
997 1271 2833 1515 Blicke,trotz holder Worte nicht ge-
1004 1434 2894 1641 lang, was ihm bei Andern stets gelin-
1014 1601 2887 1804 gen soll. Nun kommt er her und lügt.
1024 1754 2857 1974 Ich will Santis über ihn schicken Er
1026 1910 2823 2117 soll ihn lehren solcher Gunst sich
1024 2033 2971 2273 rühmen. (zu Anina) Zu so einem laufen
1029 2201 2936 2418 Sie? So einem werfen Sie sich an den
1039 2366 2934 2608 Hals? Nun freilich, das sind die jun-
1049 2502 2926 2746 gen Mädchen aus gutem Bürgerhaus. Was
1051 2665 2885 2914 lockt Sie denn an ihm? Ein Mann wie
1063 2835 2944 3042 andere ist er. Und überdies,er trägt
1076 2951 2912 3220 im Herzen die Liebe zu Nina, die ihm
1081 3158 2978 3363 davonlief.Und wenn sie ihm davonlief,
1071 3292 2534 3499 wird sie schon wissen warum.
1081 3430 2912 3674 Andrea: Beruhigen Sie sich doch. Sie
1096 3585 3018 3793 tun ihm Unrecht. Im guten Glauben hat
