3400 4168
2741 383 2871 548 87
988 545 2831 725 schätztes Fräulein, uns die Ehre zu
988 708 2914 888 erweisen in Gesellschaft de Herrn Ca-
988 848 3002 1003 sanova an einem Frühstück teilzunehmen.
985 1001 2951 1208 so weit es noch vorhanden sein sollte.
995 1166 2934 1348 Nina: Vielen Dank. Aber das wird nicht
983 1303 2924 1498 mehr gehen. Ich will’s dir gleich sa-
998 1436 3009 1631 gen, Casanova,ich habe den Wagen und die
983 1648 2889 1768 Pferde gekauft und wir fahren gleich
995 1796 1731 1956 wieder weiter.
1006 1938 2264 2136 Casanova: Gleich wieder?
1001 2076 2994 2296 Nina: Und ich glaube sogar, ohne irgend
1026 2271 2946 2401 jemanden nahe zu treten,dass das Klüg
995 2396 2996 2529 ste ist, was ich mit dir tun kann. Nicht
998 2551 1921 2726 wahr, meine Damen?
998 2676 2799 2906 Flaminia: Liebes Fräulein, erlauben
1016 2871 2241 3049 Sie, dass ich Sie umarme.
1023 3002 2951 3184 Mina: Von ganzem Herzen. (zu Anina ge
998 3172 1863 3359 wendet) Und Sie?
1013 3314 2641 3502 Anina: (umarmt sie gleichfalls.)
393 3389 873 3534 & Mrs Hiers up
1018 3472 2796 3672 Casanova: (zu Andrea) Bestehen Sie
463 3502 873 3617 noch Einer
388 3577 970 3694 der wie nellendt
500 3654 858 3764 verhelet
1013 3649 1661 3847 noch darauf?
395 3722 910 3849 nin. for last of
403 3799 943 3939 sterrie sent emot
478 3904 965 4002 with Hilene
