3448 4168
2748 224 2875 417 61
1051 383 3012 622 diese Lustpartie.Nun, wenn's Sie freut.
1046 644 2787 771 Aber es ist ein anderes Leben, als
1046 715 2927 924 Sie denken.Zuweilen schlägt er auch.
1049 890 2973 1061 Sehen Sie doch hier, der blaue Fleck,
1054 1034 2944 1217 Aus Liebe glauben Sie? Nein, weil ich
1071 1183 2773 1361 einem Andern nicht zu Willen war.
1071 1334 2797 1558 Andrea: Nein, so weit ist sie noch
1078 1507 2678 1688 nicht.Zu Casanova zieht es sie.
1071 1668 2848 1841 Flaminia: Zu Casanova... Nun,mir ge-
1073 1812 2909 2010 fiel er eben nicht. Warum lassen Sie
1083 1956 2761 2136 sie nicht gehen? Doch sagten Sie
1083 2039 2975 2297 nicht früher, einer, auf den ich Rech-
1083 2290 1580 2468 te hätte?
1093 2361 2936 2590 Anina: Lässt du nicht endlich meine
1090 2558 2819 2780 Hände los? soll ich schreien? Soll
1105 2746 1761 2941 Leute rufen?
1107 2858 2919 3087 Andrea: Sie hat kein Recht auf ihn.
1107 3007 2912 3224 Flaminia: Gibt's in solchen Dingen
1102 3219 1507 3390 Rechte?
1117 3290 3063 3517 Andrea: Sie haben eins. Denn Casanova
1710 3492 1868 3592 und
1132 3487 2909 3670 war eben hier hat mir erzählt, dass
