3432 4216
2691 356 2841 485 58
900 488 2841 694 chen ihn zu erwarten, er glaubte, durch
900 687 2749 883 ihr Fenster zu steigen und in ihren
900 816 2900 1050 Armen glücklich zu sein.Er hält deinen
908 975 2784 1167 Brief für Flaminias Brief,er glaubt,
920 1124 2811 1316 dass santiss ihm auflauert,um ihn zu
920 1298 2761 1515 töten. Ich habe ihm Geld gegeben und
930 1448 2883 1634 noch in dieser Stunde verlässt er den
938 1629 2677 1806 Ort. So kann nun alles gut werden
945 1721 2856 1943 zwischen dir und mir. Er weiss nichts.
938 1900 2522 2132 Anina: so wird er es erfahren.
950 2045 2856 2286 Andrea: Wie sollte er? Flaminia und
968 2234 2903 2448 santisskann er nicht begegnen... Alles
963 2415 1388 2602 ist gut.
963 2507 1806 2734 Anina: Leb wohl.
980 2677 2144 2905 Andrea: Was willst du?
988 2793 2925 3037 Anina: Halte mich nicht auf. Ich werde
980 3002 2194 3186 mit Casanova wegreisen.
995 3119 2975 3361 Andrea: Hast du mich nicht verstanden?
995 3306 2104 3482 Er weiss es nicht...
1005 3398 2644 3679 Anina: Drum soll er es erfahren
1010 3604 2796 3816 Andrea: So liebst du ihn also doch?
1010 3751 2997 3950 Eben sagtest du - ein Traum und er wä-
