3384 4200
2698 424 2794 593 55
923 582 1305 748 kommen
933 707 2822 949 Andra: Also dann eilen Sie. Ich will
941 881 2830 1047 die tausend Dukaten für Sie an Herrn
938 1029 2882 1188 Gudar geben und hier - damit es Ihnen
946 1143 2926 1419 auf der Reise nicht zu knapp ist - be-
954 1351 1775 1549 dienen sie sich.
959 1492 2846 1687 Casanova: Nicht mehr als diese zehn.
956 1614 2890 1850 Andrea: Und wohin werden Sie von hier
956 1827 1557 1998 aus reisen?
975 1923 2957 2157 Casanova: Das ist mir gleich.Seit Nina
1003 2084 2801 2289 mich verliess, ist mir alles gleich.
972 2219 2827 2469 Andrea: Davon merkt man aber nichts,
975 2404 2695 2591 dass Sie das so tief berührt hat.
941 2521 2817 2783 Casanova: Meine Seele ist beinichts
985 2744 2809 2937 dabei, was ich erlebe. Aber man muss
985 2890 1884 3046 doch weiterleben.
985 2968 2939 3241 Andrea: Wie kommt’s,dass Sie Nina ver
993 3194 1642 3376 loren haben?
1006 3326 3025 3511 Casanova: Sehr einfach. Ein Anderer nahm
1001 3524 1435 3690 sie mit.
1006 3602 3100 3849 Andrea: Ihnen begegnet dergleichen auch.
