3400 4152
2733 402 2880 521 84
1125 501 2897 685 Wie sich Casanova zur würe wendet,
1082 730 2810 837 öffnet sich diese und es tritt
1082 861 2128 981 ein Nina mit Gudar).
1072 995 2962 1154 Nina: Hier ist er ja. So hab ich dich
1072 1167 2999 1326 doch endlich wieder, Casanova! Gelieb-
1072 1288 2324 1487 ter! Teurer! Ungetreuer!
1070 1465 2954 1668 Santis: (zu den Frauen) Habt Ihr ge¬
1070 1651 1358 1780 hört?
1067 1758 2954 1931 Gudar: Sie verzeihen, meine Damen, das
1070 1934 3061 2051 Fräulein fragte mich so dringlich nach
1070 2056 3044 2207 Casanovas Aufenthalt - und da's zufäl-
1067 2242 2083 2381 lig mir bekannt war
1077 2348 2813 2525 Casanova: Nina! Wo kommst du her?
1075 2562 3011 2669 Nina: Was frägst du mich? Nun bin ich
1072 2661 2957 2857 wieder da. Ist alles andere nicht so
1087 2813 3056 3001 völlig gleich, als wär es nie geschehn?
1085 2979 2919 3138 Casanova: Verzeih Nina, du bist hier
1072 3168 1807 3309 nicht bei mir.
1072 3307 2922 3466 Nina: Freilich, ich weiss es. / zu den
1072 3466 3019 3615 Andern) Sie werden's mir gewiss nicht
1070 3585 2999 3776 übel nehmen. Und wenn ich Ihre Blicke
