<?xml version="1.0" encoding="UTF-8" standalone="yes"?>
<PcGts xmlns="http://schema.primaresearch.org/PAGE/gts/pagecontent/2013-07-15" xmlns:xsi="http://www.w3.org/2001/XMLSchema-instance" xsi:schemaLocation="http://schema.primaresearch.org/PAGE/gts/pagecontent/2013-07-15 http://schema.primaresearch.org/PAGE/gts/pagecontent/2013-07-15/pagecontent.xsd">
    <Metadata>
        <Creator>prov=READ-COOP:name=TrHtr:version=2.1.0:model_id=51170:date=29_07_2023_16:56</Creator>
        <Created>2023-05-10T13:12:03.954+02:00</Created>
        <LastChange>2023-07-29T16:56:09.014+02:00</LastChange>
        <TranskribusMetadata docId="1428567" pageId="55409368" pageNr="21" tsid="131449940" status="IN_PROGRESS" userId="64420" imgUrl="https://files.transkribus.eu/Get?id=SXQMAMZUHFTZVRSRPQGRYROU&amp;fileType=view" xmlUrl="https://files.transkribus.eu/Get?id=OYHJWFDKEVOYLQAGYLHZJNAT" imageId="44683513"/>
    </Metadata>
    <Page imageFilename="1428567_0021.jpg" imageWidth="3464" imageHeight="4232">
        <ReadingOrder>
            <OrderedGroup id="ro_1711793724919" caption="Regions reading order">
                <RegionRefIndexed index="0" regionRef="tr_1"/>
                <RegionRefIndexed index="1" regionRef="tr_2"/>
            </OrderedGroup>
        </ReadingOrder>
        <TextRegion id="tr_1" custom="readingOrder {index:0;}">
            <Coords points="955,531 3091,531 3091,2457 955,2457"/>
            <TextLine id="tr_1_tl_1" custom="readingOrder {index:0;}">
                <Coords points="2801,684 2814,684 2827,674 2838,682 2886,658 2920,653 2928,457 2912,457 2899,447 2878,465 2849,460 2833,468 2812,462"/>
                <Baseline points="2820,587 2841,584 2885,584 2930,581"/>
                <TextEquiv>
                    <Unicode>18</Unicode>
                </TextEquiv>
            </TextLine>
            <TextLine id="tr_1_tl_2" custom="readingOrder {index:1;}">
                <Coords points="957,769 1448,748 1543,787 1617,782 1617,655 1564,666 1477,616 1414,629 1266,592 1208,624 1165,605 1057,666 1023,647 957,661"/>
                <Baseline points="972,752 996,749 1041,749 1086,749 1131,749 1175,749 1220,746 1265,749 1310,752 1354,749 1399,746 1444,746 1489,749 1534,749 1578,746 1623,749"/>
                <TextEquiv>
                    <Unicode>Alfred: Wie?</Unicode>
                </TextEquiv>
            </TextLine>
            <TextLine id="tr_1_tl_3" custom="readingOrder {index:2;}">
                <Coords points="967,972 2027,898 3057,933 3084,819 2146,764 967,830"/>
                <Baseline points="981,901 987,901 1032,901 1077,901 1122,898 1166,901 1211,901 1256,904 1301,901 1346,901 1390,904 1435,901 1480,904 1525,904 1569,904 1614,904 1659,904 1704,901 1748,901 1793,901 1838,901 1883,901 1927,898 1972,898 2017,898 2062,898 2107,898 2151,898 2196,895 2241,895 2286,898 2330,898 2375,895 2420,895 2465,895 2509,895 2554,895 2599,892 2644,895 2689,895 2733,895 2778,895 2823,895 2868,895 2912,892 2957,892 3002,892 3047,889 3091,889"/>
                <TextEquiv>
                    <Unicode>Fridolin: Fragen Sie nicht weiter.Er darf</Unicode>
                </TextEquiv>
            </TextLine>
            <TextLine id="tr_1_tl_4" custom="readingOrder {index:3;}">
                <Coords points="946,1126 3007,1075 3007,965 2891,954 949,980"/>
                <Baseline points="963,1053 999,1056 1044,1053 1089,1056 1134,1056 1178,1056 1223,1056 1268,1053 1313,1053 1357,1053 1402,1056 1447,1056 1492,1056 1537,1056 1581,1056 1626,1053 1671,1053 1716,1053 1760,1053 1805,1053 1850,1053 1895,1053 1939,1053 1984,1050 2029,1050 2074,1050 2118,1047 2163,1047 2208,1050 2253,1050 2298,1050 2342,1050 2387,1050 2432,1050 2477,1044 2521,1047 2566,1047 2611,1047 2656,1044 2700,1047 2745,1047 2790,1047 2835,1047 2880,1044 2924,1044 2969,1044 3014,1041"/>
                <TextEquiv>
                    <Unicode>Sie hier nicht mehr treffen. Um ein Uhr</Unicode>
                </TextEquiv>
            </TextLine>
            <TextLine id="tr_1_tl_5" custom="readingOrder {index:4;}">
                <Coords points="978,1239 2434,1208 2798,1295 3055,1242 3057,1107 980,1134"/>
                <Baseline points="993,1205 1002,1208 1047,1208 1092,1208 1137,1211 1181,1211 1226,1208 1271,1208 1316,1208 1360,1208 1405,1211 1450,1211 1495,1211 1539,1208 1584,1208 1629,1208 1674,1208 1719,1211 1763,1208 1808,1208 1853,1208 1898,1205 1942,1205 1987,1205 2032,1205 2077,1205 2121,1205 2166,1205 2211,1205 2256,1202 2301,1202 2345,1202 2390,1205 2435,1202 2480,1205 2524,1202 2569,1202 2614,1202 2659,1202 2703,1202 2748,1202 2793,1202 2838,1202 2883,1202 2927,1196 2972,1199 3017,1199 3062,1196"/>
                <TextEquiv>
                    <Unicode>geht ein Zug ab. Haben Sie schon gemackt?</Unicode>
                </TextEquiv>
            </TextLine>
            <TextLine id="tr_1_tl_6" custom="readingOrder {index:5;}">
                <Coords points="949,1438 1514,1379 1950,1435 2053,1369 2616,1427 2962,1371 2962,1255 1327,1324 949,1271"/>
                <Baseline points="963,1366 999,1366 1044,1366 1089,1363 1134,1363 1178,1363 1223,1366 1268,1366 1313,1366 1357,1363 1402,1363 1447,1363 1492,1363 1537,1363 1581,1360 1626,1360 1671,1360 1716,1363 1760,1360 1805,1360 1850,1360 1895,1360 1939,1357 1984,1357 2029,1357 2074,1357 2118,1357 2163,1360 2208,1360 2253,1357 2298,1357 2342,1357 2387,1357 2432,1357 2477,1357 2521,1354 2566,1357 2611,1354 2656,1357 2700,1357 2745,1357 2790,1357 2835,1357 2880,1357 2924,1354 2969,1351"/>
                <TextEquiv>
                    <Unicode>Alfred: Das war schnell geschehen. Ich</Unicode>
                </TextEquiv>
            </TextLine>
            <TextLine id="tr_1_tl_7" custom="readingOrder {index:6;}">
                <Coords points="941,1572 3010,1541 3068,1430 943,1438"/>
                <Baseline points="955,1519 963,1519 1008,1516 1053,1516 1098,1519 1143,1516 1187,1516 1232,1516 1277,1516 1322,1516 1366,1516 1411,1516 1456,1516 1501,1516 1545,1516 1590,1516 1635,1516 1680,1516 1725,1516 1769,1516 1814,1516 1859,1516 1904,1513 1948,1513 1993,1510 2038,1510 2083,1510 2127,1513 2172,1510 2217,1513 2262,1513 2307,1513 2351,1513 2396,1513 2441,1513 2486,1510 2530,1510 2575,1510 2620,1510 2665,1510 2709,1510 2754,1510 2799,1510 2844,1513 2888,1510 2933,1510 2978,1507 3023,1507 3068,1507"/>
                <TextEquiv>
                    <Unicode>habe nämlich nicht viel mehr als was ich</Unicode>
                </TextEquiv>
            </TextLine>
            <TextLine id="tr_1_tl_8" custom="readingOrder {index:7;}">
                <Coords points="949,1689 2756,1715 2862,1689 2862,1570 949,1575"/>
                <Baseline points="963,1674 987,1671 1032,1671 1077,1671 1122,1671 1166,1671 1211,1671 1256,1671 1301,1671 1346,1671 1390,1671 1435,1671 1480,1671 1525,1671 1569,1671 1614,1674 1659,1671 1704,1677 1748,1677 1793,1671 1838,1671 1883,1671 1927,1671 1972,1671 2017,1668 2062,1668 2107,1668 2151,1668 2196,1665 2241,1668 2286,1665 2330,1665 2375,1668 2420,1668 2465,1668 2509,1668 2554,1665 2599,1665 2644,1668 2689,1668 2733,1665 2778,1665 2823,1662 2868,1662"/>
                <TextEquiv>
                    <Unicode>am Leibe trage. Ich habe mein ganzes</Unicode>
                </TextEquiv>
            </TextLine>
            <TextLine id="tr_1_tl_9" custom="readingOrder {index:8;}">
                <Coords points="943,1881 999,1900 1097,1850 1210,1839 1295,1876 1525,1850 1760,1874 1760,1749 1538,1757 1453,1728 1387,1757 1284,1715 1202,1765 1041,1731 943,1765"/>
                <Baseline points="958,1826 1002,1826 1047,1826 1092,1826 1137,1826 1181,1826 1226,1826 1271,1823 1316,1826 1360,1826 1405,1823 1450,1823 1495,1823 1539,1823 1584,1826 1629,1826 1674,1826 1719,1829 1763,1829 1766,1829"/>
                <TextEquiv>
                    <Unicode>Geld verspielt.</Unicode>
                </TextEquiv>
            </TextLine>
            <TextLine id="tr_1_tl_10" custom="readingOrder {index:9;}">
                <Coords points="951,2027 2997,2019 2997,1897 2928,1884 951,1881"/>
                <Baseline points="966,1978 987,1981 1032,1981 1077,1981 1122,1981 1166,1981 1211,1981 1256,1981 1301,1981 1346,1981 1390,1981 1435,1981 1480,1981 1525,1981 1569,1981 1614,1984 1659,1984 1704,1981 1748,1978 1793,1978 1838,1978 1883,1975 1927,1975 1972,1975 2017,1975 2062,1975 2107,1975 2151,1975 2196,1975 2241,1975 2286,1975 2330,1975 2375,1975 2420,1975 2465,1972 2509,1975 2554,1972 2599,1972 2644,1972 2689,1972 2733,1972 2778,1972 2823,1969 2868,1969 2912,1969 2957,1966 3002,1969"/>
                <TextEquiv>
                    <Unicode>Fridolin: Nun, ich werde Ihnen mit zwei-</Unicode>
                </TextEquiv>
            </TextLine>
            <TextLine id="tr_1_tl_11" custom="readingOrder {index:10;}">
                <Coords points="954,2162 2317,2204 2571,2127 2999,2188 3065,2162 3065,2019 954,2037"/>
                <Baseline points="969,2136 1008,2133 1053,2133 1098,2136 1143,2136 1187,2136 1232,2133 1277,2133 1322,2133 1366,2133 1411,2133 1456,2130 1501,2133 1545,2133 1590,2136 1635,2133 1680,2133 1725,2136 1769,2133 1814,2133 1859,2133 1904,2133 1948,2133 1993,2130 2038,2130 2083,2130 2127,2130 2172,2133 2217,2133 2262,2133 2307,2133 2351,2130 2396,2130 2441,2133 2486,2133 2530,2130 2575,2127 2620,2130 2665,2130 2709,2130 2754,2127 2799,2127 2844,2121 2888,2124 2933,2124 2978,2121 3023,2124 3068,2124"/>
                <TextEquiv>
                    <Unicode>tausend Francs aushelfen. Aber Sie geben</Unicode>
                </TextEquiv>
            </TextLine>
            <TextLine id="tr_1_tl_12" custom="readingOrder {index:11;}">
                <Coords points="946,2317 2886,2315 2904,2199 946,2228"/>
                <Baseline points="961,2295 987,2292 1032,2292 1077,2292 1122,2289 1166,2289 1211,2289 1256,2289 1301,2289 1346,2289 1390,2289 1435,2289 1480,2289 1525,2286 1569,2286 1614,2286 1659,2289 1704,2286 1748,2289 1793,2289 1838,2289 1883,2286 1927,2286 1972,2286 2017,2286 2062,2289 2107,2286 2151,2286 2196,2286 2241,2286 2286,2286 2330,2286 2375,2283 2420,2286 2465,2283 2509,2283 2554,2283 2599,2283 2644,2283 2689,2283 2733,2283 2778,2283 2823,2280 2868,2280 2912,2280"/>
                <TextEquiv>
                    <Unicode>mir das Ehrenwort, dass Sie auch nicht</Unicode>
                </TextEquiv>
            </TextLine>
            <TextLine id="tr_1_tl_13" custom="readingOrder {index:12;}">
                <Coords points="946,2508 1659,2452 2534,2468 2534,2407 2296,2315 1686,2384 946,2370"/>
                <Baseline points="961,2438 1005,2444 1050,2441 1095,2444 1140,2447 1184,2444 1229,2444 1274,2444 1319,2444 1363,2444 1408,2444 1453,2444 1498,2444 1542,2441 1587,2441 1632,2441 1677,2438 1722,2441 1766,2441 1811,2441 1856,2441 1901,2441 1945,2441 1990,2441 2035,2441 2080,2441 2124,2438 2169,2438 2214,2438 2259,2438 2304,2435 2348,2435 2393,2435 2438,2435 2483,2438 2527,2438 2542,2441"/>
                <TextEquiv>
                    <Unicode>den leisesten Versuch machen -</Unicode>
                </TextEquiv>
            </TextLine>
        </TextRegion>
        <TextRegion id="tr_2" custom="readingOrder {index:1;}">
            <Coords points="955,2531 3062,2531 3062,3695 955,3695"/>
            <TextLine id="tr_2_tl_1" custom="readingOrder {index:0;}">
                <Coords points="941,2608 2471,2648 3002,2608 3002,2505 941,2508"/>
                <Baseline points="955,2605 993,2602 1038,2602 1083,2602 1128,2602 1172,2599 1217,2602 1262,2602 1307,2602 1351,2599 1396,2596 1441,2596 1486,2599 1531,2599 1575,2599 1620,2596 1665,2596 1710,2596 1754,2596 1799,2596 1844,2596 1889,2596 1933,2596 1978,2596 2023,2596 2068,2593 2113,2593 2157,2596 2202,2593 2247,2593 2292,2593 2336,2593 2381,2593 2426,2590 2471,2590 2515,2590 2560,2590 2605,2593 2650,2590 2694,2593 2739,2593 2784,2593 2829,2590 2874,2590 2918,2587 2963,2584 3008,2581"/>
                <TextEquiv>
                    <Unicode>Alfred: Was für ein Freund! Oder sollte</Unicode>
                </TextEquiv>
            </TextLine>
            <TextLine id="tr_2_tl_2" custom="readingOrder {index:1;}">
                <Coords points="943,2761 2952,2809 2989,2629 943,2672"/>
                <Baseline points="958,2748 981,2748 1026,2751 1071,2751 1116,2751 1160,2751 1205,2751 1250,2751 1295,2751 1340,2751 1384,2754 1429,2751 1474,2748 1519,2748 1563,2748 1608,2748 1653,2745 1698,2748 1742,2748 1787,2751 1832,2754 1877,2754 1922,2751 1966,2748 2011,2748 2056,2748 2101,2748 2145,2745 2190,2745 2235,2742 2280,2742 2324,2742 2369,2745 2414,2745 2459,2745 2503,2745 2548,2742 2593,2745 2638,2742 2683,2742 2727,2739 2772,2742 2817,2742 2862,2742 2906,2742 2951,2742 2996,2742"/>
                <TextEquiv>
                    <Unicode>es etwas die Frau Ihres Freundes sein -</Unicode>
                </TextEquiv>
            </TextLine>
            <TextLine id="tr_2_tl_3" custom="readingOrder {index:2;}">
                <Coords points="943,2917 3055,2915 2986,2796 2867,2843 2664,2780 943,2830"/>
                <Baseline points="958,2906 1002,2906 1047,2903 1092,2906 1137,2906 1181,2906 1226,2906 1271,2906 1316,2909 1360,2909 1405,2909 1450,2909 1495,2906 1539,2906 1584,2906 1629,2903 1674,2906 1719,2906 1763,2903 1808,2906 1853,2906 1898,2906 1942,2903 1987,2903 2032,2903 2077,2903 2121,2903 2166,2900 2211,2900 2256,2900 2301,2900 2345,2897 2390,2900 2435,2900 2480,2897 2524,2900 2569,2897 2614,2897 2659,2897 2703,2897 2748,2897 2793,2897 2838,2897 2883,2897 2927,2897 2972,2897 3017,2897 3062,2894"/>
                <TextEquiv>
                    <Unicode>Fridolin: Unverschämter Mensch! Hier ist</Unicode>
                </TextEquiv>
            </TextLine>
            <TextLine id="tr_2_tl_4" custom="readingOrder {index:3;}">
                <Coords points="951,3073 1025,3084 1136,3068 1181,3084 1216,3063 1274,3063 1316,3089 1361,3065 1414,3073 1414,2957 1334,2965 1308,2991 1282,2978 1213,2994 1155,2965 1052,2997 951,2978"/>
                <Baseline points="966,3059 972,3059 1017,3059 1062,3059 1107,3059 1152,3059 1196,3059 1241,3059 1286,3059 1331,3059 1375,3059 1420,3056"/>
                <TextEquiv>
                    <Unicode>das Geld.</Unicode>
                </TextEquiv>
            </TextLine>
            <TextLine id="tr_2_tl_5" custom="readingOrder {index:4;}">
                <Coords points="946,3258 3005,3242 3005,3123 2524,3147 2410,3076 2217,3145 946,3139"/>
                <Baseline points="961,3217 996,3214 1041,3214 1086,3214 1131,3214 1175,3211 1220,3211 1265,3214 1310,3214 1354,3214 1399,3214 1444,3214 1489,3214 1534,3211 1578,3211 1623,3211 1668,3211 1713,3211 1757,3211 1802,3211 1847,3211 1892,3211 1936,3214 1981,3211 2026,3208 2071,3211 2116,3211 2160,3208 2205,3208 2250,3211 2295,3211 2339,3211 2384,3208 2429,3205 2474,3208 2518,3208 2563,3208 2608,3205 2653,3205 2697,3205 2742,3205 2787,3205 2832,3205 2877,3205 2921,3205 2966,3202 3011,3205"/>
                <TextEquiv>
                    <Unicode>Alfred: Besten Dank. Empfehlen Sie mich</Unicode>
                </TextEquiv>
            </TextLine>
            <TextLine id="tr_2_tl_6" custom="readingOrder {index:5;}">
                <Coords points="943,3417 2022,3367 2447,3464 2901,3438 2901,3240 943,3295"/>
                <Baseline points="958,3369 984,3372 1029,3369 1074,3369 1119,3366 1163,3369 1208,3369 1253,3369 1298,3366 1343,3369 1387,3369 1432,3369 1477,3369 1522,3366 1566,3366 1611,3369 1656,3366 1701,3366 1745,3366 1790,3363 1835,3366 1880,3366 1924,3366 1969,3366 2014,3366 2059,3363 2104,3366 2148,3369 2193,3369 2238,3363 2283,3363 2327,3363 2372,3363 2417,3363 2462,3363 2506,3363 2551,3363 2596,3363 2641,3360 2686,3363 2730,3363 2775,3363 2820,3363 2865,3360 2909,3360"/>
                <TextEquiv>
                    <Unicode>Ihrer Frau Gemahlin. Sie hat mir auch</Unicode>
                </TextEquiv>
            </TextLine>
            <TextLine id="tr_2_tl_7" custom="readingOrder {index:6;}">
                <Coords points="943,3544 2399,3591 2428,3435 1879,3398 1464,3467 1337,3393 943,3462"/>
                <Baseline points="958,3524 1002,3524 1047,3524 1092,3524 1137,3527 1181,3527 1226,3524 1271,3524 1316,3527 1360,3524 1405,3527 1450,3524 1495,3521 1539,3524 1584,3521 1629,3521 1674,3521 1719,3521 1763,3518 1808,3521 1853,3524 1898,3524 1942,3524 1987,3524 2032,3524 2077,3524 2121,3524 2166,3518 2211,3524 2256,3524 2301,3521 2345,3521 2390,3524 2435,3524"/>
                <TextEquiv>
                    <Unicode>sehr gut gefallen. (er geht).</Unicode>
                </TextEquiv>
            </TextLine>
            <TextLine id="tr_2_tl_8" custom="readingOrder {index:7;}">
                <Coords points="941,3779 1691,3723 1990,3758 2059,3715 2505,3758 2508,3565 941,3599"/>
                <Baseline points="955,3679 990,3682 1035,3682 1080,3682 1125,3682 1169,3682 1214,3682 1259,3685 1304,3685 1348,3685 1393,3682 1438,3682 1483,3682 1528,3679 1572,3679 1617,3679 1662,3679 1707,3679 1751,3679 1796,3679 1841,3679 1886,3682 1930,3679 1975,3679 2020,3679 2065,3679 2110,3679 2154,3676 2199,3679 2244,3676 2289,3676 2333,3679 2378,3679 2423,3682 2468,3682 2512,3676"/>
                <TextEquiv>
                    <Unicode>7. Fridolin allein, dann Fanny.</Unicode>
                </TextEquiv>
            </TextLine>
        </TextRegion>
    </Page>
</PcGts>
