3448 4168
290 246 865 426 18./5.1915
2786 272 2906 476 60
1022 421 2943 664 Andrea,Anina (die eben fort will),Fla-
1066 659 1406 782 minia.
1064 727 3006 951 Flaminia: Die Wagen sind bestellt,al-
1085 902 2954 1129 les aufs Beste, auch Herr Gudar fährt
1056 1059 2794 1276 mit. Ob Causanova weiss ich nicht.
1228 1215 1691 1315 haben Sie
1074 1239 2384 1388 Was haxtxd Anina? Wohin?
1066 1385 2909 1607 Anina: Das ist wohl gleich. Leben Sie
1072 1539 1803 1733 wohl, Flaminia.
1066 1707 2138 1905 Flaminia: Auf immer?
1090 1861 3053 2041 Anina: Wohl möglich, dass man sich wie-
1079 2018 2122 2175 der einmal begegnet.
1085 2143 2815 2316 Flaminia: Was ist hier geschehen?
1082 2290 2859 2491 Anina: Lass mir die Türe frei. Soll
1087 2449 2961 2640 ich durchs Fenster springen? Du bist
1077 2580 2998 2773 mein Herr nicht mehr.Du warst es nie,
1090 2771 2452 2980 Flaminia: Wohin willst du?
1087 2891 3186 3103 Andrea: zu einem, auf den Ihr Recht, Flamm
1087 3061 1822 3272 ein grösseres.
1087 3210 2980 3424 Flaminia: Was heisst das? Ah! Santis
1079 3369 2922 3578 Habt 1hr miteinander was abgemacht?
1098 3557 2888 3761 Natürlich. Das sah ich kommen. Darum
