3464 4200
2705 333 2851 519 57
909 511 2848 792 Anina: Nicht im Geringsten. In dem Au-
917 659 2713 934 genblick, als ich diese Türe hinter
929 814 2851 1077 mir schloss, hat ein neues Leben ange-
939 999 2931 1217 fangen,in dem weder du existierst noch
947 1197 1478 1405 Cansanova
954 1280 2891 1551 Andrea: was hast du vor? Wohin willst
969 1495 1516 1683 du fahren?
979 1611 2856 1831 Anina: Auch wenn ich es wüsste, würde
977 1761 2595 1994 ich dir die Antwort verweigern.
989 2017 2993 2280 Andrea: Anina, es ist nicht mehr notwen-
984 1974 1393 2152 ennnixi
994 2164 2993 2410 dig, dass wir uns trennen.Ich habe mich
1005 2372 2370 2558 entschlossen zu vergessen.
1012 2482 2933 2695 Anina: Es kommt jetzt wohl nicht mehr
1020 2648 2007 2851 auf dich allein an.
1027 2773 3014 3031 Andrea: Anina,es gibt eine Möglichkeit
1037 2971 2590 3139 für uns Beide es zu vergessen.
1052 3096 3034 3332 Anina: Und wohl auch für Herrn Casano-
1062 3339 1247 3474 va?
1082 3392 2896 3637 Andrea: per weiss es nicht.Der muss
1065 3540 3079 3788 nicht einmal etwas vergessen.Er glaubt,
1087 3710 3069 3965 dass es Flaminia war.Sie hatte verspro
