3496 4232
2831 417 2981 669 32
1106 629 1972 811 bald als möglich
1800 726 2084 879 andrea
1113 784 3080 979 Anina: Warum? Er wird es niemals sein
1108 971 1488 1113 müssen.
1103 1066 3065 1288 Flaminia: Sagen Sie das nicht. Die Ei-
1096 1228 2903 1428 fersüchtigen sind es auf alles. Wer
1093 1398 3015 1565 dazu geboren, der ist es nicht allein
1096 1538 2853 1740 auf Männer, denen wir gehörten, der
1118 1710 2956 1892 ist’s auf schwestern,Freunde,Blicke
1111 1847 2931 2009 von der Strasse,auf Träume.Scherze,
1108 2004 3038 2192 auf die Luft - Da ist’s schon gleich.
1098 2197 3010 2424 Und wer kann xxx für sich einstehen?
1106 2331 1528 2494 Niemand.
1103 2426 3105 2693 Anina: Und wenn ich einmal untreu wäre,
1103 2624 2416 2796 so wäre es keine Untreue.
1091 2771 2793 2996 Flaminia: Das versteh ich nicht.
1106 2926 2998 3108 Anina: Es ist wahr, in den drei Mona-
1103 3075 2836 3258 ten,die wir zusammen herumreisen,
1091 3263 3053 3447 Andrea und ich, habe ich tiefer in die
1106 3407 2851 3600 Welt geblickt und in mein eigenes
1096 3537 2951 3727 Herz als in den siebzehn Jahren, die
1103 3687 3053 3957 ich im Elternhaus daheim verlebt. Aber
