3464 4184
2781 392 2913 554 56
958 554 2347 776 Casanova: Warum mir nicht?
963 738 1948 910 Andrea: Casanova!
975 860 2903 1030 Casanova: Ja. Aber eben Casanova nur
965 1002 2850 1199 und nicht ein Anderer.Und der Andere
970 1167 2613 1377 ist immer mehr. selbst mehr at Coronor
968 1344 2753 1534 Andrea: Sie werden Nina vergessen.
1506 1441 2768 1539 -id -1 de keine regipt. 6.
970 1481 2978 1688 Casanova: Ich vergesse keine. Doch werd
970 1633 2810 1796 ich ohne Schmerzen ihrer denken. Ich
975 1766 2773 1943 hoffe,unsere Wege werden sich noch
980 1950 2377 2115 einmal begegnen.Herr Bassi,
973 2072 2087 2237 Andrea: pas hoff ich.
988 2175 2958 2406 Casanova: Und grüssen Sie Ihre Gattin.
980 2364 2915 2569 Sie ist schön und edel. Sie sind sehr
998 2526 2708 2706 glücklich,Herr Andrea. (er geht).
995 2683 2978 2945 Andrea: (ins Nebenzimmer) Was tutst du,
983 2868 1334 3025 Anina?
990 2938 2880 3185 Anina: Ich bin fertig. Du kannst hier
1000 3140 2948 3314 bleiben. Meine Sachen sind gepackt,ein
993 3317 2267 3489 Wagen bestellt.Leb wohl!
1000 3451 2938 3658 Andrea: Und du bist gar nicht neugie-
993 3584 2955 3863 rig, was Casanova von mir gewollt hat?
