3448 4216
3111 485 3205 620 2
592 667 2034 858 Erstens der Mann und die Frau.
592 836 3024 1027 Er: ich weiss alles, ich sah ihn aus Detnem Fenster
613 1008 1205 1146 kommen, etc.
598 1077 1468 1286 Sée: verzeih mir.
607 1205 3086 1446 Er: nein, das Bild in ihm, ich suche ihn. Er geht.
604 1446 1903 1612 Die Frau und der Liebhaber.
617 1543 2964 1753 Ste: Du bist verloren, mein Mann will Dich töten
610 1725 2429 1903 Er. Ich werde Dich r###men. und mich.
610 1884 1537 2100 Mann und Liebhaber.
604 1969 3020 2210 Liebhaber: Gott sei Dank dass ich Sie finde, die
626 2166 3143 2404 Junge Frau, die neben Ihnen wohnt war meine Geliebte,
639 2360 1634 2526 ihr Gatte sucht mich.
682 2560 2235 2748 be findet sie wth mit einem Andenken mit'
770 2582 2711 2830 me, die Claude, – gester Haus lindert die ihn kennen –
714 2789 1556 2948 Vosilh aus! - (Den Brief!-
751 2739 2795 3042 me ist es solich! - Um ich dankte es sei die andte! - es se
782 2880 3121 3133 das Feigerie Feurdes, der er der Hof machte, s. im Stückgut
808 3074 2839 3268 Es cesählte noch, dass du kein geld hette. Iil wie it Co
