3480 4216
2817 441 2951 572 33
1113 511 2988 804 ich weiss, dass ich Andrea gehöre, nur
1105 767 3058 933 ihm allein. Und wenn ich einem Andern
1683 855 2009 964 J. Cersdort
1120 913 3046 1081 je gehörte, so könntees nie mit meiner
1108 1057 2949 1186 Seele sein und nicht für länger als
1108 1198 2910 1373 für eine Nacht. So wär's ein Traum
1108 1356 2800 1524 gewesen und nicht mehr. Im ersten
1105 1524 2688 1673 Grauen des Morgens fortgeweht.
1110 1656 2993 1838 Flaminia: Nur dass Sie da die Männer
1120 1780 2997 1963 schlecht kennen Sie meinen, dass ihre
1118 1992 2944 2165 Rechte niemals aufhören. Je tugend-
1118 2099 2927 2269 hafter eine war,umso mehr bestehen
1130 2284 3007 2457 sie auf ihren eingebildeten Rechten.
1142 2440 3095 2591 Ich lache jeden aus, der sich einbildet
1130 2588 3085 2793 ich war sein, weil ich in seinen Armen
1142 2766 2048 2898 lag. Sie lächeln?
1142 2861 3029 3117 Anina: Wer hätte mir vor wenigen Mo-
1142 3056 2876 3214 naten noch gesagt, dass ich solche
1142 3202 2304 3365 Dinge verstehen würde.
1147 3358 3071 3567 Flaminia: Nur verstehen...Wissen Sie,
1154 3516 2832 3716 dass man uns hier für Schwestern
1154 3638 1493 3813 hielt?
