3528 4184
2711 301 2853 505 41
942 487 2856 670 recht. Er wäre ein besserer Gefährte
948 682 2959 906 als ich. Lustiger.. unbeschwert. Du hast
960 839 2807 1033 dich ja rasch in diese Gesellschaft
958 1012 2802 1166 gefunden. Ich hätte das nie gedacht.
950 1151 2912 1354 Mit was für Leuten sind wir zusammen?
960 1318 2946 1512 Anina: Du behagst dich vielleicht bes-
966 1473 2235 1617 ser unter ihnen als ich.
963 1581 2876 1810 Andrea: Wirsind nun einmal da hinein
976 1754 2820 1970 geraten. Der erste Schritt vom Wege.
979 1906 2039 2096 was blieb uns übrig?
976 2029 3018 2289 Anina: Wir müssen nicht mit ihnen blei-
984 2196 3008 2390 ben.Du hast genug Geld gewonnen,verlas-
981 2341 3054 2534 sen wir diesen Ort so rasch wie möglich,
986 2480 2941 2699 wir wollen vernünftig leben,du kannst
997 2616 2884 2869 einen Beruf ergreifen. Komm! lu einer
991 2845 2423 3020 Stunde können wir fortsein.
989 3002 2861 3167 Andrea: So viel Angst vor Casanova?
997 3108 3010 3324 Ueberall können wir solchen Leuten be-
1007 3329 1378 3492 gegnen.
1007 3458 2168 3654 Anina: Niemals wieder.
1009 3618 3062 3852 Andrea: Was ist dir? Was stand in jenen
