3448 4200
2803 316 2936 471 69
1109 459 2178 677 eine eine Demütigung.
1094 635 3061 822 Santis: Also, lassen Sie endlich hören.
1094 807 2933 981 Andrea: Die Frage lautet so. Welche
1109 939 2941 1126 Frauhat mehr pecht auf eines Mannes
1096 1099 2926 1288 Gunst.Eine, die er besass eine Nacht
1096 1261 2838 1415 lang, im Glauben, es sei die Andere
1104 1422 2987 1592 oder jene andere, die ihm nicht gehör
1094 1550 2982 1758 te und die er doch zu besitzung glaub-
1094 1719 1265 1825 te.
1096 1817 2982 2053 Santis: Ein höchst verzwickter Fall.
1106 1994 3058 2200 Wie sagten sie doch? Höhe des Problems.
1109 2156 3071 2354 Wahrlich, nur ein Problem. Denn wie kam
1099 2308 2217 2484 sich solches begeben?
1109 2465 3063 2641 Andrea: Vielleicht hat sich’s noch nie
1101 2614 2985 2796 begeben,wird sich’s nie begeben.umso
1096 2762 3058 2970 merkwürdiger bleibt die Geschichte für
1099 2945 1967 3117 den Philosolphen.
1106 3102 2980 3264 Santis: Ich will’s mir mundgerechter
1104 3250 2879 3436 machen. Philosophie Øst meine Sache
1109 3419 3048 3586 nicht. Zwei Frauen sagen Sie. Erlauben
1096 3551 3034 3733 Sie, dass ich mir zwei Frauen darunter
1104 3703 2818 3877 vorstelle.Und auch den mann dazu,
