3384 4168
2659 413 2802 590 88
839 615 2271 784 Andrea: (schüttelt den Kopf)
852 751 2810 973 Santis: Zum Frühstück, meine Damen und
849 917 1235 1094 Herren!
862 1061 2757 1265 Gudar: (zu Anina) Darf ich Sie zu Ti-
864 1222 1522 1409 sche führen?
864 1348 2686 1562 Anina, (mit einem letzten Blick auf
864 1512 2885 1721 Andrea) Gern,Herr von Gudar.Warum seuf
877 1721 1318 1870 zen Sie?
879 1819 2709 2031 Gudar: Einmal noch jung sein. Doch,
874 1988 1772 2157 man war's einmal.
885 2142 2848 2349 Casanova: (zu Andrea) Es tut mir wahr.
897 2306 2895 2460 lich leid, dass ich Sie so übel gelaunt
892 2472 1522 2628 zurücklasse.
895 2575 2921 2775 Andrea: Nicht übel gelaunt.Dies ist ein
902 2737 2744 2916 tiefres Weh und hat kaum mehr etwas
900 2870 2719 3100 mit dem, was ich erlebt habe, zu tun.
900 3042 2913 3251 Casanova:Szehen sie,wie die drei Fraun
902 3200 2903 3377 sich wohl vertragen.So verschieden sie
907 3374 2863 3563 sind, -alle schwesterlich vereint. Ja,
922 3468 2802 3740 wären alle Männer Brüder so,wie alle
917 3649 2817 3893 Frauen Schwestern sind - um wie viel
