3448 4200
2770 381 2892 521 63
1064 526 3029 758 er mir's erzählt, denn bei Anina war er
1076 692 2910 922 diese Nacht und glaubte, dass er bei
1086 907 1748 1098 plaminia sei.
1078 968 3051 1227 Flaminia: Glaubte, dass er bei Flaminia
1086 1186 2394 1384 sei... und war bei Anina
1103 1289 3066 1550 Anina: Und weiss es nicht. Drum geh ich
1127 1457 2973 1677 jetzt es ihm sagen und mir zu holen,
1115 1633 3064 1829 was er diese Nacht mir schuldig blieb,
1117 1763 3034 1980 da er Flaminias Bild vor Augen hatte,
1122 1929 2736 2149 wenn auch mich in seinen Armen.
1134 2034 3064 2342 Flaminia: Und im Aug mein Bild. Ja, wie
1137 2262 2039 2474 kommt alles dies?
1152 2364 2968 2631 Andrea: Am Fenster stand sie und er
1152 2601 1875 2770 sprang herein.
1152 2685 3039 2966 Flaminia: Am Fenster hier, das er für
1154 2841 3005 3100 meines hielt. Wie kam!s, dass Sie am
1166 3061 2024 3237 Fenster standen?
1178 3090 3066 3403 Anina: Es beliebte mir.Die Nacht war
1188 3377 1513 3562 schön.
1196 3462 3024 3694 Flaminia: Sie haben wohl gehört, was
1198 3597 2890 3841 ich gestern mit ihm besprach- Am
