3512 4152
2643 352 2771 498 48
935 577 1877 718 Andrea - Casanova.
942 723 2817 927 Andrea: ich freue mich Sie zu sehen.
945 843 2429 1024 Womit kann ich Ihnen dienen?
963 1001 2952 1157 Casanova: Eine Bitte. Leider bin ich ge-
960 1170 2745 1341 nötigt Spa zu verlassen. Ich hatte
960 1328 2837 1548 gestern unglück im Spiel, wie Sie be-
963 1448 2835 1640 merkt haben. Und Sie sehr viel Glück.
981 1629 2891 1788 Ich bin Herrn von Gudar tausend Duka.
2117 1706 2873 1816 Herr S. ist selbst. arm.
991 1775 2822 1943 ten schuldig geblieben. Die muss ich
988 1946 2827 2163 begleichen, ehe ich fortreise. Leihen
993 2132 1629 2247 Sie sie mir.
1001 2189 2957 2477 Andrea: Tausend Dukaten - nicht wenig.
1006 2383 2886 2549 Und welche Sicherheit geben Sie mir?
1016 2515 2881 2789 Casanova? Ehrlich gestanden - keine.
1011 2674 3070 2891 Es sei meinen guten Willen. Der ist aber
1027 2863 2865 3013 viel wert.Teilen Sie mir mit, wo Sie
1037 2947 3070 3167 innerhalb der nächsten Monate und Wochen
1027 3095 3013 3320 zu finden sind,Sie werden Ihr Geld be-
1037 3363 1428 3486 kommen.
1055 3445 2993 3644 Andrea: Leicht gesagt. Was veranlasst
1044 3550 2850 3774 Sie so rasch abzureisen? Versuchen
