3464 4232
2736 490 2873 603 16
868 581 2824 846 Fridolin: Ja,warum vermuten Sie - Und
871 811 2670 991 wie sollte er drauf gekommen sein.
871 953 2928 1131 Alfred: Ja, ich nehme an,er hat mich aus
879 1117 2350 1293 dem Fenster staigen gesehen.
871 1276 2824 1446 Fridolin: Ja,wie sind Sie denn in das
882 1441 2103 1583 Fenster hineingekommen?
874 1578 2996 1764 Alfred: Auf die einfachste Weise von der
890 1766 1153 1917 Welt.
885 1854 3004 2068 Fridolin: Wie konnten Sie es wagen - Hat
896 2024 2747 2196 man Ihnen solche Avancen gemacht??
893 2169 2911 2396 Alfred: Sie versprach mir beim Fenster
901 2388 1438 2533 zu stehen.
901 2490 2322 2695 Fridolin: Sie - welche sie?
898 2626 3004 2859 Alfred: Nun, die Frau Ihres Freundes.Die
909 2777 3048 2993 se hübsche Person mit dem Muttermal (¬
425 2807 775 2977 nadne
2684 2870 3166 3024 de la M Buit
334 2958 742 3076 sous ou :
912 2980 2112 3133 auf der linken Schläfe.
378 3013 690 3139 &cuse
920 3087 2766 3311 Fridblin: Das hatte sie auch in der
923 3281 1567 3437 Nacht?
923 3388 2982 3591 Alfred: Es ist anzunehmen. Gesehen habe
2043 3514 2769 3637 Ist hab es gepät (Oh
939 3596 3029 3771 ich es freilich nicht.Schade,es war sehr
931 3722 2224 3919 dunkel. Ist habe sie wir das
997 3801 2520 3988 In sie wissen nicht: wie in meiner
896 3793 3095 4053 2. Allerstens weiß ich... Ich hat es bei Tag... das schöne
1057 3914 3032 4094 schaise Haar... Bei Fytrus ne s'en verler. Die¬
