3480 4168
2685 445 2830 580 92
971 567 1981 740 Schicksal schenkte.
961 709 2924 913 Andrea: Sie nennen mich Ihren Freund?
971 877 2863 1121 Ich kann es Ihnen nicht zurückgeben,
964 1058 1553 1205 fürcht ich.
986 1185 2993 1350 Casanova: Das verlang ich nie. Es würde
959 1358 2967 1508 mich beinah bedrücken, wenn ich so viel
974 1515 2916 1653 empfinge, als ich geben kann. Ich will
961 1681 3008 1848 Schuldner haben. Mir soll jeder Mann und
1002 1828 2850 1981 jede Frau wie einem Gläubiger gegen
1396 1927 1739 2026 dore in
969 1988 2949 2120 überstehen, der nie dran denkt sich et-
966 2105 2876 2281 was einzufordern. (Sie verlassen Arm
961 2273 2881 2420 in Arm das Zimmer.Man hört von draus.
966 2420 2985 2573 sen Lachen und Gläserklingeln.Zuletzt :
959 2598 2863 2769 Da sind sie! Willkommen Andraa Bassi!
966 2723 1452 2926 Casanova!
