3480 4200
2729 375 2864 543 65
1083 543 2374 748 auch die andern rauben...
1078 663 2924 915 Anina: Da die von heute nicht nicht
1083 890 1816 1068 meine waren...
1088 1008 2929 1166 Flaminia: Vielleicht die meinen? Da
1093 1161 2784 1368 ich sie doch nicht gefühlt habe.
1103 1301 2981 1531 Anina: Was ich gefühlt war (Diebstahl
1111 1418 2929 1671 oder Selbst)trug.Es wandelt sich ihr
1106 1621 2939 1816 Nachgeschmack in Bitterkeit, was mir
1121 1746 3129 1958 an Lust vergönnt war,in Beschämung,mein
1111 1893 2904 2111 Glück in Hohn und ich bin ärmer so
1113 2021 2891 2289 als ich gewesen, eh ich ihn umarmt.
1116 2171 3007 2434 Flaminia: Und ich“, der durch ein lä-
1133 2356 3054 2549 cherliches Zufallsspiel nur Sehnsucht
1126 2481 2956 2734 zuteil ward statt der Erfüllung,die
1123 2646 3017 2854 mir zugedacht war..Nun,es ist nicht
1131 2826 2874 3009 zu spät dies nachzuholen.So rasch
1141 2909 3077 3152 findet Herr Gasanova keinen wagen zur
1156 3132 2866 3329 Abreise, da Santis alle für unsere
1156 3297 2344 3509 Lustfahrt gemietet hat.
1151 3449 3089 3674 Anina: So wollen wir sehen, für wen er
1156 3597 2066 3832 sich entscheidet?
1168 3707 3079 3994 Andrea: So tief willst du dich ernie-
