3384 4168
2642 297 2781 454 89
1027 470 2918 673 leichter wär das jeben doch. Die abe.
1029 599 3044 802 fühlen tief, was Sie,Andrea Bassi, nicht
1035 753 2848 968 fühlen und nicht wissen und was ich
1032 937 2952 1133 nur weiss, aber ohne es immer ganz zu
1035 1115 1422 1298 fühlen.
1045 1272 2975 1468 Andrea: Nun wollen Sie mir Fragen zu
1050 1424 1705 1561 lösen geben?
1063 1569 3070 1744 Casanova: Was quält Sie so? Sie leiden
1058 1685 2884 1883 unter dem Wahn, dass man Sie betrog.
1055 1876 1976 2023 Andrea: Ein Wahn?
1063 1997 2972 2203 Casanova: Ich auch ein wenig noch,so
1068 2185 2812 2330 heiter ich mich anstelle. Aber ich
1066 2317 3037 2508 hätte allen Grund heiter zu sein.Denn
1084 2474 3088 2655 eben hat mir Nina, die mir so teuer, den
1094 2626 3021 2820 echtesten Beweis ihrer Treue gegeben.
1073 2802 2838 2982 And na: Nicht jeder ist so mild,so
1086 2946 1979 3150 klug nicht jeder.
1109 3068 2866 3287 Casanova: Sie können ruhig sagen.
1086 3235 2954 3375 weise. Denn ich bin's noch nicht. Ich
1091 3418 1791 3594 sag’s nur so.
1102 3535 2931 3746 Andrea: (zum Fenster hinausweisend)
1102 3687 3176 3847 Dort gehn die treuen Fraueneng umschlun-
1130 3893 1331 4033 gen.
