3544 4200
2911 229 3034 414 50
1126 373 2473 584 Casanova: Adieu,mein Herr,
1102 542 2166 756 Andrea: Ble iben sie.
1123 675 2974 876 Casanova: Ich bin nicht hier,um von
1121 834 2643 1045 Ihnen Belehrungen anzunehmen.
1105 1042 3114 1212 Andrea: vertrauen gegen Vertrauem.Hier
1100 1191 2955 1368 haben sie tausend Dukaten ohne jede
1087 1303 3114 1517 Sicherstellung. Nur das eine möchte ich
1100 1462 3002 1707 wissen, was Sie zu dieser plötzlichen
1092 1629 2067 1814 Abreise veramlasst.
1102 1733 3094 2012 Casanova: Nun,wir sind Männer.Und Sie
1084 1918 3049 2148 gefallen mir und ich will Ihnen einen
1092 2072 2984 2314 guten Rat erteilen.Hüten sie sich vor
1089 2241 1770 2445 Ihrem Freund.
1071 2382 3114 2549 Andrea: Mein Freund? Wen nennen Sie so?
1084 2523 2335 2752 Casanova: Herrn Santiss
1071 2700 2755 2906 Andra: Er ist nicht mein Freund.
1082 2843 3062 3096 Casanova: Sie sind zusammen hier ange-
1058 3041 1452 3208 kommen.
1056 3094 3094 3372 Andrea: Ein Zufall... Der Zufal einer
1061 3339 1400 3487 Reise.
1069 3469 3167 3688 Casanova: Ich hätte es mir denken können.
1048 3597 3141 3852 Andrea: Also was ist's mit Herrn Santis
