6520 4088
560 285 2840 531 Die eine Treue gibt es  sie heint. Greduch
595 464 2457 656 Uitren ist überall. so ist ihr werle.
585 601 2645 844 Schreibt, Frau und Schicksal ist
640 777 2367 1043 in gleicher Greise umbeu¬
627 1040 3135 1280 mine: Und en is werd ich den sie (a) auver¬
589 1244 2828 1478 [illegible] this. He we has kind.
729 1398 2824 1590 so sprach sie noch vor - 10 Tares.
749 1587 2943 1727 rend an Tage dienst... doch nein.
675 1718 2783 1910 belrog -:- Belung gibts unhl
669 1897 3100 2092 Une tige gibt - Und die auch nicht -
627 2098 2991 2242 Wem wes sie wilt werkt, weiß wiss
694 2223 3090 2399 in ihr - und wer sie clurchschaft. den
675 2367 2044 2581 ist nie nicht weke. -
752 2591 2802 2796 Andree verclossen purchbleiben.
832 2780 2828 2975 Ich bin für diese Leichte woll mit
819 2924 2959 3180 geschaffen? - Besitzunterlich. Und
803 3112 2866 3327 Das ist bemerzlichkeit, ich sehr
902 3288 2745 3509 nicht ein. So leht weit hier. -
816 3397 2997 3656 Flammer: (nebsent and 1st at billes)
947 3618 1926 3870 Ernt ja heill.
5835 224 6282 397 - 21 ce pct get
3391 224 5694 496 also fort - ich monistörer! — Die seinben¬
5857 352 6014 435 D'
5771 403 6263 518 e-même
5777 473 6254 605 is etc...:-
3448 416 5419 710 Yedknevch ja sind, bhiler - -
3848 576 4709 726 befreundet die zu an.
3586 624 5176 873 Casouon wir jemalst.
5726 643 6238 892 bif liefertl
5582 796 6158 940 will - my
3506 803 5489 1068 sowiell will bek - not
5643 908 6241 1129 well if it
5694 1014 6020 1187 ohne
3429 1052 4696 1324 Bam. Sicambf
3474 1123 5886 1590 Cavonn. Ich hab gestornde 100/2 Unkunden je
3512 1449 4657 1683 d. bevor, oder
3451 1526 5486 1858 Basin On tis compts un un
3448 1753 5595 2127 Crona Cipar sel sis nu bor
3432 1938 5256 2354 Grouwer. Un forme -
3474 2159 5828 2524 Basen. Vis; und weiterheits¬
3480 2348 5847 2745 Cassero. Voir et son sera nicht.
3570 2537 6097 2981 weil ich fort noch. Ich hatt. ein Elsterie
3522 2757 6097 3164 nau - ich ihn.  Zehah. Oh ich fürchte kein
3579 3029 5895 3346 gehört,  - aber der do ich zu furcht
3618 3221 5857 3595 hat. ist er behaften läßt.
3592 3435 5751 3800 will iusgripl lassen at
4456 3656 5809 3883 - Il trouvait de le tous
3624 3672 4286 3896 unbringen
