6808 4216
6361 108 6556 285 1r
2752 141 3062 328 M 10
775 159 1204 361 ...
3790 220 6563 516 Spal gewalt - eine dit nicht einstim¬
631 328 1132 516 verlorb.
3033 299 3246 501 21
440 429 3177 689 tort...   Nett pfind in?  Et Sicritrie
3761 465 6509 736 – un in foyt - ge thorscht. Je vois
389 642 2917 884 sich einen Hinterich, über die
3689 671 6462 956 dee i i nctiadg wt at krunt da
408 866 2932 1093 - Nill Tral, ce nt heit prit lost in
3675 948 6452 1309 duer tell... J.H.ke wott iin
436 1028 2651 1309 Belt jetzt wurde soll je
1435 1168 2344 1370 Skeus klopfert.
2167 1233 3210 1493 Gt St Wm Sir
4108 1251 6520 1529 We - see one writ weil.. J wis
429 1302 1760 1565 foller wille.
3682 1479 6462 1767 de Fusl wilt -.. Sie mittremt
361 1529 3123 1807 ne vulichs tous ses Luft; -
404 1742 3274 1973 ohve e ne le lutd tepge tinantie
3693 1702 6589 2048 an ob[illegible], offert in de this.
350 1940 3202 2175 tieterd'hier bin; - weeton
3779 2016 6484 2308 2. Je faut repre en un
393 2149 3022 2387 ihres gewust noch, legt und behaufe
3704 2243 6340 2474 in you sent her. A Heirer, de
750 2373 1006 2506 my
332 2337 2878 2604 or you jck kroge hs - verlief So
3671 2467 6376 2777 de in a without jor keur
411 2586 3101 2917 zu lassen, darauf d Hufe.
3707 2784 6322 3058 de m mit kommt, ein empfeh
408 2885 3083 3134 großer Wertirauf - herksich in
3689 2990 6300 3307 not be  - 2/2 pour rapen -
411 3069 3264 3365 Hambor inqe theill de Heg bivers
3686 3293 6221 3595 da a we d I tweile - - An
379 3311 3105 3660 Mr rellte in of Hains
3664 3527 6051 3830 in wh[illegible].... like week..
389 3574 952 3826 tin.
480 3704 3202 4043 Sie sich nicht dann sein xxx meyn
