6744 4200
903 264 1249 563 1.61
534 473 3279 773 and you will I that not be p Clon
719 867 2889 1123 Dr T1 da  -    Fisr  - Opiell (Ich
791 1047 2239 1322 [illegible] -
733 1253 1340 1426 sommen.
6063 90 6352 278 610
3525 282 6421 603 stol, wieder gefunden - at was i get Jahre Stuchler
3665 513 5764 791 en pa - sahe vorleitl d'ete¬
3597 733 6016 1058 Seb en T. Reim überhaut
3528 971 4828 1239 nicht gewesen
3655 1174 6128 1452 Sie wenn erte mit eine mit jetzt
3582 1416 6403 1690 nie eingeart; ernstaltlich ihn zwei Nederke
3579 1614 6284 1972 Freundschaftlich, wie er wir gethan
3582 1860 6255 2120 wohl a viel nimmt tell the Reine I.
3590 2073 6439 2405 ne je me selegenten geteft tell was
3590 2340 6392 2564 ihn alles zu wäche. - und sie bortich
3586 2578 6475 2885 an, so is froh we... sich ausgelegt zu können?
3568 2806 6316 3044 a pletlet bei i et a a c de tep.- u
3586 3023 6403 3308 t-elle et Readigu e Chal - nul y en kon
5099 3243 5301 3402 in
3597 3308 6399 3579 patre. erghe and for the een Bekant
