6760 4200
5989 169 6332 386 6th
303 332 3031 587 J u. 10 to or... but.. zeile - atm.. to agi
3514 396 6382 652 Herr Besichtigung und als Zeit¬
220 523 3110 858 have Aufsicht. War, de, sovit U.M..
2418 710 2764 832 ne ld
3528 681 6361 951 - die Sache sehr abgeacht. – In mei- weil für
378 786 3002 1067 At hew Angelhoostst kein
3517 897 6343 1092 in üble Varielis...  la et en metcri à Thible nicht
238 1027 2854 1387 Welp zu bleiben. Er arbeiten
3499 1103 5611 1326 und in de Heure, die rechtigung
5636 1049 5838 1247 .
3517 1243 6206 1470 en Lieuen - des Sineleverl. huwe - beiden
256 1283 3038 1600 sich über... Eben... weil..   wort
3478 1373 5406 1643 Folio de moleni Cendri Czerni
198 1496 2869 1885 I am in the.. to let it.
3589 1553 6184 1831 Notgld. d. Bände - xxx..
3561 1784 3971 1924 sehr cl.
5045 1769 5489 2029 sent to
3773 1852 4800 2065 chen R. erligen?
281 1885 753 2108 with
3654 1996 5308 2224 Nun etc. - frühc. Secreter.-
389 1946 3081 2296 Oke uit zu antworten bezor. Thuer
3791 2083 6512 2342 - Entref.. Sept ou ils  A ce fait euilleur.
303 2220 3088 2566 or Nartwelt terges alle Malter-
3762 2306 5442 2512 st to  -   S-  u topeur  -.
3676 2429 5553 2685 kennigt. Sie wohl inde a. Hn Emla¬
353 2494 2894 2854 Reich. H. Ri, we ne no
3780 2613 5236 2804 i.e. huithin -  d. Scti plasf.
544 2656 2894 3042 som talle, terginchten.
3852 2797 5863 3099 Sie het wort i a jet  - - -  Entement- nicht
4000 3013 5658 3175 1st in Sie kann = un + kann - -
584 3067 1636 3247 At die geht gut...
667 3114 2350 3359 E. biven ist uit... Sie.....  d beti...
3892 3124 4800 3330 The Nipelies...
638 3207 2688 3463 Hollmeldniss-
3997 3265 5784 3499 Frey: Er tat den clor in rem acht
735 3398 2595 3654 get hinterlose. - (The Complices.....)
3989 3467 5979 3701 Et. Heim' - Kaffawie nie zum! —
706 3535 2584 3777 1 Ee legt uit hin - in alllores  1 tous deux
4022 3611 4436 3791 Kirche-
807 3683 2753 3921 Es mit ein mit fast... Soloncen i Herrn u
4123 3665 5456 3899 with lubt - Heichet Cre.
869 3816 2865 4047 Pilletitn, colors a M.S.D.  - Aene  -a/
