6760 4200
6301 64 6482 241 a
6326 223 6513 429 844
2955 284 3282 478 2e1
3618 319 6464 617 veulent ici vont eaux. Ini mal
1846 393 3005 677 Tous deux en
418 429 1811 695 - an aa be kong un st
3600 563 6354 794 licht soviel anpline Forig sel geb,
337 649 3133 928 Perlemment ni vivet verement de ne puis
3583 794 6375 1074 de lui nal kan en velbt; an selle
907 826 1797 1038 in Beklubend
1903 925 2973 1148 heben in ihre aif
4061 960 4951 1141 mit ein te hoff.
354 960 1889 1191 beteresst es dett zu
3650 985 6450 1347 Fay; contre de Sctile be il wen;
4150 1152 6226 1318 Ce môlle et il me même e et cinqnt
326 1208 2959 1442 d que par  ou deux ne leurs
3579 1219 6294 1478 in themilpomende, en geler
4196 1393 5060 1524 - d u st mitte.
422 1393 3115 1641 sich erst unter einige Ählt ihn Tod.
3636 1428 6152 1729 nicht in dorten. Dafür
2452 1559 2824 1690 parl
4890 1588 5390 1747 Ihr 16/4
3590 1556 6407 1928 im erkl auf alleinere - in wußte kommen
659 1619 3235 1896 - Nous avez eu de sincère cla; - de seilien
3583 1825 6202 2176 Wir, je viennent.
372 1896 3126 2172 tort aif : - wlle om : - dit cet fils
3579 2031 6294 2350 bleib d mit ail, als ihr alle
397 2126 3041 2403 on a parbon nam aufgegebet
3622 2261 6191 2566 v geb. w ne rin, Hen Fette. - a
5642 2413 6428 2598 merfch st
397 2378 2913 2640 anbege eia kleinheiten kle
3597 2513 6450 2835 [illegible] bal crstin cen trio
411 2626 3221 2927 Theubles ponhaf in die ihr schl
3622 2725 6350 3097 le 1; - nulleite ind - est
404 2860 2959 3165 1d gebenbt hatt
3600 2945 6357 3221 in this I was ergebleid kek -;.. a
415 3058 3062 3420 s'adui de lui bien évouement
3625 3189 6117 3508 d a laft tell in a bie p Her Co
429 3320 3019 3632 jens, in it he is in that.
3749 3434 6308 3763 is ce but, -, et un du Cette Ball des
471 3569 2977 3948 werterzutelf in den wohli
3728 3650 5929 3902 ne 20 va il at cussent as of
