6744 4232
6028 133 6340 348 650
2929 233 3163 416 ...
3522 352 6160 689 nur mit dem Fänge lerst er lebt sich
2818 381 3116 578 691
381 474 2998 801 Plokkeit. Majestät wieder....( Er soll
3475 556 6297 836 mit eine. de Bierchen ab u. Ihre
3457 722 6150 1106 bei ab... Sein Stiis m.i in hir hart
373 804 3120 991 ein weitere Regen in im flalleen den
3504 1041 6236 1310 -; de en Cin hie - mogen die durch
330 908 3016 1292 Crenate; - Möglich fiel ein boa Blick
3475 1278 6351 1580 alle zwischennt xxx kurzerte Haar...
373 1246 3202 1504 n. Pianewel auf ihn - u de cellek
3554 1468 6261 1745 den borlesanlig in der Höhe; -
366 1486 3048 1820 une cif foi ertappt, seulle
5162 1644 5564 1806 in me
3533 1641 6419 2043 de lui en bien helle si connoistre Efra; —
409 1756 3192 1985 Nogen geben ein Theil wie auf. Die Vorke¬
3931 1928 4606 2071 in d at
3529 1992 6250 2269 at a cinq je miel began... Es me en
402 1978 3041 2262 tot nich. – ein Nege in etmeris Frank
3540 2255 6171 2456 erkante Juchment - in one in a
377 2219 3120 2538 that on f -  de Cette cœur né à Soin
3698 2398 6505 2700 ech-vule Zuchimt, und er spiel offent ge¬
366 2470 2915 2771 wch fegotl bzrch a Allist to
3644 2603 6494 2983 hat ich; - wie es nicht die auch wäre,
2007 2714 2552 2872 en seit
398 2768 3026 3080 de Nogen, wirkte j. beym Einauf...
4559 2815 5051 3012 or grand
3637 2861 6089 3152 er hall gelt or aime and we can
434 2962 2919 3245 hr quelt weil, zu nieren kennte, auf
3651 3052 6419 3342 dat letut i with jusnid – to hult dan
398 3238 3066 3486 Sterin - will eineel hege - at the
5798 3231 6121 3385 her
3647 3332 6455 3561 sir, sond in de Hoke - wok a ch ficar
377 3464 2994 3698 all holl in her fwerfel mehr.....
3730 3518 6505 3841 gebensse bei einer führen in ein zu Stunden
402 3705 3012 3938 esine Casium toti' ich... de in deen
