6696 4232
2994 208 3274 533 90
6234 325 6476 629 85
362 311 2884 605 Uferung der and de Thilem; -c
3807 335 6155 632 and xxx unt theave in be
376 533 2973 762 cier in sui gemeurein kropergens
3766 601 6090 882 at ice jure;  the at in sit
345 837 2994 1083 -   ƒ  aint solite jemenerÿ
3705 810 6442 1063 reap; - de cbe have for Killem
1097 953 1456 1128 Bil
342 1008 3093 1319 ein hureisus di Reds ( -du pr
3742 1001 6339 1340 y huis... Bilde en der ein
434 1251 2994 1514 do us off mance is treven her
3746 1227 6370 1521 and M Blick imBregend, Sa/b
427 1473 2826 1822 nd Cinning gleich on vrfiel
3746 1507 6230 1781 There ist aplat rrpflich fuh
482 1733 2956 2088 feligt) : -  ne blut will
3728 1736 6346 2009 Ihr Antrag.  H. T werin Bruder
516 1965 3134 2303 hint rt et et theuil longer nd
3790 1951 6162 2303 by brother wife whereof the
3718 2228 6005 2505 le tel. de il Julerena d
369 2194 2826 2601 den kurs bei den Schier
492 2478 2925 2850 je suis en un jeu troubam
3776 2416 6018 2772 Angelegenheit war darin
3817 2768 4487 2994 ers bot
5605 2884 5940 2987 u d
509 2755 2919 3141 regebener Zes tat wie: - Ve-
4122 2871 5359 3083 sile une cive il
3841 2946 6281 3294 Coujug Mite
396 3065 2792 3383 plaglich wieder nicht ein
3913 3209 6138 3530 Sild ich Beuere gegennt
451 3298 2837 3705 Kiele ja de nacht S n
3889 3438 5929 3763 andern be in with one we, at
444 3592 1251 3957 'hils
