6776 4104
3779 249 4197 533 6 26
2882 346 3325 591 G2t
461 393 3163 724 not sujed on. -    ande
4197 393 6438 666 gedacht hatte, u dessen Wur
411 602 3098 890 Tiede inde wapige Anbot huil
3772 602 6470 911 Ihrk die exzullich der Zwei Bezahör
5696 793 6312 962 sar in tem
3739 850 6405 1149 des Portschaft, de Jegend beschlossen
353 854 3167 1124 we ue perl in A t. He
1120 1023 1495 1178 lute
389 1066 3123 1380 we do klei tllilager in deu forl
3768 1059 6272 1333 nen sollen. (beschlagen wir
5231 1214 5966 1369 u. eben Ver¬
3880 1311 6272 1491 Nachmittg by nesent der Leite
407 1275 3300 1610 Sowegart & not in geflegt; -
3826 1455 6430 1726 -inbegu Bell; - Et en étend
421 1524 3170 1776 not  aufin ae/e. ni de
3880 1639 6333 1924 gung sie uns eint u de Sommes eint
447 1758 3026 1992 cette ete krank, wie die Seil be
3898 1826 6412 2129 Hage giin wis wis heie. Sie kam
393 1974 3195 2216 Abeu en son septe. ait eu krava
3912 2050 6286 2298 a ee Hove weiber, das F
5897 2226 6456 2367 in me
403 2169 3188 2464 unlecieux qu'on seulement
3894 2302 6366 2551 in der Fenig gef gewandt - we
331 2446 3123 2727 in ce sind ihre teil, i Cepa
3909 2479 6160 2803 depare as hatte sie yam
360 2684 3185 2907 2 Rindes, wie sie wt, t, 10 jäl
3948 2695 6290 3019 Vorwalt als ichtlich verweder
429 2940 3004 3195 Wienicher... Es we ih in de
4006 2965 6268 3285 est combienst : - auf der Vice
458 3253 3185 3444 er avec elle, au Binell waren.
4028 3192 6247 3487 Mr A Hain le en feu Roi
3992 3401 6265 3757 reebel, at welck de Rechte
403 3448 3213 3793 Ob aif d Beitman jubid a t huld
