6712 4168
2733 260 3010 461 619
6148 249 6456 492 611
755 329 1004 495 ture
2522 388 2702 516 n a
3703 263 6456 689 Gevorben, daß wir ja verklärt
2071 357 3128 572 en mit Geburt des sel¬
388 423 2910 731 Soutier de n'emmertent enfange de fréeset.
3654 575 6325 852 une je citage même mer être
367 617 2993 908 Monsieur fond du Roelzeit in de Hendrik -
2456 817 2934 984 in the.
350 821 3100 1105 stell -; - Thild. ww wicht erfährt es
3613 824 6172 1243 will erheglich, I do me je
367 1046 3034 1268 Tage darauf aus einer jedrucklich Auzeige
4988 1056 5847 1299 (du trente)
3793 1136 6152 1413 en Eure worten an der
305 1202 3079 1458 dic ne dund die Tort jegenst utult
3588 1365 6034 1649 Wilt. schäd. kein in
312 1424 2934 1687 Sie glaubt gesetzt. In halle es jeaner
326 1628 2844 1822 wil we in glasible; - denn in de rorige
3620 1593 5701 1922 is en bel ikte...
339 1780 2823 2092 Moche belle Rold a de Reus in
3841 1874 6339 2061 An Jn fud kostr det -gen - Hlle.
333 1999 2865 2303 en croye bal ttes Genossen, und jetzt
3814 2019 6072 2307 wel i  Sll - doch in mit en 1 to
357 2210 2993 2473 was e Serenœud, at halte Stild
3831 2255 6117 2473 nal hell.  en kryen die Karte...
371 2404 3048 2674 it be letitie in eine ordre. Veise als, will
3904 2470 6266 2702 Eul Bitteur... La sie semble... id est Cls.
364 2657 3142 2819 der Haus gedrückt, undas man nie als
3897 2660 4607 2837 williger..)
333 2802 3013 3027 je rasche ds wast, weil der arde stillem
3938 2806 5902 3058 Au Cahd tg. en Deniorice
2161 2934 2428 3062 ects
4624 2996 5802 3194 Hivar.. Hebe! Hei
357 2972 2840 3197 zu glaub dann quelt. Auf eine Blich in
4319 3145 5947 3370 U ww de, w de du cet cent
391 3138 2684 3384 den Thine her, sie sich zu
4337 3329 5348 3578 (Op tout).
433 3360 2892 3609 ereinen, in der ein Spie in tullend
5390 3360 6238 3623 Mutter
4191 3488 5355 3661 Unegen en hend... tin?
5483 3547 6307 3758 Verschreven.
364 3512 2605 3814 Nedare, aber auch eingeg an S
5216 3613 5545 3793 Brick.
4181 3609 4815 3824 Allein - Jeike
