6728 4072
2931 246 3238 520 619
3610 336 3856 567 65
3892 369 6187 690 fiel it in pass Herr. Witt A
300 351 3184 596 Wee wast, Tz war i wokle i.e. ne fait
3693 603 6324 882 woll ihr zurück zu
249 557 2855 878 huvel uit or de Stille, de gut
285 806 3195 1146 Vielleicht der Heute istren.
3672 860 6284 1250 ne gleichs eissätze, ni ne
332 1026 3133 1352 ne lay an tralds in and an Criese.
3628 1113 6017 1384 with. be i Nachricht at
947 1207 1579 1380 ne seul
267 1265 2938 1521 and die Schriat was Hilde
3603 1272 6331 1648 St Ld bole wollte... Und no
307 1482 3036 1825 have one in we ld in the
3610 1583 6331 1850 since thatd we; oupe de Co.M.
307 1724 3057 1933 in fact were the att wollthear.
3614 1825 6248 2157 the ue will..
372 1908 799 2114 Dr Sch
358 1923 3101 2204 Es we do lest wch Leben...
3650 2045 6212 2396 all but   and tell us with the
716 2150 1149 2371 lling
282 2172 3151 2504 War i.e. bekan an d. Landhaft.
3574 2306 6230 2757 6t geparten a lve tranlt gere
307 2407 3021 2692 (4 Se verebert hendl w
3603 2540 6288 3021 fll d Valendal zu beniten
285 2627 2779 2967 in de has dess sic int in
3935 2819 6252 3209 Ma so nogelantra
340 2884 2598 3184 erreine, wie ich isk
314 3097 3025 3390 Mrs, etc - das veel den
3617 3137 6331 3484 ne ldge iije ne ik arbeis, sebr
340 3386 2703 3733 on heute with the hath
3939 3458 5327 3733 freit will  gi
5381 3585 6494 3838 Tray. Lingerassen
4087 3650 5124 3878 C.C. S. K
