<?xml version="1.0" encoding="UTF-8" standalone="yes"?>
<PcGts xmlns="http://schema.primaresearch.org/PAGE/gts/pagecontent/2013-07-15" xmlns:xsi="http://www.w3.org/2001/XMLSchema-instance" xsi:schemaLocation="http://schema.primaresearch.org/PAGE/gts/pagecontent/2013-07-15 http://schema.primaresearch.org/PAGE/gts/pagecontent/2013-07-15/pagecontent.xsd">
    <Metadata>
        <Creator>prov=READ-COOP:name=TrHtr:version=2.1.0:model_id=51170:date=14_08_2023_19:13</Creator>
        <Created>2023-05-10T14:36:12.058+02:00</Created>
        <LastChange>2023-08-14T19:13:03.581+02:00</LastChange>
        <TranskribusMetadata docId="1428642" pageId="55423918" pageNr="227" tsid="132822440" status="IN_PROGRESS" userId="64420" imgUrl="https://files.transkribus.eu/Get?id=IDADYEMVDDPRLSXSXLBGMPEW&amp;fileType=view" xmlUrl="https://files.transkribus.eu/Get?id=ZSYTLSHWPDSJRACKBYUONJCT" imageId="44697997"/>
    </Metadata>
    <Page imageFilename="1428642_0227.jpg" imageWidth="6856" imageHeight="4424">
        <ReadingOrder>
            <OrderedGroup id="ro_1711817170087" caption="Regions reading order">
                <RegionRefIndexed index="0" regionRef="tr_1"/>
            </OrderedGroup>
        </ReadingOrder>
        <TextRegion id="tr_1" custom="readingOrder {index:0;}">
            <Coords points="310,248 6668,248 6668,4123 310,4123"/>
            <TextLine id="tr_1_tl_1" custom="readingOrder {index:0;}">
                <Coords points="2793,348 2822,341 2891,381 2946,345 2964,341 2975,355 2993,337 3087,326 3094,203 3062,218 3011,203 2953,232 2906,203 2877,218 2800,200"/>
                <Baseline points="2817,316 2829,310 2919,310 3009,304 3098,298"/>
                <TextEquiv>
                    <Unicode>2 to be</Unicode>
                </TextEquiv>
            </TextLine>
            <TextLine id="tr_1_tl_2" custom="readingOrder {index:1;}">
                <Coords points="6432,548 6450,548 6479,515 6486,522 6533,490 6562,493 6620,424 6646,424 6635,301 6602,297 6577,316 6537,301 6490,330 6464,323 6446,345 6413,341"/>
                <Baseline points="6441,417 6531,429 6621,441 6656,423"/>
                <TextEquiv>
                    <Unicode>to</Unicode>
                </TextEquiv>
            </TextLine>
            <TextLine id="tr_1_tl_3" custom="readingOrder {index:2;}">
                <Coords points="2964,559 2996,566 3011,555 3062,580 3094,562 3109,577 3145,570 3160,584 3203,588 3192,395 3170,399 3149,377 3091,374 3040,352 2993,406 2956,399"/>
                <Baseline points="2979,483 3068,477 3158,489 3206,489"/>
                <TextEquiv>
                    <Unicode>26</Unicode>
                </TextEquiv>
            </TextLine>
            <TextLine id="tr_1_tl_4" custom="readingOrder {index:3;}">
                <Coords points="3722,609 4215,493 6588,624 6580,493 6192,399 5274,493 4349,345 3715,388"/>
                <Baseline points="3737,495 3820,513 3910,507 4000,501 4089,495 4179,495 4268,495 4358,501 4447,501 4537,501 4626,507 4716,507 4806,513 4895,513 4985,519 5074,525 5164,537 5253,543 5343,543 5432,555 5522,555 5612,561 5701,561 5791,555 5880,555 5970,561 6059,561 6149,561 6238,567 6328,579 6418,591 6507,603 6591,608"/>
                <TextEquiv>
                    <Unicode>will mehr - see sie merkli, if there</Unicode>
                </TextEquiv>
            </TextLine>
            <TextLine id="tr_1_tl_5" custom="readingOrder {index:4;}">
                <Coords points="2927,744 2982,751 3054,711 3065,718 3087,696 3196,700 3196,595 3163,588 3149,573 3109,591 3098,580 3076,588 3047,570 3022,584 2967,559 2946,580 2927,580"/>
                <Baseline points="2949,686 3038,686 3128,686 3200,686"/>
                <TextEquiv>
                    <Unicode>tol</Unicode>
                </TextEquiv>
            </TextLine>
            <TextLine id="tr_1_tl_6" custom="readingOrder {index:5;}">
                <Coords points="2438,733 2525,755 2601,729 2630,755 2652,736 2692,751 2768,722 2851,751 2851,631 2819,638 2775,599 2695,584 2659,559 2557,599 2449,555"/>
                <Baseline points="2459,728 2501,728 2591,728 2680,722 2770,716 2859,704"/>
                <TextEquiv>
                    <Unicode>schon</Unicode>
                </TextEquiv>
            </TextLine>
            <TextLine id="tr_1_tl_7" custom="readingOrder {index:6;}">
                <Coords points="3740,755 5060,740 5931,892 6047,805 6374,863 6366,689 6076,602 5699,682 4937,526 3733,646"/>
                <Baseline points="3755,710 3844,728 3934,722 4023,716 4113,716 4203,710 4292,710 4382,710 4471,710 4561,710 4650,710 4740,710 4829,716 4919,728 5009,734 5098,734 5188,746 5277,752 5367,758 5456,764 5546,764 5635,764 5725,764 5815,770 5904,776 5994,782 6083,788 6173,788 6262,800 6352,817 6382,817"/>
                <TextEquiv>
                    <Unicode>am Bled ja Schreiben tes wenst omt</Unicode>
                </TextEquiv>
            </TextLine>
            <TextLine id="tr_1_tl_8" custom="readingOrder {index:7;}">
                <Coords points="4792,856 4846,860 4868,838 4886,838 4952,878 4988,867 5006,878 5035,867 5089,878 5089,784 5028,787 4973,747 4923,729 4835,784 4792,773"/>
                <Baseline points="4812,835 4901,835 4991,835 5080,835 5098,841"/>
                <TextEquiv>
                    <Unicode>dre</Unicode>
                </TextEquiv>
            </TextLine>
            <TextLine id="tr_1_tl_9" custom="readingOrder {index:8;}">
                <Coords points="334,914 965,881 1415,990 1621,878 2347,849 2887,958 2946,718 337,769"/>
                <Baseline points="352,871 358,865 447,877 537,871 626,871 716,871 805,871 895,871 985,871 1074,865 1164,865 1253,865 1343,859 1432,853 1522,853 1611,859 1701,859 1791,865 1880,859 1970,859 2059,859 2149,853 2238,853 2328,847 2417,841 2507,835 2597,841 2686,835 2776,835 2865,835 2955,853"/>
                <TextEquiv>
                    <Unicode>in di isillendl jn wen loff geben</Unicode>
                </TextEquiv>
            </TextLine>
            <TextLine id="tr_1_tl_10" custom="readingOrder {index:9;}">
                <Coords points="3769,1063 4135,954 4629,1052 4915,972 5195,1052 5307,983 6326,1016 6323,892 5753,831 5597,925 4661,805 3765,874"/>
                <Baseline points="3785,931 3874,937 3964,943 4053,943 4143,943 4232,943 4322,937 4412,937 4501,943 4591,943 4680,943 4770,949 4859,955 4949,961 5038,961 5128,967 5218,967 5307,967 5397,967 5486,967 5576,967 5665,967 5755,967 5844,973 5934,979 6024,985 6113,991 6203,997 6292,997 6334,991"/>
                <TextEquiv>
                    <Unicode>das telle it (as a) erele... u</Unicode>
                </TextEquiv>
            </TextLine>
            <TextLine id="tr_1_tl_11" custom="readingOrder {index:10;}">
                <Coords points="287,1121 1712,1088 2140,1193 2434,1066 2927,1074 2931,943 867,1056 294,950"/>
                <Baseline points="310,1086 340,1086 429,1092 519,1098 608,1098 698,1098 788,1098 877,1104 967,1098 1056,1098 1146,1098 1235,1086 1325,1086 1414,1086 1504,1086 1594,1086 1683,1086 1773,1086 1862,1074 1952,1074 2041,1074 2131,1068 2220,1056 2310,1050 2400,1050 2489,1050 2579,1044 2668,1044 2758,1044 2847,1044 2937,1044"/>
                <TextEquiv>
                    <Unicode>cunt- und ni en cripe fil ia</Unicode>
                </TextEquiv>
            </TextLine>
            <TextLine id="tr_1_tl_12" custom="readingOrder {index:11;}">
                <Coords points="3751,1222 4672,1270 4973,1204 5394,1288 6178,1204 6072,1096 5329,1034 4908,1135 4788,1052 3747,1056"/>
                <Baseline points="3767,1182 3856,1170 3946,1176 4035,1170 4125,1170 4215,1170 4304,1164 4394,1158 4483,1158 4573,1158 4662,1158 4752,1164 4841,1164 4931,1170 5021,1170 5110,1170 5200,1176 5289,1176 5379,1170 5468,1176 5558,1176 5647,1182 5737,1188 5827,1194 5916,1200 6006,1206 6095,1200 6185,1194"/>
                <TextEquiv>
                    <Unicode>inlend naduchen fagt int</Unicode>
                </TextEquiv>
            </TextLine>
            <TextLine id="tr_1_tl_13" custom="readingOrder {index:12;}">
                <Coords points="352,1389 907,1302 1687,1407 2543,1244 3054,1284 3058,1208 2488,1103 2282,1237 1839,1244 1705,1154 1549,1219 1415,1117 359,1233"/>
                <Baseline points="376,1277 465,1295 555,1295 644,1301 734,1301 823,1301 913,1301 1003,1295 1092,1295 1182,1295 1271,1289 1361,1283 1450,1283 1540,1283 1629,1277 1719,1277 1809,1277 1898,1277 1988,1271 2077,1271 2167,1265 2256,1259 2346,1259 2435,1247 2525,1241 2614,1241 2704,1241 2794,1235 2883,1235 2973,1235 3062,1229"/>
                <TextEquiv>
                    <Unicode>gebirbet.. zu Aufbeis war kort...</Unicode>
                </TextEquiv>
            </TextLine>
            <TextLine id="tr_1_tl_14" custom="readingOrder {index:13;}">
                <Coords points="3805,1440 6297,1466 6294,1299 4886,1360 4132,1215 3805,1335"/>
                <Baseline points="3826,1391 3916,1391 4006,1403 4095,1403 4185,1408 4274,1414 4364,1408 4453,1414 4543,1414 4632,1414 4722,1414 4812,1414 4901,1414 4991,1414 5080,1408 5170,1408 5259,1408 5349,1408 5438,1408 5528,1414 5618,1420 5707,1426 5797,1426 5886,1432 5976,1432 6065,1432 6155,1438 6244,1432 6304,1438"/>
                <TextEquiv>
                    <Unicode>- Acct &amp; den... halut</Unicode>
                </TextEquiv>
            </TextLine>
            <TextLine id="tr_1_tl_15" custom="readingOrder {index:14;}">
                <Coords points="464,1513 838,1574 1654,1484 2002,1567 2488,1458 2786,1534 2971,1476 2975,1378 2325,1302 1937,1440 1810,1371 1172,1375 900,1473 472,1415"/>
                <Baseline points="489,1510 561,1510 650,1522 740,1522 829,1522 919,1522 1008,1516 1098,1510 1188,1504 1277,1498 1367,1492 1456,1492 1546,1492 1635,1486 1725,1480 1814,1480 1904,1480 1994,1474 2083,1462 2173,1462 2262,1456 2352,1444 2441,1438 2531,1432 2620,1432 2710,1426 2800,1432 2889,1426 2979,1426"/>
                <TextEquiv>
                    <Unicode>- m, à d'bal. d'il jusl.... le cau</Unicode>
                </TextEquiv>
            </TextLine>
            <TextLine id="tr_1_tl_16" custom="readingOrder {index:15;}">
                <Coords points="1335,1636 1407,1611 1480,1629 1567,1596 1716,1632 1799,1596 1901,1592 1904,1549 1806,1516 1745,1556 1683,1509 1611,1495 1578,1516 1339,1513"/>
                <Baseline points="1355,1600 1373,1594 1462,1600 1552,1594 1641,1594 1731,1588 1820,1582 1910,1582"/>
                <TextEquiv>
                    <Unicode>de leur</Unicode>
                </TextEquiv>
            </TextLine>
            <TextLine id="tr_1_tl_17" custom="readingOrder {index:16;}">
                <Coords points="3740,1716 5158,1658 5354,1745 5913,1669 6326,1734 6337,1538 6112,1582 5927,1462 4563,1614 3740,1585"/>
                <Baseline points="3761,1635 3850,1647 3940,1653 4029,1653 4119,1653 4209,1647 4298,1647 4388,1647 4477,1647 4567,1647 4656,1653 4746,1653 4835,1647 4925,1641 5015,1647 5104,1647 5194,1647 5283,1647 5373,1653 5462,1653 5552,1659 5641,1653 5731,1659 5821,1653 5910,1653 6000,1653 6089,1653 6179,1665 6268,1677 6346,1689"/>
                <TextEquiv>
                    <Unicode>allentl, if it it</Unicode>
                </TextEquiv>
            </TextLine>
            <TextLine id="tr_1_tl_18" custom="readingOrder {index:17;}">
                <Coords points="326,1777 2293,1672 2964,1821 3040,1582 2303,1484 1632,1672 1201,1582 330,1680"/>
                <Baseline points="346,1761 358,1761 447,1755 537,1749 626,1743 716,1731 805,1725 895,1719 985,1707 1074,1707 1164,1707 1253,1701 1343,1707 1432,1707 1522,1713 1611,1707 1701,1707 1791,1701 1880,1695 1970,1683 2059,1677 2149,1665 2238,1659 2328,1653 2417,1647 2507,1647 2597,1647 2686,1653 2776,1647 2865,1659 2955,1665 3044,1665"/>
                <TextEquiv>
                    <Unicode>will - 2 he wie nicht ein je</Unicode>
                </TextEquiv>
            </TextLine>
            <TextLine id="tr_1_tl_19" custom="readingOrder {index:18;}">
                <Coords points="337,2064 2383,1868 3098,1952 3127,1738 1734,1875 696,1799 345,1901"/>
                <Baseline points="364,1976 441,1970 531,1970 620,1964 710,1958 800,1952 889,1952 979,1946 1068,1946 1158,1940 1247,1940 1337,1934 1426,1928 1516,1922 1606,1922 1695,1910 1785,1904 1874,1898 1964,1892 2053,1886 2143,1880 2232,1874 2322,1874 2412,1862 2501,1862 2591,1862 2680,1862 2770,1868 2859,1868 2949,1868 3038,1862 3128,1862"/>
                <TextEquiv>
                    <Unicode>falt un a un crime - no</Unicode>
                </TextEquiv>
            </TextLine>
            <TextLine id="tr_1_tl_20" custom="readingOrder {index:19;}">
                <Coords points="3758,1959 5351,1875 6123,1966 6370,1937 6370,1774 4059,1759 3762,1868"/>
                <Baseline points="3779,1934 3815,1928 3904,1916 3994,1904 4083,1904 4173,1898 4262,1892 4352,1892 4441,1892 4531,1892 4621,1892 4710,1886 4800,1880 4889,1868 4937,1862 5027,1862 5116,1868 5206,1874 5295,1868 5385,1880 5474,1880 5564,1886 5653,1880 5743,1874 5832,1874 5922,1874 6012,1874 6101,1880 6191,1886 6280,1898 6370,1910 6376,1910"/>
                <TextEquiv>
                    <Unicode>S Coenkundt... ab.. d him</Unicode>
                </TextEquiv>
            </TextLine>
            <TextLine id="tr_1_tl_21" custom="readingOrder {index:20;}">
                <Coords points="323,2264 2086,2184 2289,2093 2655,2180 2964,2104 2971,1973 2322,2068 1828,1944 1513,2097 827,2060 330,2151"/>
                <Baseline points="346,2214 376,2214 465,2209 555,2203 644,2203 734,2197 823,2191 913,2191 1003,2185 1092,2185 1182,2179 1271,2167 1361,2161 1450,2155 1540,2149 1629,2143 1719,2131 1809,2125 1898,2113 1988,2107 2077,2101 2167,2095 2256,2095 2346,2095 2435,2101 2525,2101 2614,2095 2704,2089 2794,2095 2883,2089 2973,2089"/>
                <TextEquiv>
                    <Unicode>en est et vielleu lieber - ne pt</Unicode>
                </TextEquiv>
            </TextLine>
            <TextLine id="tr_1_tl_22" custom="readingOrder {index:21;}">
                <Coords points="3776,2155 3921,2187 4001,2155 4204,2216 4255,2184 4458,2176 4534,2133 4701,2133 4701,2086 4505,2097 4368,1991 4201,2046 3979,2039 3776,1962"/>
                <Baseline points="3797,2119 3886,2131 3976,2131 4065,2131 4155,2137 4244,2131 4334,2131 4424,2131 4513,2131 4603,2131 4692,2125 4710,2125"/>
                <TextEquiv>
                    <Unicode>in selbe...</Unicode>
                </TextEquiv>
            </TextLine>
            <TextLine id="tr_1_tl_23" custom="readingOrder {index:22;}">
                <Coords points="3798,2394 4857,2409 5474,2293 6395,2340 6399,2176 5365,2249 5089,2151 4857,2267 4371,2169 3802,2216"/>
                <Baseline points="3820,2328 3898,2334 3988,2340 4077,2340 4167,2340 4256,2334 4346,2334 4435,2334 4525,2322 4615,2322 4704,2322 4794,2322 4883,2316 4973,2316 5062,2304 5152,2304 5241,2298 5331,2292 5421,2286 5510,2286 5600,2286 5689,2286 5779,2280 5868,2280 5958,2280 6047,2280 6137,2286 6227,2298 6316,2304 6406,2316"/>
                <TextEquiv>
                    <Unicode>At plustart. I ist willen, d</Unicode>
                </TextEquiv>
            </TextLine>
            <TextLine id="tr_1_tl_24" custom="readingOrder {index:23;}">
                <Coords points="345,2503 791,2438 1183,2514 2583,2332 3011,2391 3145,2264 2416,2129 2202,2264 352,2369"/>
                <Baseline points="370,2447 376,2441 465,2447 555,2447 644,2447 734,2435 823,2429 913,2429 1003,2429 1092,2417 1182,2412 1271,2412 1361,2406 1450,2400 1540,2388 1629,2382 1719,2370 1809,2370 1898,2358 1988,2358 2077,2352 2167,2346 2256,2334 2346,2340 2435,2328 2525,2322 2614,2328 2704,2328 2794,2322 2883,2328 2973,2328 3062,2328 3152,2334"/>
                <TextEquiv>
                    <Unicode>wie wie weit - des K.</Unicode>
                </TextEquiv>
            </TextLine>
            <TextLine id="tr_1_tl_25" custom="readingOrder {index:24;}">
                <Coords points="3747,2659 4016,2750 4523,2568 5590,2630 5909,2514 6642,2641 6671,2383 5615,2481 5282,2343 4553,2507 3751,2510"/>
                <Baseline points="3767,2591 3856,2591 3946,2591 4035,2591 4125,2591 4215,2585 4304,2585 4394,2573 4483,2567 4573,2555 4662,2555 4752,2555 4841,2549 4931,2543 5021,2537 5110,2537 5200,2537 5289,2543 5379,2543 5468,2537 5558,2525 5647,2519 5737,2513 5827,2519 5916,2513 6006,2513 6095,2513 6185,2519 6274,2519 6364,2531 6453,2555 6543,2573 6633,2591 6668,2597"/>
                <TextEquiv>
                    <Unicode>bewist.. 1d s.g. Jhorn &amp;..... Td Theres</Unicode>
                </TextEquiv>
            </TextLine>
            <TextLine id="tr_1_tl_26" custom="readingOrder {index:25;}">
                <Coords points="410,2713 1825,2724 2238,2594 3069,2652 3080,2434 417,2586"/>
                <Baseline points="429,2692 483,2698 573,2698 662,2692 752,2692 841,2692 931,2692 1020,2686 1110,2686 1200,2674 1289,2668 1379,2662 1468,2650 1558,2638 1647,2632 1737,2626 1826,2620 1916,2603 2006,2597 2095,2591 2185,2585 2274,2579 2364,2579 2453,2579 2543,2579 2632,2579 2722,2579 2812,2585 2901,2591 2991,2591 3080,2597"/>
                <TextEquiv>
                    <Unicode>a rd rd in Jupuirks spil</Unicode>
                </TextEquiv>
            </TextLine>
            <TextLine id="tr_1_tl_27" custom="readingOrder {index:26;}">
                <Coords points="5982,2699 6004,2695 6029,2710 6054,2688 6069,2688 6116,2713 6134,2695 6163,2695 6163,2547 6116,2539 6105,2528 6094,2539 6047,2528 6011,2547 5982,2539"/>
                <Baseline points="6000,2668 6089,2668 6173,2668"/>
                <TextEquiv>
                    <Unicode>be</Unicode>
                </TextEquiv>
            </TextLine>
            <TextLine id="tr_1_tl_28" custom="readingOrder {index:27;}">
                <Coords points="3831,2906 4465,2848 4868,2938 5583,2779 6555,2880 6606,2695 5049,2652 4444,2782 3834,2699"/>
                <Baseline points="3850,2829 3940,2829 4029,2835 4119,2835 4209,2829 4298,2829 4388,2829 4477,2817 4567,2812 4656,2812 4746,2806 4835,2800 4925,2794 5015,2794 5104,2788 5194,2788 5283,2788 5373,2782 5462,2776 5552,2776 5641,2776 5731,2776 5821,2776 5910,2776 6000,2782 6089,2788 6179,2788 6268,2800 6358,2812 6447,2823 6537,2835 6609,2841"/>
                <TextEquiv>
                    <Unicode>-ne meede ihn dieser undt</Unicode>
                </TextEquiv>
            </TextLine>
            <TextLine id="tr_1_tl_29" custom="readingOrder {index:28;}">
                <Coords points="410,3036 1857,2891 2906,2942 3004,2764 2253,2728 2104,2811 1161,2786 417,2891"/>
                <Baseline points="435,2961 501,2961 591,2955 680,2955 770,2955 859,2949 949,2943 1038,2937 1128,2931 1217,2925 1307,2913 1397,2907 1486,2901 1576,2895 1665,2883 1755,2889 1844,2883 1934,2877 2023,2865 2113,2865 2203,2859 2292,2853 2382,2859 2471,2859 2561,2853 2650,2853 2740,2859 2829,2865 2919,2877 3009,2865"/>
                <TextEquiv>
                    <Unicode>kann. - einzelne mit der is zu</Unicode>
                </TextEquiv>
            </TextLine>
            <TextLine id="tr_1_tl_30" custom="readingOrder {index:29;}">
                <Coords points="3813,3105 4672,3141 5851,3022 6384,3134 6388,2956 5358,2866 4411,3014 3816,2913"/>
                <Baseline points="3832,3080 3886,3080 3976,3080 4065,3074 4155,3068 4244,3062 4334,3056 4424,3050 4513,3050 4603,3044 4692,3044 4782,3038 4871,3038 4961,3038 5050,3032 5140,3032 5229,3026 5319,3026 5409,3020 5498,3020 5588,3015 5677,3015 5767,3015 5856,3015 5946,3020 6035,3026 6125,3026 6215,3032 6304,3032 6394,3038"/>
                <TextEquiv>
                    <Unicode>Nues. Abm. Als ietant</Unicode>
                </TextEquiv>
            </TextLine>
            <TextLine id="tr_1_tl_31" custom="readingOrder {index:30;}">
                <Coords points="443,3348 794,3214 1150,3323 1941,3134 3203,3243 3210,3000 2307,3058 1636,2971 1498,3076 711,3033 450,3116"/>
                <Baseline points="465,3200 531,3200 620,3200 710,3200 800,3194 889,3194 979,3194 1068,3188 1158,3176 1247,3170 1337,3158 1426,3140 1516,3140 1606,3128 1695,3122 1785,3122 1874,3116 1964,3122 2053,3122 2143,3122 2232,3122 2322,3116 2412,3110 2501,3110 2591,3116 2680,3122 2770,3122 2859,3128 2949,3140 3038,3146 3128,3152 3217,3152"/>
                <TextEquiv>
                    <Unicode>genant jou sent, die i pvotr</Unicode>
                </TextEquiv>
            </TextLine>
            <TextLine id="tr_1_tl_32" custom="readingOrder {index:31;}">
                <Coords points="3907,3301 6406,3395 6406,3225 5913,3257 5702,3138 4915,3221 3903,3120"/>
                <Baseline points="3928,3295 4018,3295 4107,3289 4197,3283 4286,3283 4376,3277 4465,3271 4555,3277 4644,3277 4734,3289 4824,3295 4913,3295 5003,3295 5092,3295 5182,3295 5271,3295 5361,3295 5450,3295 5540,3289 5630,3289 5719,3289 5809,3289 5898,3295 5988,3295 6077,3301 6167,3313 6256,3319 6346,3325 6412,3331"/>
                <TextEquiv>
                    <Unicode>Md in a hon. to... wen</Unicode>
                </TextEquiv>
            </TextLine>
            <TextLine id="tr_1_tl_33" custom="readingOrder {index:32;}">
                <Coords points="475,3464 726,3475 791,3432 907,3475 969,3428 1339,3406 1571,3446 1578,3290 1418,3228 1125,3377 896,3326 660,3403 584,3341 482,3366"/>
                <Baseline points="495,3438 507,3432 597,3438 686,3438 776,3432 865,3432 955,3426 1044,3420 1134,3415 1223,3409 1313,3403 1403,3391 1492,3379 1582,3367"/>
                <TextEquiv>
                    <Unicode>nachxx</Unicode>
                </TextEquiv>
            </TextLine>
            <TextLine id="tr_1_tl_34" custom="readingOrder {index:33;}">
                <Coords points="591,3722 2579,3642 2692,3559 2953,3573 2985,3497 2242,3395 1386,3555 602,3522"/>
                <Baseline points="614,3653 662,3659 752,3653 841,3653 931,3647 1020,3641 1110,3635 1200,3635 1289,3629 1379,3623 1468,3618 1558,3612 1647,3606 1737,3600 1826,3594 1916,3588 2006,3576 2095,3582 2185,3576 2274,3576 2364,3576 2453,3570 2543,3570 2632,3558 2722,3552 2812,3558 2901,3558 2991,3552"/>
                <TextEquiv>
                    <Unicode>I have à Mr Jefill etc 3 fr in</Unicode>
                </TextEquiv>
            </TextLine>
            <TextLine id="tr_1_tl_35" custom="readingOrder {index:34;}">
                <Coords points="3794,3686 3943,3729 4349,3591 4643,3700 5133,3588 6163,3628 6225,3421 5474,3457 5137,3374 4854,3490 4393,3421 3794,3511"/>
                <Baseline points="3815,3564 3898,3570 3988,3576 4077,3582 4167,3576 4256,3582 4346,3582 4435,3576 4525,3582 4615,3582 4704,3582 4794,3576 4883,3576 4973,3582 5062,3576 5152,3582 5241,3576 5331,3576 5421,3576 5510,3570 5600,3570 5689,3570 5779,3570 5868,3564 5958,3564 6047,3564 6137,3558 6227,3564 6233,3564"/>
                <TextEquiv>
                    <Unicode>un gschl wie gut ein weil me</Unicode>
                </TextEquiv>
            </TextLine>
            <TextLine id="tr_1_tl_36" custom="readingOrder {index:35;}">
                <Coords points="4034,3896 6127,3874 6127,3780 5949,3729 5488,3762 5293,3686 5057,3769 4567,3660 4034,3686"/>
                <Baseline points="4053,3815 4143,3820 4232,3820 4322,3826 4412,3826 4501,3826 4591,3826 4680,3832 4770,3832 4859,3832 4949,3832 5038,3832 5128,3832 5218,3832 5307,3832 5397,3838 5486,3832 5576,3832 5665,3832 5755,3832 5844,3832 5934,3838 6024,3838 6113,3832 6137,3826"/>
                <TextEquiv>
                    <Unicode>Satt Turs Nellan c in</Unicode>
                </TextEquiv>
            </TextLine>
            <TextLine id="tr_1_tl_37" custom="readingOrder {index:36;}">
                <Coords points="631,3921 903,4019 1222,3885 1857,3947 2180,3838 2753,3871 2797,3740 2430,3773 2169,3660 1397,3798 950,3704 638,3736"/>
                <Baseline points="656,3886 740,3892 829,3886 919,3886 1008,3880 1098,3874 1188,3868 1277,3868 1367,3868 1456,3862 1546,3856 1635,3844 1725,3844 1814,3832 1904,3826 1994,3826 2083,3820 2173,3820 2262,3815 2352,3820 2441,3820 2531,3820 2620,3815 2710,3815 2800,3826"/>
                <TextEquiv>
                    <Unicode>3 Geldern... in it Jelshirse.......</Unicode>
                </TextEquiv>
            </TextLine>
            <TextLine id="tr_1_tl_38" custom="readingOrder {index:37;}">
                <Coords points="540,4124 3094,4139 3022,3950 1614,4034 1157,3939 871,4023 540,3961"/>
                <Baseline points="561,4107 650,4107 740,4101 829,4101 919,4101 1008,4095 1098,4089 1188,4089 1277,4083 1367,4077 1456,4083 1546,4077 1635,4077 1725,4077 1814,4071 1904,4065 1994,4065 2083,4065 2173,4065 2262,4065 2352,4071 2441,4071 2531,4077 2620,4089 2710,4095 2800,4101 2889,4107 2979,4107 3068,4113 3104,4113"/>
                <TextEquiv>
                    <Unicode>4. Lebe Sie...  ud het.. leide vidt</Unicode>
                </TextEquiv>
            </TextLine>
        </TextRegion>
    </Page>
</PcGts>
