6648 4104
458 202 656 317 12
4343 245 4897 443 Bordens
6051 234 6303 476 1t4
378 292 616 458 1t3
3503 285 6216 616 in leicht Poliori, - die Unterhal
350 299 3124 688 mit er Herzteil in entschulift mit
3485 533 6112 807 sehrt sofort taunlos nu xxx u jul
487 573 3078 847 Trenl weint. Ie bei nigs uit, troule
3460 706 6062 987 to have the Hohldem Verden Oufby
306 771 3204 1085 (Hil. hat ein rebs siel u. Ihne crpuhet).
3452 930 6253 1243 Spaziega, Ve der Speztey Wohlde in
580 944 3175 1247 Sie enthind daf. das Hütternst.
3506 1153 6213 1442 zurück von den seinem B im Eitel oder
346 1186 2879 1445 is th erren - the Dr. Thee
5362 1330 5813 1485 sichte,
3416 1341 6307 1647 den Wiewerl, denen inutul Rege
324 1387 2969 1672 merkte, daß et u en sel seit schon
2004 1564 2227 1701 in
321 1596 505 1719 in
3510 1596 6180 1838 of Woll den weh in feie jegesin.
256 1575 2393 1917 décite leermté on, bien, xxx
2162 1629 3175 1885 in ich, die Stuf
3467 1795 6162 2061 and Hügeli Gebirzgegenden: The
288 1838 2811 2101 tell in ab du) mit Hauschut
1856 2011 2173 2177 duur
3456 1978 6141 2281 Zweifel insch Sler et Jug, Salzburg,
494 2051 2991 2328 Mr. Suppl. wie sofort aufgabe;
3445 2205 6180 2530 Wold fayte auf tage, die nu
382 2371 3251 2613 I ce will not jugereds herstwe I les sonst;
3445 2429 6137 2760 ustant de Gespräch jou nahier
360 2519 3070 2807 H. Crthlycke theilte aas;- und so built
3456 2663 6025 2973 Egabe,aschltine in it ouilestim
339 2739 3121 2955 et ci ou b eli nacht juge. - 4.
3492 2883 5950 3207 Vete, der Oberst; - und ich hätte
468 2969 2804 3211 seprad sehl sofut set tauw
360 3175 3020 3442 uor teil zu lassen u. Entzweckt
3438 3117 6263 3406 deren et A Lhifstellein, - dee
454 3326 3204 3636 Geflegel und Es war ein Ausgelichts
3406 3326 6278 3665 aber he volly abetemt war. (Thild
407 3607 2941 3863 intreffi geburt wohl; - er get ein
3485 3542 6015 3870 bewerk, daß sie deil ernomme übertens
