6856 4280
480 356 2955 727 Evie beahrchtigt und wichte.
345 651 2973 960 de l'est eçu sooque aif, - die n'il
367 883 3217 1301 a de papi; - la nul il y ettient du
1003 1051 3072 1330 King Tullverte  gout guter St
389 1145 3242 1509 fornt  of simities etci ian
382 1356 3115 1701 " " "  "    qu en fes d. Licitera
887 1658 1392 1876 in the
393 1668 3072 2003 jayle son je ciud von  a M
494 1967 3021 2243 per theo militars salutut:- -
476 2206 3079 2555 inbestenstle d - Clonnopin...
425 2515 2977 2759 Mfie né a
807 2683 1287 2908 Jorbach
451 2770 3064 3079 e Fulger indem de Arbeut
629 2999 2770 3282 année, de Ruder jeut
625 3202 3199 3519 knewen - e in altlud Her - Fort
542 3453 3177 3755 mit Glicve de it is dienist
556 3675 3228 3955 Fudel erfahrt; - en tird Grødel
3624 240 6296 676 691 men cœur kurz i in Reale
3628 451 6550 891 der Seid. angebruge.. Trot die konnte
3562 785 6448 1221 ne for meulich and daran
3584 1065 6390 1425 en Uneurf... def. er. ont de
4140 1363 4820 1603 en géazé
3599 1352 6427 1759 gent.. so coeces, with lepte... .    ne sal
3646 1567 6568 2021 omt darin, wie in gewissen fast etwa
3675 1872 6470 2265 C. H. Omyteil. RegientWherl
3675 2225 6405 2588 du le sil a jusoureuse un
3726 2370 6601 2875 at y Sibild. Brie leto.
3730 2781 6412 3195 in Mangel. Herhalt is in
3748 3075 6430 3410 im überrigt, daher ihn
3740 3308 6143 3719 d'eu Mr. de Gadel. Ich....
3871 3526 6347 3893 alle auch an ihn xyz
