6760 4200
6193 129 6472 331 630
3494 283 6248 552 S. A. J. M. de Artule, ces-coen, la stèle
386 364 555 552 6
357 463 3100 713 we theale..... with in this.... in a
3505 526 6314 816 ub seine nach zuträut seit;
342 644 2990 930 be in Operell, wch Muhilen
3486 728 6152 1037 ne sat. Suf ihn allerlei auf d
357 787 3229 1177 zeitet. «  ci xi    un M. M. St.
3527 1033 6480 1317 Lippe lag was denblad angegoet
349 1048 3247 1405 net en rviltaft. Dès jai clomite Stus
3516 1225 6403 1519 es not unttritt jelvnts... No
349 1276 3196 1673 aujourd'h : - en haut prilieux Cent
5685 1427 6163 1585 en con
3512 1497 6248 1776 u empfehlt en ciel endent, oelige
298 1526 3049 1857 teilen bemder seit. Sild an
335 1732 3027 2104 al Havre's olde i
3512 1728 6325 2023 unterve herzlich bei je wis.
2585 1887 2788 2023 be
478 1982 3085 2317 telt wenden in theil juge
3541 1975 6193 2332 verpflichten ich Ihre ein
4604 2166 5020 2365 site
581 2181 3060 2537 Sterl, hille d Kopf... bein
3505 2291 6384 2504 mir in meubl, daß nicht ein
405 2427 3071 2832 in uit jeu très a de Ope
3512 2501 6200 2754 een heile stede blad was it vor
401 2677 3163 3085 mal met m'a été être un
3545 2740 6259 3027 s etoit, wahier ni che L y aeile
423 2964 3188 3313 werin sil. A ne dei votivreur
3626 2997 4034 3328 J is
4784 3060 5137 3258 til
430 3214 2946 3604 viel in  eutteil schleit
3659 3155 6123 3530 hic Begezy halle in it. It was
3689 3446 6399 3744 for in tage in compte cet je
401 3508 2195 3887 brijablte Seelen gebe
