6744 4136
6232 159 6503 336 [5]58
2981 197 3272 412 C55
3608 249 4730 506 I. ihren Berife
339 305 3123 571 thealtaft; xxxde, manl Vortteil
3514 377 6163 679 A The Berif, der ni ici longe feil
391 547 3054 727 nd regt theil the cheft je weer.
3618 630 6035 855 Eindruck eine vollig
364 755 3064 970 bei it for der februch ein Silerher
3629 821 6291 1056 prendles i colles weiterich augusti
367 945 3130 1215 (S.dertellung boter) ; aber
3622 1004 6097 1309 hatte; - legai cie inredu son Till on
454 1136 3040 1392 bat, daß sie werkte bald daß ihr
3649 1198 6329 1447 Telle eu jeunes toutes je emplions-ci.
5481 1368 5786 1562 also
416 1333 3068 1603 indundt Herreliche Remune
3674 1406 6101 1749 es uyt nicht, daß sie nicht ver
398 1641 3099 1863 nicht erweilt, dass sie viel but
3694 1655 6302 1953 Ewelchud gel; - (oder) dass nie
364 1835 3102 2247 is fast ball in fieren même, at
3743 1891 6243 2129 in der Lage xxx kam - i wen klein
796 2133 2230 2393 selote eben - —
3791 2123 6298 2417 leirs getallen, ou der zu sammeidell
388 2240 748 2389 Ihr
481 2306 3144 2573 is lebte colling cemperger - medr ik
3819 2344 6388 2614 de aus ein gleichellige 12-19 jd
370 2486 3095 2808 peutle nal et Binte bineuet uit
3795 2545 6374 2825 Me I de (bestand), die na fier Trify
405 2670 3002 2999 sion ne, vand in Cilsrud tørte u
3819 2767 6312 3023 an die Schreibilig, täte insbereilet.
416 2936 3068 3220 nichts - - nur die Schwagerin en
3778 2950 6312 3213 Move darth ue davon, sich selbst
405 3137 3168 3494 de and bel kencivor, Tifs ne
3819 3175 6347 3466 am Prof zu inlurich, um
405 3397 2801 3688 in de Famil cie Schüleri ja in
3816 3383 6018 3674 ein staallick Comnemor, in
429 3594 3199 3920 buttye eigel t was - - aber ne fuhle
3805 3639 6125 3830 souit nellen at the
