6728 4024
6194 172 6556 410 812
2891 299 3297 540 811
3744 265 6187 551 – Sie es nach- und gegenüber
647 365 3142 668 She jaacht gewesen man: —
2598 568 2815 757 xxx
3713 520 6225 850 sent in it fornd; - and
630 582 3059 898 und er fällt, daß du in
3723 757 6487 1060 und er fiehlt ime rie entrecht.
575 802 3135 1125 amiti, Iafte der Siche et crat
3717 1001 6414 1297 auf wie darauf bak ue nie
695 995 3028 1297 da sie was uetuh. Iafs
3703 1239 6356 1542 ihn  nur al cr anfel und schob
644 1218 3076 1566 et de de verlonne (Sobri).
619 1490 2990 1769 (de ne jehver) - de 1 et
3689 1428 6325 1724 in usil n'entfern; - echoueil :
3706 1700 5227 1882 ist nicht mehr....
692 1652 2860 1996 de chs so lon fif tiend
3737 1872 5953 2151 I tort I next third but
644 1944 3087 2192 en Valorene jevene me -
3689 2120 6363 2374 we for befivillet; Verblau
699 2154 3076 2405 it the a dicke i he imed-
3713 2364 6253 2581 en, und de me immer gueck
884 2392 2942 2698 gefunden...  de er for -
1845 2553 2485 2719 de vous
853 2615 2743 2884 Heis zu ollding
3634 2553 6270 2870 tilte. - Er das erb die Biblhor¬
919 2787 3076 3159 in cinq ferechligkeit
3737 2794 6342 3111 wald, schil zu stellen, - en
936 3149 2750 3438 jurond wa  d i¬
3727 3059 6242 3369 H. Erstich in sehr Bekleinigung
1576 3300 2082 3479 what I
3765 3273 6277 3579 2 Ælkerwort, and in
981 3403 2935 3672 Nachde ui gecondert. Gegen
1019 3627 2529 3823 sach nir zurück - u
