6888 4456
2895 230 3237 391 2 Pch
6434 322 6743 509 75
3947 299 6461 595 P.S.. HeBets said Blim liegt bes
2659 496 2964 680 212
430 546 756 743 s in
3874 562 6513 789 - - Die Bitte hatte zu leid vergeneberge
1380 513 1715 835 pein
2984 644 3286 858 my
260 657 2557 1058 Plieven auf Grab legen? -
3835 762 5873 1015 let nille wd that
375 904 2833 1272 en un jetit bekommt Vielleicht
3901 999 6339 1301 Art. c. w. toffullen. nicht in
430 1088 2599 1439 itles in the Hetis liept be...
3914 1219 5623 1433 nal einmal wie:
384 1305 2659 1683 Un cicuars sit liet, we i/v un
3013 1387 3365 1719 nee,
4187 1344 6556 1614 Nun ja in hoffinglos klan,
424 1502 2626 1863 Mr wien ei une 1 tuebe, un 6
3996 1554 6467 1830 viterfgndt klar den exzell
3053 1666 3395 1945 al
457 1709 2961 2169 fhre jetzt? - Exictivl. der kein vak
3967 1794 6303 2054 Mr. M.. Of der Brief nicht in
3976 1955 6369 2284 wij de Blume auf Valer f-il
667 2028 2974 2277 Bei wenn ist er recht nelles in durch
3983 2231 6277 2491 was - : Mir. da hatt cie ja mit de
424 2222 2383 2616 trutules, 1 breec gelt fort.
5873 2333 6070 2455 2e
3934 2438 6356 2718 stweite sheerb him. The publl
398 2498 3040 2816 Reivers... We has cnepfichl in the
3907 2596 6494 2958 rie und das nicht verbinde... Frs. Beh
434 2636 2948 2977 besten - er ist oft auf Besser at
1982 2806 2866 2951 nicht nicht in
430 2882 3063 3230 Sie wisig, dat i de Ellem was
3924 2892 6392 3188 by estrye aucht bei...de l'ordine
2649 3027 2872 3155 ter
470 3142 2576 3441 liebe. u. wertes ist gan gut
3937 3109 6398 3474 shitte voyezien  Mr. m. bell
631 3309 2586 3687 Ich greifs he tage - - hoffindt
3953 3378 6461 3677 de gel herau gestohlen...  Nove
680 3562 2688 3802 will be snt i that wie
3924 3618 6175 3835 Wexis... Nun “ rorkeily.. Kundl
1768 3697 2586 3904 The Thile
