6856 4280
439 335 662 626 67
673 417 3052 781 ungradiger Undia in n'a ce
1134 644 1407 806 ton
414 705 3181 1044 die gevanker - jeus verlant je me
374 907 3264 1260 be the - erklärts ne.Tuf jure fest.
396 1202 3174 1551 de rie cette Begriff ses - in aod
403 1475 2980 1713 & wynlos, geinteit Verhollung
410 1666 3264 1961 J geanthen ihr ein colst Vntalten
428 1835 3296 2238 zegemit ihre ugtrillut Sohn - todr
374 2166 3156 2476 je vois écu sur de crpétrée, du
1598 2375 2015 2584 sehr
421 2465 3278 2753 nd szen eiwe raie wir.
504 2706 3081 3019 In Schwartigkeit zur weil
439 2965 3174 3278 over ye Streit; - wie es bei vollte
461 3217 3307 3620 selegenten zigehe geflagt. - Theil
399 3469 3156 3815 beide mn we Chidt ihr kein
6222 259 6618 504 680
3682 363 6550 641 I kon in Theil. der mit Ricum
3707 583 6399 925 Thiessus. Mots tein giog siele
3692 928 6341 1191 im Einweifel; - Herere hart
3656 1108 6492 1490 enclint in Reine aus; - beide sche
3635 1375 6478 1724 in, daß nie so wert gegose; - Du
3682 1619 6420 2008 wurde, defe nicht klei jaren
3692 1879 6575 2242 Ses – weven, ich in deren
3764 2134 6575 2454 /  Mdaquod gemblo. Krell,
3700 2386 6283 2706 vort ubertonpt in ihrem Verhalten
3753 2652 6510 3055 zugemt Bette is gegennt  - daß
3771 2983 6438 3242 ne bieder al auf Unblügte
3682 3203 6478 3599 l. gefinde mußte, empfangen und
