6808 4152
3729 138 3959 343 me
2959 350 3259 576 717
3666 354 6469 658 f14.. nad moeht...  onfakir nof
392 385 3051 686 oeif des Bruder h nous, des
3814 633 6275 919 all dein hiert Uurice der
488 665 2945 947 Es gleibt de willemnt. Me
3786 810 6359 1205 regrate -une meul y est
452 905 1796 1163 [illegible]
643 1060 3185 1354 konlabe lufs sich
3680 1188 6324 1502 a je fouds mais, ceux-on nous
488 1322 3139 1700 (beine 2) Et te M ou lieue
3712 1326 6412 1859 entitlert -) sich verantwenden
484 1548 3090 1930 de selegenten weh you
3694 1736 5677 2047 --   sprad weiter
566 1813 2768 2231 see going Hof jay d
3927 1969 6151 2255 Uur de c. Rea.
5737 2096 6331 2277 Sie Wust
509 2082 2952 2450 Ibweil.. gegende (in
3878 2170 6299 2492 not avd bei brarl him
3839 2404 6165 2697 der seine besorgungen, —
445 2400 3037 2655 du et Rouvit, du et durch
3913 2627 6374 2984 meade cb werly fuhc c et
498 2655 3344 2987 2dant, herompro del
3966 2881 6017 3210 for me and I be with
392 2916 3143 3319 (es ck-aubt de Me vidl qu be
3991 3114 6321 3450 but is in him begin but it
463 3178 3037 3528 je pb, wes i een Echelss
3920 3390 6356 3708 fort. Hieb ich auslärtig. o
484 3521 3231 3938 gegenbrüsten — was so your
3949 3606 6582 3899 Werk zu rekennenden und er quellen
