6872 4264
6126 152 6400 478 65
2948 270 3337 559 or
337 296 667 611 68 1
3652 289 5430 656 Jur Vincerf work
644 433 3230 811 Lefert Geldsordungen; einer ein¬
3744 537 6589 804 Eine Abnüt.. bessichte ich gemeinsam¬
756 615 1178 785 Hert
3619 756 3922 904 I have.
478 719 3037 1037 Ondine angegeben, ein Notar
3611 737 6437 1078 der Oren; - nicht einen in der Größler
467 919 3030 1211 wohin in willel Torkommisol sel,
3707 926 6337 1337 Seren ine  jelenen Theres iné
430 1167 3263 1422 sit it rei -; or, trine jusage
3670 1248 6548 1530 um wie der geburt gewesen:
1500 1378 2115 1552 per pas but
356 1407 3333 1700 hayl, a ct jel jakolen... Sie konnt
3648 1444 6445 1704 ab re hall to we gevitut, nott de
5015 1619 5678 1785 u de tres
3678 1685 6511 1989 markÿe  $..  E. w kein or der¬
459 1641 3363 2011 In wollt die Tatsach tr. will verstweg
4645 1848 5163 2000 v. c. h.
407 1885 3204 2230 a deh dit gueet je hui lebere
3656 1889 6600 2304 große Unterneh diese Art; -
389 2133 3148 2404 des Winndars - shewel we in
3663 2133 6422 2493 Ces mai  ein Verstadt. Tisje tars
470 2348 3252 2648 nn de cet that i de da je fe fille
3719 2385 6389 2674 naconté;  n'ont puissi then
433 2582 3359 2893 it in Muhf de pares:- and bei den
3752 2648 6596 3044 tell jor A Tenduit, Tuf sich für
504 2822 3433 3196 segenleit, at wollt in de Schubra
3896 2948 6611 3319 Moll. ajussto segen immer
496 3174 3296 3389 vid einmal öster – was i
3844 3115 6545 3548 da knüpfte... die Sächchen
511 3315 3089 3678 do me in Dr. M. Jelt ubel
3856 3519 6682 3893 wer so erweis. dass sie fest'nt
511 3641 3107 3930 de urté une l.. ob diu mit un
