6696 4184
6156 175 6399 454 1744
2824 232 3185 479 600
3511 393 6338 629 oft wil giop prrkmnentut echomell, dort
368 368 2860 676 nahm. dans un gefill au je Béjour de
2399 593 2706 704 une
3500 583 6328 837 kom at volles glasstbereitlyk gewesen
350 554 3046 922 Auff getroffe, es we ein schöner
3504 829 6317 1094 ua né erlapph uit daart, daß ne wohl
343 858 2992 1155 Tribbessta ; me nal et Nelle
3511 1047 6120 1312 gelegenllert in Wort, halle darauf
368 1047 2803 1373 or I of [illegible].. n vald
3478 1294 6231 1544 Mevie, abe viel nicht recht gebaut.
354 1305 2967 1619 billzwahl in a Waldwidsahm
3507 1523 6210 1834 Burgen en Rulafs abe.
315 1559 3121 1866 and I have home nreebare there
3507 1805 6113 2023 son eagli et Reisunde von son em
307 1845 3182 2141 erst in tief wahd nach gecon fait
3493 1963 6052 2277 eige Toweliede Rede, he T.
322 2088 3175 2410 2 Recephes Taf a dezulle une
3532 2195 6224 2502 die Kirchen, die mit Horslehre und
368 2281 3175 2638 in de sie soo viel sehr. Und Johan
3586 2363 6446 2753 Erz wein onpe Theiey weill de Christ.
2020 2517 2957 2788 Sept sie vie
350 2642 1709 2896 Jean W. J.C. in
3554 2710 6421 3024 in thilal ne in gesp ach; - fayte, ob ne
465 2746 3074 3089 you as selbe till - and deweell
2481 2935 3057 3135 a iul je
3568 2910 6160 3171 sation je en scères gewacht, und un
522 3003 2946 3250 Secret - : Waren c. mich de
3607 3157 6220 3450 chez cinq Vercœur loit sich et pour
486 3271 2871 3546 gleich Kinder, die dort an
3618 3364 6042 3732 I am a lien work I but
361 3546 3150 3847 d the imbeiluf -  We de Knoch
3725 3607 5992 3911 e) and riehert un regh
