6792 4232
6062 169 6400 345 27
2957 277 3292 439 / 5/
1270 331 2069 576 Nun 1.1.18
6094 302 6404 511 1687
3669 392 6209 698 Verhäng herinlareicht, oder esel ich
417 450 2954 827 at weuest... it yeiles
3590 655 6163 835 Meinlerkutterl -dei en schre ai
5436 791 6281 997 en blau jervant
374 741 3112 1065 ball in Nicht.. Mollikin
3569 842 6263 1162 Papu verfelst, u en huiee mit en
407 1014 2957 1363 lungst, sagte.. Theune, Jan
3544 1097 6440 1360 Syne und ein heißender Hochgebene
4587 1245 5065 1439 wth
371 1277 2813 1684 nicht beträftigte kann.
3558 1281 6422 1619 und eine Art seinte bekleidet, nach
3526 1529 6238 1849 devant gevalt - fiel fift tues jan
353 1533 2889 1968 klev hiffin, wie in
3515 1777 6317 2115 zehlt wil it Blich, den Viergle
468 1860 2950 2205 in d. avril. je weis le
3533 2011 6321 2328 des sich in Nertil entfert; - ne
378 2151 2939 2468 Mr Kneuil... Ch niet
3554 2295 6213 2605 sat iue de flos, ine en An
414 2385 3112 2806 Im einige alles, toez- und
5278 2453 5630 2608 Wm
2486 2543 3169 2759 u will ten.
1734 2579 3169 2878 de vous seul hvilon.
3526 2565 6101 2838 mit sich des Kind de
428 2720 2123 3058 viel Glaub..........
3554 2795 6364 3065 C sullest bewegt; al her and auf that
5461 2982 5857 3090 santé
410 2943 3241 3288 in l'uiet.- Ist erst vol l gesandt
3598 3018 6324 3303 ne s'est de Am, der de stos hielt
3605 3166 6414 3554 de la der de flos uporff hell, and
478 3220 2972 3504 - at a kris for B.M.
3587 3472 6450 3716 yor fahil. - es wen de Cellist
356 3464 2810 3770 that at in of all till
432 3705 2903 4098 dep. d Hortgel... beieil in
