6712 4184
2766 205 3145 449 15
3909 237 5954 562 in [illegible] p cem
279 301 2940 601 ne in noit peutut jours tous
838 502 1503 651 Ain gute Famil
3852 485 6304 814 Augenblick zu übel, und
333 573 3166 916 - J with, rest the cld in word to be
3849 771 6329 1128 [illegible] of herstil an,
297 792 2890 1114 ne julil ce klan. Partik - - t
3859 994 5812 1355 half t - du Crenvel
6003 998 6212 1203 P.S.
534 1093 2837 1358 not en kleinheit.
3835 1274 6237 1542 me repondt me ausejour
226 1302 3042 1624 de jehos deux. Es avec de Jean
3806 1454 6134 1765 est un  a  luf gewalt.
230 1606 3074 1939 stond but, weise, dechifr, en Lain
3810 1719 6099 2013 we do nillendt dort var
251 1840 3046 2207 re besl ritneit sorte. - - In the
3693 1871 6219 2296 clar paen  - rei; - beid Fra¬
322 2034 3021 2381 dent dort  6 3/4 - z.d. Bilda -
3746 2183 6360 2512 is in a use of the fell M.
531 2402 2816 2703 Wahrere Reese, til vak i un
3675 2416 5886 2777 de wie, hant Thildal
272 2639 3117 2993 Wetler in eine d. Hand bet. avec
4050 2742 6452 3028 Sie ste in den gep Theantspuze
244 2918 3071 3226 teal woll der ein.... I depatiel
3661 2979 5982 3230 in Thil los herzium
340 3148 2972 3449 For Faham... Wwg de  Henlroht
3746 3194 6042 3481 un beharblet ue si ds. Mahbof
4040 3403 4330 3612 part
577 3400 2710 3736 Siebab schuldig; uyt en stil
3707 3474 6300 3799 en clas il entrefft; plokten con
