6808 4408
2931 193 3116 345 P.
6298 280 6542 509 265
3676 313 6560 665 & in Verclast - Fagel Variet pour ce
2967 433 3273 695 to
313 447 2934 749 it. de très onstellt iad : ou denk
3684 585 6578 829 Weil wei iie, en tall en poort on
367 709 3214 993 in it ist wie mit einer Bleu le
3665 720 6440 1029 marit i eu tebe jezet; - er
313 935 3076 1211 plétent de lis, beleu M. A.
3698 964 6520 1233 sullen batt u nert an hartand this
331 1160 3156 1378 den is derselben ua den
3691 1167 6582 1487 at Trom - wellenst wuft willenel
320 1371 3153 1669 zurück, daß es ein zuvorischen
3705 1411 6494 1818 gar vor in ud den ander, dei
3709 1622 6385 1942 enth i vere verstl es iten gepät ses
320 1585 3054 1898 gel zwischen in feer kundt
356 1833 3054 2091 langel verschnadt. Je t vupliés
3720 1804 6636 2109 int so recht seit dann zu worten; —
393 2000 2989 2280 Taj. von der Heit.
3731 2040 6418 2382 9ber daf ein vor it tintral.
385 2236 3193 2502 the juost clin.  T-d er unt nie
3774 2302 6527 2607 nous Jake contre n'a vuilon
2124 2418 3091 2658 cette feu
331 2502 3094 2818 eelett. Und wie ein Titl bin
3742 2505 6480 2829 rei, très santé de lui - en
3713 2756 6614 3044 a une F., aus dein lui... Tafr
295 2731 2989 3058 set ue c or is it. defs ne it
3727 2971 6571 3262 eine gesammen über gelöblich am
320 3011 3189 3262 and their victuin in
3796 3207 6553 3531 der einigenen läßliche Zeit
342 3207 3044 3534 it.. durch die Stiep de Stadt
3785 3418 6098 3742 at West - not 20 John
367 3484 3156 3705 Cebel... die eigendes... die
3764 3673 6345 3916 plötzlich derlei und schon be¬
364 3691 3164 4004 vermeinte trag. xxx Leben instell.
