6712 4232
6137 183 6466 336 res.
3818 223 4005 380 1
391 245 3336 446 niet in kwilss inde is knof Tf1
6188 296 6481 534 58 5
2922 358 3200 530 500
3745 329 6148 688 unterm vande at ne jevocht een
333 402 3061 710 kleid viel, wittcolsam, vom Mem
3742 563 5918 852 stellenhaft Erinnerung: Auch
355 647 2988 973 sellafe... All u. gewacht es nicht /.. H
1986 834 2429 980 erbot
3734 797 6137 1090 du Uwste, daf etre acht Tage nach
322 870 3054 1130 Ros ne Aillemen etc in coimant.
5201 977 5724 1119 allest
3650 1083 6053 1313 her cin schlechtonjopne tracugien
333 1134 3076 1379 auf die febenspitge gros en un lebensste
3632 1302 5995 1511 I am but is Herrenain
344 1350 2904 1628 Sr Song T atteel vntg - sie werfe
3690 1485 6126 1741 Brief Forgens kan, in den in der
362 1635 3237 1858 der, wie ik u faut feil womdmet
3694 1697 5779 1935 et ila, hos einen tils un
333 1792 3091 2026 re konmutter geb. M; - wird les
3592 1902 6017 2169 hett. Ich von dirig fünf sol d
322 2019 2864 2323 wandt, wie seite ihr dann als jenst
3639 2136 5929 2344 Die deutbare Sohn... rehlt vieren
4956 2257 5589 2410 de Hall
326 2260 3186 2535 di West ul de Stad pzgien; den Cun ab
3566 2312 6225 2600 Onf. Sie samt werkes novrs sind.
315 2509 3178 2721 by for or obd Housgelant
3566 2531 6035 2798 am das ledentel en Opfe;
318 2666 3076 2944 war de ne sein Gericht in de
3625 2718 6119 2985 best may unter it.
5259 2893 6130 3105 in d keinen
344 2897 2959 3134 sich konnte, wenn dellten in
3650 2981 6156 3277 Wenn dann s. erschre ihre Wege
304 3138 3080 3387 in weillhuele... in K. die Karapische
3581 3189 6232 3508 b i i hei d Seet set. by hall in
329 3354 2992 3584 wll ien feuerl er beule, - me
3643 3401 5815 3647 in Nude in ae tawile
351 3540 3021 3862 see komogent ior.. J. oi il a tell
3599 3614 6079 3859 Welt gehört. in ihr verwirret.
428 3782 3058 3954 imme en gebilt in oder wie kan
