6920 4392
413 398 3333 838 derselb ganz derselbe die 20 Feb.
1895 640 2811 808 & cflin kw
391 726 3389 1069 reste. als lage negeborenen indes juschei
465 968 3109 1255 - jusi Tolille.. satt est t
387 1229 3106 1501 wolle... ust Ma de né.
425 1400 3121 1743 m, die ein Will., tak inde
454 1713 1188 2018 wille
451 1944 3176 2219 Ua over nie gent bell. - dies
488 2212 3381 2510 the nt - an civem pbbragel stellen
469 2473 3020 2744 de leurs ball effen.- vivent 1
439 2662 3147 3005 in [illegible] - in t
469 2875 3206 3184 Seem starreand - to tell me
428 3150 3031 3478 soi zuerteinig en pre.
473 3336 3176 3675 and d pince indenr... tell in
447 3627 3243 3888 In ein Mahörig halte meine...
510 3824 2741 4152 n'est es ue et ils un dieuil be
6278 194 6505 436 He
3694 328 6558 633 wieve oulistl....   .  Und jusamcope den
3701 592 6383 819 Une nie jetzt zisammen....... Es mir selbst
3701 745 6234 1087 Sie in1te.  Jyen etwa vloren wie
3701 961 6401 1233 Sie wiellte..  ce mepte.; dit es et clure
3687 1154 6431 1493 gel. p. elui un berulig oc leres
3727 1385 6271 1691 Ass inda, ueir it in cipelle w
3709 1568 6356 1944 werk in abes in M. Isibe stoven
4658 1806 5023 1977 selbr
3687 1813 6531 2190 nier eine kinderlei- ich nennt
3701 2082 6476 2428 Hart dam [illegible]
3761 2286 6427 2588 in uo. - plöttert aber; -
3716 2540 6256 2856 in uphen hollt heimtreten
3746 2718 6364 3001 eine et in ein Erkentende u. die
3824 2923 6468 3273 Einfläcke eive gehr See durchlou¬
3795 3206 6498 3511 März in die über die ouder¬
3880 3430 6353 3761 fey der ne in Spil. arwsel
3847 3668 6509 3899 hierbust zu trt... ive unten
5608 3806 6114 3947 1817.
