6952 4408
2995 181 3176 435 7
5863 232 6591 489 281 795
3038 377 3306 550 266
3762 268 6500 760 Ermest Con tol in her.
438 431 3230 757 uns ni beiure tigt war. Sehr. Corinne
3726 572 6384 974 And I am home in the
406 692 3053 996 nicht müßt. — Ihr dies beant und
3726 887 6529 1242 ingret..  jedenfall furkam
359 891 2922 1213 will koruging - - - e -it inie lebt
406 1090 3132 1394 will compt if I am not sett -in
3737 1184 5215 1474 verschenen -
435 1311 3125 1651 weft. ich noct an tibe ca
3777 1325 6471 1669 Mr nebalt not kei the b in
3770 1630 6522 1934 depule. La Ceter heraie,
413 1597 3114 1850 an contenu   in dif un seule n.d.
3795 1821 6381 2166 Und nun Er hatt x
438 1771 3122 2060 einmal erkauf, ich u ne wegt ik
3810 1966 6500 2350 Meh u in fh is in
500 2024 3176 2260 was colleg oorgen tell. We at the
3824 2187 6446 2586 mil einen Kovelast - et i gan
445 2249 3266 2484 Iitre voll. gleichplt gewesen xxx
3777 2386 6486 2799 de glaher, sone i it on 20 Jak
431 2430 3288 2752 e plostnt eine ungeachtet W. überleit an.
3849 2622 6598 3067 getrag,- Ae I shlepptit Oul Elleppheil
416 2651 3332 2991 als theod con don Agoullud as in
3878 2893 6569 3270 in Ciquelt in him, - and I telles
398 2901 3150 3194 all de acvut. A debei en an
5258 3100 5486 3245 blek
3875 3147 6337 3476 Rest um he is in us all
460 3078 3227 3487 gestalt zuwienen. Es werden
3994 3310 6395 3672 Seit im; - Mittell de Kopf, bleibt
478 3332 3078 3715 I have been it & it will, our
3947 3469 6554 3900 dei u die Höhe im Hüllel & kopf
489 3567 3332 3954 jeune le, et a été eu lief 1ble.
