6936 4440
6037 150 6474 401 No 8
3676 333 6011 602 Mdlet in den Ante
2977 476 3385 763 1804
541 519 3052 871 Ntaleur Port! - Nutt de -
3733 595 6183 914 Und ist soll in uen
545 828 3249 1125 de Hart. Muissern - thu. A
3668 842 6327 1114 you fils, in our letter, in
512 1118 3221 1422 him uberbunt me and.. The
3690 1118 6223 1437 forlycken..... So beenet in
598 1333 3253 1637 collider je je meis abtheil.
3679 1333 6309 1770 en litt in it Sohn -? -
3833 1587 5549 1881 - - -
623 1573 3110 1913 Minies, wie d'une jetzt in
3973 1723 6226 2092 Ich.. Ich hab erschrieben... sie u
666 1852 2852 2228 Gebst... I. had a de J.
3876 1970 6316 2354 Has die? He went me from
674 2153 2859 2425 verreinte -? - for ce
3883 2235 6069 2547 rebr. of I will tant...
631 2422 3360 2741 Bryand hantd in Abth
3937 2447 6438 2827 Er jus auch den Schreib zi.
3926 2698 6248 3034 Siellt. Ich je
641 2665 3274 3067 Nod dezi wird selbe uit
3883 2920 6083 3317 unterlehrt und dort auf ein.
691 3016 3016 3357 Hert tost. J. Rechr.
373 3067 537 3278 C
3883 3163 6370 3568 in part it as de ce Cem¬
631 3256 3497 3622 well - at the rest Hen Hill
3869 3471 6291 3740 mit der nicht an den können
706 3568 3095 3880 hlebst ud weit mit ihr
4009 3697 5904 3984 Hier zu schaff worden.
605 3776 3489 4184 a fortant in Her Mohl
