6952 4344
4908 156 5604 331 ant de a
6505 182 6706 339 -11
3880 257 6643 573 de klanciletiers, un Til Tihon  hall
3050 335 3322 540 221
465 395 3236 756 mit t wie mond omt kwandt,
3828 529 6703 722 je 500 Gilden -; - de Créplé pouvait
395 659 3161 964 Mr Bekouett. we rie an an den
3865 760 6513 935 auch dieses dich gehen. - wie in wir
4401 849 5615 1132 dur en me seilleur
6315 897 6513 1031 le
3906 931 4871 1225 dehn gewißt
391 883 3113 1266 frube t the L.ebt. jertonden in
5139 968 6643 1192 a/o die uben Legatte
4658 1110 5850 1247 sofort nach Eröff verdankt.
3970 1162 6505 1400 tegalein ihn wie Tyl
361 1132 3363 1449 une nel, Vermeiner, Dehnert, Trina
3910 1341 6591 1646 nal den Tit. des Ablasser an
395 1393 3128 1724 hätte ne een Stolle auf & son
3858 1560 6610 1791 bepill whatter - There in
462 1571 3325 1970 gleil lones...    Kld  .  Hld
4409 1769 4744 1914 in a
3899 1821 6464 2067 in Kulligne besitieren;... es me
447 1895 3336 2242 Ou Hold ave T. gewesen; sch in einkel
3895 2052 6621 2242 en t ou d Heer; in de Bel peren
372 2160 3251 2536 will it fall diesel - and we
4145 2231 6606 2514 Empfang zu nehmen...  L. Amme
361 2491 3020 2826 to you. Stunde sich heylsich gewesen.
3843 2443 6368 2715 schei eingemple einzureicht
3850 2651 6569 2972 Ces enfert cot je Tol tils avr, daft
357 2689 3132 3005 en Wich... w auf auszubr. den
3899 2912 6263 3251 pr. 11. ler allerhviel abbrief
350 2953 2815 3363 t be jusd bed trer in
3925 3161 6435 3441 such in; - as well he or hall
830 3180 3228 3642 any - in which is well than
365 3366 812 3608 ter
3925 3377 6517 3631 de Christ;- willge noull
532 3530 3165 3880 Vorbachis, das er in there.
3869 3597 6606 3869 Aend on ree telomit in
