6728 4184
534 380 2898 663 is taken - was off me,
527 616 2845 878 Therex. der ganze lee Ihr
451 838 2948 1050 die echlere ganz ai/ uit albt
459 1025 2945 1304 berition sich aufgenlaßt. -
491 1261 3045 1548 Sire Wesich blut noch a  "   Einwil
527 1508 3171 1781 allere été Notsdem
480 1741 3074 2081 votre je de la jonge traitee
1426 1909 1673 2067 Fr.
455 1967 3138 2271 bliel de Regret, in der M. I.
444 2157 3214 2479 der privntt erstled; - und ofre da/s
462 2390 3045 2708 nd theuse noch eie ande by
523 2630 3067 2909 (in Bepe gebot)
2099 2773 2669 2902 bes seid.
494 2848 3364 3163 in corces, of c expirnthelt blieb
530 3117 3171 3443 je, allerly  ne s'en lui avoir
498 3375 3045 3597 nent dauil ben kan ik in
502 3597 3299 3873 in leie seit sich, - denn sie mit einer
3593 262 3812 451 61
3651 258 6312 562 at de S an stiller we
3550 527 6284 788 si an Tuf de Sein un; - sie
3561 749 6251 1032 not natur, and cor aif & nint
3568 974 6380 1240 ich vor, werde zu sein, — sollte
3532 1107 6194 1419 not be dort he ging infant, at
3568 1340 6452 1741 ger. Anwieh daf ein wlch fürsam
3586 1594 6047 1888 ieu; était étérement
3633 1849 6341 2142 beviel haben; - in war i berust
3568 2117 6201 2411 Ichs nur be die gelegenheit
3572 2325 6363 2655 pérotées de
3633 2540 6165 2809 en doch (er int dor bei de
3801 2751 6180 3145 jelegentät willich,
3729 3049 6241 3353 no he vee ere orillut
3715 3271 6323 3676 (civats ocunches wollt) and
