6712 4168
6187 258 6476 462 621
2857 279 3187 496 621
3666 285 6180 588 and ceci leese Thott gewese a ime
4057 476 4400 615 igns
377 465 2993 686 sond je nate en kom, d Hove trots
3656 550 6367 781 erve kinde, den ein. She is gefichtet.
4138 646 4695 809 fründ,
3646 673 6238 961 (dessen Fragereile), deze s'en es selt
404 669 2857 887 seblic kann, einen schonüchten
4576 846 5208 982 for de as du
394 914 3048 1131 futlt ne dt. Hey beivegt., un plable
3666 934 6251 1114 Ja nicht beschieden verwandten werden vor¬
4291 1016 4576 1159 Cer
5375 1063 5691 1182 - d.
3659 1023 6109 1277 hoffte sie im Leit deese Tjes, oder en een
387 1087 2881 1349 pon ici auf der Einfall; - uol de
3666 1247 6068 1468 naebitei, vie de tt cerle, statu de
381 1291 2857 1539 spet turde -b. Mottein
5208 1417 5908 1553 in parleit
3646 1444 6183 1709 Hntjeslone nellentt ave
4702 1576 5178 1716 erhalte
401 1519 2993 1709 in Benil je wegen —
1556 1665 2219 1838 de
3656 1621 6197 1848 ein Raub zu behoren; - aber nicht
394 1780 3014 2005 ein, verklaarlin je patiluer;
737 1879 1138 2001 F.T.
3703 1858 6279 2018 Kon kei komt heer Raite.
404 1937 2905 2151 and ihre deeingewvtsal. This
3696 2042 6265 2283 Au dudit ceben juge car de Cnort.
1243 2086 1536 2273 dav
431 2113 2912 2443 wollte negentsembd, Ihr ne be
3588 2307 6323 2524 du voyage ma- une alle inden, mit
4855 2412 5137 2575 schaft
503 2334 3044 2633 1. Leur feit hätte; - était
3649 2433 6238 2670 teilen u. tördich arbeit, an einen
428 2609 2888 2847 wirkte sie dort zu auch - dort
3666 2609 6319 2830 Ihme den nebennt, und die Vorwahr ein
3683 2834 6313 3085 Spapeegenp, wozu nu sich selten ind
469 2823 3082 3085 at ue et A Havresland
3741 3014 6397 3347 schloß, sich in der Weg nach der
489 3051 2912 3343 daß wir 1. d Twill aifet.- sch
4726 3183 5361 3330 Yr serief
3696 3241 6183 3486 in de nah konk in
499 3268 2827 3527 ne, daß ueul de jalvie Lue
3652 3394 5711 3666 d Hors Witt bew stand; -
540 3476 2935 3713 gelone iner, - was nec put che
