6808 4168
2792 106 3056 247 /11
6356 148 6592 381 611
3655 275 6038 589 des weit (einer (tiefe) Tungheit.
2954 324 3148 525 61
631 370 3218 687 We vos it geleistet, (en Spaziegen
3729 483 6497 747 Zuwe vort geschäte, dass sich kein
1181 546 1639 691 Ihenl
444 649 3250 857 at in de Stiefer W. ad ce de Jark
3708 659 6356 867 id träuerstiede - nie en Hen¬
427 772 2989 1093 de Stadt ervendet m'a mahl
3712 885 6444 1128 de cet cbeulee ai-ci, a été Schill
451 1026 3183 1287 ne huis; - u d hartuilloueit
3694 1146 6282 1463 billete; - aber ni bonne de nous a
434 1265 3158 1523 in ge lever - in halte, he Pferde blad
3740 1385 6250 1629 hall ce Schei ud avisuer is je
458 1452 3053 1755 Ce cest-il à Pangin. Ormane
3684 1583 6391 1889 begleiten lassen und die
416 1727 3039 1981 du recubier langeveill oder
3694 1829 6218 2062 neut d inte hs
423 1904 3250 2196 twit in heere S.D. C. wann bewyte
3736 2041 6267 2291 Vußger klein Behalsche wer
2090 2147 3151 2408 Truby
458 2140 1978 2397 Stickele
1516 2298 2457 2450 in B
3687 2249 6324 2534 so that he a so now we am I
391 2379 3194 2626 in Liebes ejusgeschichte; - nimmt
3684 2527 6239 2802 & vere Verudnung gefert geblieben
395 2552 3165 2905 wee oft, etwasst i aufhilte = - - -
3719 2704 6158 2996 jean ne selbt die geregst
532 2848 2993 3165 lourdregeoge als..ol sie onse
3708 2950 6098 3261 vus en ne Eilet
1699 3053 1988 3222 d
441 3098 3229 3437 in d, tweile popoladlyone
3751 3187 6218 3567 pfuble Lall. D Spige Sat in
582 3271 3010 3613 beschied, wie denn das
603 3521 2697 3705 wat dut sich bis in Parkar
719 3691 3014 3909 you - entillte me
