6664 4072
2927 107 3330 349 51-1.
6278 178 6531 399 1514
3593 214 5353 552 soi ne écouti-des h.M. -
488 207 2991 602 daß es Leifs der letzte sehr ein
3618 442 6392 759 Hut einmal, ici paar Monate nach den
438 474 3024 830 jeune ame Ile trillhuit
3604 662 6467 1118 Tray da Hs nelesse in ne (theres)
399 755 2952 1097 not    bewill yt halt it the in
3739 894 3903 1022 in
3600 962 6318 1271 in course at ye, and in
452 940 3048 1275 joures loeres geremht hilte. Das will
3597 1182 6382 1531 Seilevorfaring guetter mar -, geschat
434 1118 3130 1496 wollen in einer Gleuchgelegten
413 1414 3088 1692 you at the aller ander Meus at
3575 1417 6239 1720 der, daß eins der einiger Mädites
353 1549 2974 1966 knejal; - was, montant for
3558 1624 6307 1952 das itre i og. kurs benittes, ici peu
3568 1802 6328 2190 Tage ousblieb uor ue uit durch den
434 1895 3269 2251 schweylich erwarten sie ich fritere
3579 1994 6435 2536 Titlens diese junge geschöpf, de 16, f
463 2112 3241 2429 (Jahre feiles), in denen né, en
3583 2279 6453 2764 Tirbl sine klein jachthellen danken
2422 2333 2760 2475 day
445 2382 3155 2646 the St Gbefohler mit dure
3547 2486 6350 2963 berührt fühlte, als es jemit bei solchen
438 2603 3212 2913 gehougen, in tene ne at Erzieherin
3597 2749 6271 3177 Gelegenleiten der Tallen; at ein
417 2831 3166 3116 treslich ihre föglichen schon durch jemen.
3575 2977 6296 3451 Entre Brief des Vaters entref, der
410 3031 2970 3316 some Wobris prite als yelyt on
3551 3184 6104 3593 Ausbleibes der Tühler zur
445 3251 3198 3508 niombeus wit ihre ganze Flix, -
3540 3444 6382 3832 eine peberbifte Haterhand entschrift
410 3479 3027 3761 gebougen, je fort une cette
5648 3764 6332 3935 rechtfals
