6696 4104
408 111 702 261 561
6211 150 6483 344 562
2900 229 3240 394 56
3601 218 6408 558 sapen,- und mit einer fort erwirk¬
354 297 3054 558 o Solek in cto going all wil the
3576 430 6082 791 ehe Hausbewegung deren dann
297 548 2950 852 Herr Tipe... Frei beschrieb nach
3559 669 6265 1010 abtiell, dem in hier Begrüßen
308 827 3032 1099 Kild wohl elme Bnens indem-
3444 909 6036 1239 der Stund einleitende - wie er
265 1017 2964 1296 dei ne la stelle. Iubevrouw... ..
3458 1124 6329 1500 Deux lesquelles un eu de venir
258 1253 3111 1496 at Onkant ersublti he will in
3480 1375 6312 1658 induc de in der wenig in der Bue
290 1450 3014 1808 Pap in da m Vile in da
5585 1582 5764 1747 ble
3512 1654 6362 1912 in de letit fut stil etay une à vieil
290 1704 2739 1990 wenn in beioel waren. -
5241 1840 5599 1998 Zitl
3526 1872 6276 2209 Siele. ein Shahl empfr, in den
326 1919 2936 2227 I..c. Hl Jachst. Nweis t. Tribs... Noverl
387 2137 1994 2424 auf. a  Til gehabt.
3512 2098 6179 2431 ne met a bepeife munt.
1106 2366 2320 2588 (Beantin, Hollen..)
3494 2327 6312 2621 bei sein. n in meur blad Bezich
1446 2513 2205 2671 Abert in the at
684 2459 1342 2732 1 Traveny
3562 2667 6376 2943 bjuff et ron - in a der
3559 2882 6211 3201 it Vertellnis zu Beleh mit en
3584 3061 6258 3440 alle hal uit unberlegt I seite
3576 3372 6229 3655 klarstellte. Nur in zwei tall
5377 3612 6136 3877 The Town
3619 3612 5252 3949 mercie, les temps
