6712 4216
2932 166 3350 342 from
6210 324 6493 614 17x
3729 324 6182 697 bel cst gelt.. helchs auch vor.
411 373 3084 635 sie erst ind uel. Und dai tell n
3647 635 5541 845 will ouwagert
342 593 3022 887 l is het geve seu. Breas ich
3857 787 6379 1042 I wlltest it ab nellende, theil
369 828 3146 1142 we do... not at ball in this em
3640 1000 6269 1339 - Iuf et wert noch eine. (Li weiss.
380 1073 2946 1521 belegenheit gewehl. nur reil
3598 1239 4350 1511 a part
390 1373 3060 1739 (A Hei) erleichter.. me
3705 1411 6244 1670 Il ses dès dit, id cœufs ceut ce
5613 1635 6376 1787 perce si un
1180 1622 2901 1880 S. en rue et trois mil
3588 1715 6213 1884 ll. pst wobnt.. lreicicome hier
404 1753 1076 2029 nil...
431 1784 3208 2211 that. Es yet it am what you beele
3609 1915 6020 2201 allh: - is komidd de
2325 1987 2901 2156 n beend.
562 2104 3019 2456 Pein überhuy... We recd him.
3612 2129 6100 2422 du oubine. Je n'ai
424 2356 2974 2684 wilhalt... Mr Nul nicht hatt.
3585 2422 6089 2729 leist... In flantst doit un
628 2584 2770 2912 the arbste, a 6. & have
3612 2646 6106 2995 elier. at that itu oogelerlet
442 2822 2988 3236 ermet m'eure c'est..... Kort wil
3709 2936 6038 3208 & coll. Un plosten haut
1107 3150 1442 3295 wel
531 3143 2891 3484 Sorg Dr  D.R.  ...    hoffen
3812 3153 5382 3464 in a them as.
2108 3295 2688 3557 ... 1.
566 3429 2011 3695 on e flurl iad
3660 3412 6169 3743 M. Sibweg beribigt en „ Keorlei„
2125 3581 3012 3864 n twerp
521 3636 1760 3936 Musul ^ thorite
