6744 4072
351 312 726 558 65C
663 505 3144 811 erei noil en ucherlei che cen
379 796 3042 1056 it wich, die es dere wenige
400 1028 3161 1249 sejupelle loue. - ue sa c'est
407 1253 3011 1519 de vu deze jehrore ceci, en
411 1449 3119 1768 blnch stadl hin in A.d.
1709 1667 3070 1989 Ist bezeiue ec
449 1726 1649 2014 we land.
396 1958 1691 2203 teryle siuen
1747 1975 3158 2221 Pourquere du
726 2095 3253 2344 at dier giée étre qu'il  de la très
382 2242 2982 2449 in werke balt.- I i ne uit d
368 2456 2986 2765 cui ecogetil et hall -
411 2712 2972 2993 ou Vand.
368 2968 3161 3232 Iil in ihrer Heise compten
319 3211 2993 3481 an Thild zu reiten - die, sich
421 3509 3133 3818 is feel, with a most ai
3688 158 3986 386 B.
6081 211 6481 540 655
3568 389 6393 744 geleuger liefs (hall jeleive long
3782 688 6414 1025 Und aus einen Art in Sol kommt
3582 947 6393 1267 in one de Verritung wever; -
4309 1140 4653 1274 i C S
3523 1179 6151 1509 bei Bloktscheen weggefr
3558 1467 6249 1709 (wemple the plus) - - A = der
3579 1677 6305 2056 Clage were lebens in, - beg nim
3603 1979 6277 2284 unser einen pfühlen -; - nie
3572 2218 6256 2449 dier heft unie einmal wieder
4498 2403 4733 2519 in
3639 2435 6249 2754 I afsne ihre will def ge
3596 2695 6151 3025 27 et Stuyen
3589 3000 6274 3340 ohne nicht aus die gewis
3691 3228 5996 3554 Wap in the cheig Slauen
3712 3400 5403 3796 (Froby a)
3898 3607 6393 3877 (hr Ihres Juristen) - 1 Alfred. A
