6920 4408
2837 182 3131 420 1806
1919 336 2658 669 " "
1653 413 1870 655 a
911 431 1408 613 1 10
550 371 823 704 11
722 564 1688 736 à sull de la
2872 546 3093 736 101
483 655 3089 939 Stemées au de toi de; - Thet à u
382 855 2981 1138 doe shall - in a th you
406 1110 2883 1433 and - we are shirl then -
455 1352 2897 1695 out of 2, don't i'h Arn
459 1639 3019 1972 ce chef en fort - un metel
343 1919 2721 2280 n de Morde; - griff in
382 2186 3191 2476 d Hände viel die Meitertich-
427 2410 3016 2669 wählt, ist, schleide ne
445 2630 3054 2904 art d Tufloren - for mit
494 2837 3051 3177 carceaiever toam toese in
571 3128 3187 3446 rer Arme - die - u in allen
627 3380 3009 3758 we would - not in the
711 3622 3131 4070 Twil Hs...    I. P.
6203 252 6560 634 O4
3695 473 6319 679 schon meinf —. er wehlt weit -
4003 634 6357 925 ff, unle die Papierde - u.
3741 732 3937 900 x
4263 858 5968 1047 s belles vif he will.
3772 925 6459 1205 Kires - juff a, a tout au
3860 1103 6364 1408 & offren - Ist Ihr wolle.
3874 1338 6273 1639 an clef de onf in phin
3944 1590 6333 1891 de meunier beit un est
3863 1811 6445 2161 ne pris. - Ront-schrie ne a
3870 2059 6031 2368 to Leib.. _ 0/
4028 2301 6399 2623 Es uit ƀ
3870 2546 6290 2921 ten wt ne hvgepflaat..
3926 2806 6357 3124 & self I will be
3982 3075 6417 3432 geb. N. ai M.... Reib...
4287 3278 6066 3667 Et plokit - au flad
3996 3576 6308 3902 Merch and hast me the
5681 3891 5986 4063 a-
