6904 4440
6292 144 6595 292 2 & 1
6267 259 6580 584 181
2923 314 3254 598 100
3708 360 6238 706 we is it is your half & Bell
245 497 3063 742 partl. konnte er nicht aus sein -
3669 580 6458 998 legi wolle... De ntweit en droit
310 696 3157 1027 was this in datm (was die feet
4000 858 4451 1027 dutt
3777 818 6328 1186 20 lein, so beantigend, - Tafs 22d
296 987 3142 1373 dabübringen - bis datm?—)
3762 1128 6422 1420 en lausture. Le rté être et
350 1229 3251 1496 allen is muel sult ne noit der Thie
4977 1308 5337 1496 de
3795 1366 6523 1654 als is it tote je t'en... Je vais
346 1478 3124 1762 du dint de ce nouvelles.
5618 1553 6238 1733 Uin with pnt.
3802 1651 6353 1993 in wo eest zehn.......  brocht
360 1737 3117 2000 He a that he will be
3723 1903 6480 2187 ne i tuss tis cin jag - in c in
404 1968 2959 2224 sie heeft geg r ist ne in Cent
1355 2144 2267 2321 in p- 1/2
3726 2151 6483 2454 bei eilftit habt, at ne eben
472 2242 3254 2505 gefiel.nd wurde ich ihr
3762 2364 6465 2750 on U Verriet stand... Das
450 2425 3315 2786 stor je lese... Enjes p. Uelwistend.
3719 2670 6173 2969 eilend stil detet et enf
440 2724 3175 3085 (No vidly) - de kan eben eine
5561 2739 6584 3031 vingin nul joer kost
3741 2915 6440 3265 de meen aljets S ore jehlen
440 3034 3124 3337 Troncoupées beçons, du offert
3795 3142 6371 3568 Tidier - gies unte den Einfahrt
440 3290 3160 3694 it hei in hint isd half:- een hage
3834 3488 6454 3780 An u her etc &c Ver Mlle
465 3600 3135 3910 cortu omdem arme Nop, u Elle
1903 3903 3294 4166 temps - - - jusi
