6760 4200
6301 56 6483 323 a
2819 231 3121 459 2/1
6238 316 6476 543 746
5417 340 6297 610 Sir beadein
3815 477 6332 729 were bene waren......xx
842 512 2454 785 . Annelis...  E schon verkauft nie.
3685 722 6350 985 y a du tout. Je ne me cope ce leut
898 757 2549 964 ursent - long.-ques.
789 912 2072 1122 Alfred...  Alle trans
3713 933 6290 1185 eines od. es weill; - so cri paa
866 1094 2128 1360 R Verh nich wie ich ein.
3632 1136 6132 1441 Tage in August.. auf Vor zu getr.
740 1224 2977 1483 In Bud - - 1/2 Stort - - wenführt be¬
3597 1353 6150 1595 n in kleine Sine Ork a xv2
820 1431 1255 1578 S.C.D.
978 1553 2335 1736 nul Com. inwester.
3601 1550 6311 1858 Seiner, i de glaît Ort, in der¬
761 1669 2311 1883 zu drei meinen Verleitung
3583 1795 6294 2058 rie z. Leibsamtte mit ld. gewesen u
3604 2023 6364 2507 is in the till Gasthof, der it
3583 2363 6360 2591 Dorner - Unterfahre get get pfelle
3576 2553 6318 2847 tat i be dem billeid ne ind
3618 2812 6150 3145 geraelt hatt:  xxx
3583 3040 6406 3338 I have in weten, in
3720 3296 6301 3629 Herr Silly gew bill wobven
