6728 4184
6164 108 6451 316 6.01
538 241 2944 538 een ganz Esistenz genommen. Und
2998 230 3278 424 60
3759 262 6383 538 is nott withtien; - aber der:
255 413 449 521 avant
499 485 3177 754 to be ever self there in is it tole.
3698 485 6354 696 I am in i de Glaub Kimmel
449 621 3030 955 "    Thell In dreits gestricht" e
3658 661 6548 937 ut he wer, in de glaat Laumhaft.
998 829 1152 976 in
413 898 3159 1174 in selve sevide. - ne halle beim Bude
3633 887 6448 1221 da glad gewis i Stiunei -3-
467 1120 3177 1432 erbe ci -Abc. i nieupt j üst... – Und
3608 1124 6178 1425 C'est veu- nême je and durelt
434 1314 3105 1580 das de Bussie, dec il d Billet nue
3565 1389 6408 1633 Witsunke.  Maß is nicht dienstl
434 1508 3005 1745 gebracht.. Wie d hell der ange teil!
3662 1605 5988 1878 Seit dort a leebenl'il, en
391 1723 3091 1921 in a ball e diengeleti... Foul..
3576 1781 6042 2097 I have. I this down and i in
363 1888 3016 2179 at — I don't hatt es
3658 2079 5783 2316 Unterhaltung erschienen.
384 2097 3041 2420 Angelegt ihr April wegen....  Mr.
3633 2244 6322 2603 'Tobias" i.l Val. A kros.
320 2341 3073 2678 noill a we will get.... Sie derbt
3597 2538 6218 2854 de    Ilkio I ietall in Sohn
320 2581 3120 2807 Dall Heiht ich schon de Gevart
3644 2736 6290 3041 Nahrulut...  Halle es i he we erspst
355 2847 2807 3148 phine, ausgepet, een oock
3608 2994 6358 3317 mee im Brief in Her geschicht.
384 3066 2965 3342 Votum poeten I... d fehl
3723 3285 6250 3529 cehail thur fuld uder
366 3296 2815 3576 not. He L Heidt
4082 3504 6268 3773 1...  Nu t dar mule ceci
467 3540 3030 3856 G. A. de vivtiet Jonge...Cbe. I
