6664 4184
427 325 2946 606 wie diert sich überlhaft bewaffen werde.
484 610 2883 769 lief... durch ihr tielich die
457 765 2648 1004 eee jaen kent. langel dageinne
447 978 1577 1233 gestalte dat:
722 1166 2465 1312 Wee laus ist be dable ne
961 1269 2485 1432 Man ist bin & sich seit 4 ck-2
467 1329 3075 1554 En le 2 heures dont il de Thiére de Mfel
6054 258 6336 500 soe
3605 467 6273 726 I have lup in to Blutarf de beder rt.
3592 646 6104 901 und selbselhaft veranftesteres lieb einlei¬
3576 805 6051 1090 stre Hs ea Rest Capt vogenne
3582 961 4928 1246 Geschlt dat -
3867 1200 5418 1365 me lon ists ter dertt né
3695 1302 6230 1554 he is at the cet gat, sagte the trott An-
3711 1491 6217 1793 En leschte beim schut über die Cruse
3708 1634 4490 1925 2 tripfel
3794 1968 6104 2204 Eine Unreit, auf siehe Seite wohlcken
3695 2200 6233 2399 er von diesem Aichten in ihr zweitgeblieben.
3986 2270 4818 2422 i u je leur ait fait
3645 2273 6107 2558 (dort jellos, un ote Sine) un giohad and
3705 2525 6174 2767 so es we fast mir in de bezwehrte des
3668 2694 6054 2956 daß ne dier kennt bewust waar
3635 2953 6034 3171 wie ich, in de Kama
3619 3082 5935 3397 half work in Bette lag
5782 3165 5971 3294 in
4139 3247 4623 3393 Monsieur
3612 3320 5961 3552 einen bestimmt gerich
4563 3463 4845 3599 am
3619 3503 6031 3821 die zu heft is hiert jurel doen
