<?xml version="1.0" encoding="UTF-8" standalone="yes"?>
<PcGts xmlns="http://schema.primaresearch.org/PAGE/gts/pagecontent/2013-07-15" xmlns:xsi="http://www.w3.org/2001/XMLSchema-instance" xsi:schemaLocation="http://schema.primaresearch.org/PAGE/gts/pagecontent/2013-07-15 http://schema.primaresearch.org/PAGE/gts/pagecontent/2013-07-15/pagecontent.xsd">
    <Metadata>
        <Creator>prov=READ-COOP:name=TrHtr:version=2.1.0:model_id=51170:date=14_08_2023_19:12</Creator>
        <Created>2023-05-10T14:35:56.012+02:00</Created>
        <LastChange>2023-08-14T19:12:36.156+02:00</LastChange>
        <TranskribusMetadata docId="1428642" pageId="55423171" pageNr="140" tsid="132822350" status="IN_PROGRESS" userId="64420" imgUrl="https://files.transkribus.eu/Get?id=MVWICBERQOUBUTRKPJMUJRFS&amp;fileType=view" xmlUrl="https://files.transkribus.eu/Get?id=GXLSMIFLAEYKOMBYZBFBOFZH" imageId="44697250"/>
    </Metadata>
    <Page imageFilename="1428642_0140.jpg" imageWidth="6792" imageHeight="4264">
        <ReadingOrder>
            <OrderedGroup id="ro_1711816815626" caption="Regions reading order">
                <RegionRefIndexed index="0" regionRef="tr_1"/>
            </OrderedGroup>
        </ReadingOrder>
        <TextRegion id="tr_1" custom="readingOrder {index:0;}">
            <Coords points="244,332 6599,332 6599,4023 244,4023"/>
            <TextLine id="tr_1_tl_1" custom="readingOrder {index:0;}">
                <Coords points="2892,482 2954,500 3005,475 3023,493 3082,497 3104,467 3136,475 3162,442 3239,453 3217,263 3180,281 3162,267 3115,292 3060,259 3041,274 3005,267 2950,336 2874,329"/>
                <Baseline points="2902,382 2991,388 3081,400 3171,412 3242,412"/>
                <TextEquiv>
                    <Unicode>6f.</Unicode>
                </TextEquiv>
            </TextLine>
            <TextLine id="tr_1_tl_2" custom="readingOrder {index:1;}">
                <Coords points="3786,515 3834,504 3969,420 4020,460 4053,438 4071,449 4141,420 4195,420 4206,270 4166,245 4097,241 3984,296 3932,288 3874,318 3845,299 3801,303"/>
                <Baseline points="3810,429 3845,429 3935,412 4025,412 4114,406 4204,400"/>
                <TextEquiv>
                    <Unicode>6 fl</Unicode>
                </TextEquiv>
            </TextLine>
            <TextLine id="tr_1_tl_3" custom="readingOrder {index:2;}">
                <Coords points="3750,621 4104,668 5130,529 6247,584 6273,204 5616,402 4633,329 3757,544"/>
                <Baseline points="3774,603 3845,609 3935,609 4025,603 4114,591 4204,597 4293,591 4383,579 4473,567 4562,567 4652,561 4741,555 4831,543 4920,537 5010,537 5100,531 5189,531 5279,519 5368,513 5458,507 5547,501 5637,495 5727,495 5816,483 5906,477 5995,477 6085,477 6175,477 6264,483"/>
                <TextEquiv>
                    <Unicode>hofe sich heiterh nie wit Mille</Unicode>
                </TextEquiv>
            </TextLine>
            <TextLine id="tr_1_tl_4" custom="readingOrder {index:3;}">
                <Coords points="259,617 829,734 1362,566 2983,683 2979,500 2618,369 2085,456 1869,336 1172,489 434,369 256,442"/>
                <Baseline points="280,537 370,549 459,549 549,543 639,549 728,549 818,549 907,555 997,549 1086,549 1176,549 1266,549 1355,543 1445,537 1534,531 1624,531 1713,531 1803,531 1893,531 1982,537 2072,543 2161,549 2251,555 2341,567 2430,585 2520,603 2609,609 2699,627 2788,639 2878,650 2968,662 2991,662"/>
                <TextEquiv>
                    <Unicode>je Rherz par ceci T de Sderk.</Unicode>
                </TextEquiv>
            </TextLine>
            <TextLine id="tr_1_tl_5" custom="readingOrder {index:4;}">
                <Coords points="3728,949 4221,803 4564,913 4874,770 6145,807 6222,792 6229,588 5353,639 4999,559 4367,708 3739,694"/>
                <Baseline points="3750,824 3816,824 3905,824 3995,818 4084,818 4174,800 4264,800 4353,794 4443,794 4532,788 4622,776 4711,770 4801,770 4891,758 4980,758 5070,758 5159,758 5249,758 5338,758 5428,758 5518,752 5607,746 5697,740 5786,734 5876,746 5966,740 6055,740 6145,746 6234,740"/>
                <TextEquiv>
                    <Unicode>juffice sont ni plotlert</Unicode>
                </TextEquiv>
            </TextLine>
            <TextLine id="tr_1_tl_6" custom="readingOrder {index:5;}">
                <Coords points="259,829 792,927 1566,836 1939,829 2103,938 3020,880 3016,712 2654,632 2165,610 1983,719 1767,599 1486,606 738,734 420,610 256,690"/>
                <Baseline points="280,794 370,794 459,794 549,800 639,812 728,818 818,824 907,824 997,830 1086,830 1176,830 1266,818 1355,818 1445,806 1534,806 1624,800 1713,800 1803,800 1893,800 1982,800 2072,812 2161,818 2251,818 2341,824 2430,830 2520,836 2609,842 2699,848 2788,853 2878,859 2968,865 3027,883"/>
                <TextEquiv>
                    <Unicode>beit selershaft ten auf at nd</Unicode>
                </TextEquiv>
            </TextLine>
            <TextLine id="tr_1_tl_7" custom="readingOrder {index:6;}">
                <Coords points="3699,1132 5616,968 6109,1099 6295,1070 6302,898 5061,789 4648,957 4440,836 4177,997 3976,902 3702,975"/>
                <Baseline points="3720,1068 3798,1068 3887,1063 3977,1057 4066,1051 4156,1051 4246,1045 4335,1033 4425,1027 4514,1015 4604,1009 4693,1003 4783,991 4873,985 4962,985 5052,979 5141,973 5231,973 5321,973 5410,973 5500,973 5589,967 5679,967 5768,961 5858,967 5948,967 6037,967 6127,973 6216,979 6306,973"/>
                <TextEquiv>
                    <Unicode>elui hod ved ve Høn, vort</Unicode>
                </TextEquiv>
            </TextLine>
            <TextLine id="tr_1_tl_8" custom="readingOrder {index:7;}">
                <Coords points="307,1048 971,1161 1921,1187 2183,1092 3239,1216 3235,1073 3122,1041 2497,924 1953,986 1775,851 1249,964 665,880 303,989"/>
                <Baseline points="328,1045 418,1039 507,1045 597,1051 686,1063 776,1068 865,1074 955,1086 1045,1092 1134,1092 1224,1092 1313,1092 1403,1098 1492,1098 1582,1092 1672,1074 1761,1068 1851,1080 1940,1080 2030,1086 2120,1092 2209,1092 2299,1092 2388,1098 2478,1092 2567,1098 2657,1104 2747,1116 2836,1128 2926,1152 3015,1170 3105,1176 3195,1194 3248,1200"/>
                <TextEquiv>
                    <Unicode>ne selht der Frey je veut croit.-</Unicode>
                </TextEquiv>
            </TextLine>
            <TextLine id="tr_1_tl_9" custom="readingOrder {index:8;}">
                <Coords points="3743,1355 6160,1307 6320,1274 6328,1103 5842,989 5083,1117 4717,1019 3750,1201"/>
                <Baseline points="3762,1313 3822,1301 3911,1295 4001,1295 4090,1283 4180,1278 4269,1278 4359,1278 4449,1260 4538,1260 4628,1254 4717,1242 4807,1242 4897,1230 4986,1224 5076,1212 5165,1206 5255,1206 5344,1200 5434,1200 5524,1194 5613,1188 5703,1188 5792,1182 5882,1188 5971,1188 6061,1194 6151,1194 6240,1200 6330,1200"/>
                <TextEquiv>
                    <Unicode>et de Staat il butlet un</Unicode>
                </TextEquiv>
            </TextLine>
            <TextLine id="tr_1_tl_10" custom="readingOrder {index:9;}">
                <Coords points="2567,1373 2687,1380 2757,1311 2833,1318 2866,1307 2837,1154 2801,1161 2735,1128 2709,1143 2658,1117 2622,1136 2523,1117"/>
                <Baseline points="2561,1224 2651,1236 2741,1248 2830,1272 2866,1272"/>
                <TextEquiv>
                    <Unicode>45</Unicode>
                </TextEquiv>
            </TextLine>
            <TextLine id="tr_1_tl_11" custom="readingOrder {index:10;}">
                <Coords points="340,1293 1216,1471 2487,1377 3250,1523 3242,1340 2994,1303 1128,1282 745,1154 336,1245"/>
                <Baseline points="358,1278 447,1283 537,1295 627,1331 716,1337 806,1349 895,1355 985,1367 1074,1367 1164,1373 1254,1379 1343,1379 1433,1379 1522,1385 1612,1385 1702,1379 1791,1385 1881,1379 1970,1379 2060,1385 2149,1385 2239,1391 2329,1385 2418,1379 2508,1379 2597,1385 2687,1391 2776,1397 2866,1409 2956,1433 3045,1451 3135,1463 3224,1481 3260,1487"/>
                <TextEquiv>
                    <Unicode>En creuverte nouveau</Unicode>
                </TextEquiv>
            </TextLine>
            <TextLine id="tr_1_tl_12" custom="readingOrder {index:11;}">
                <Coords points="3713,1654 4769,1508 5101,1592 5305,1508 5973,1526 6255,1614 6269,1424 6003,1303 5451,1355 5375,1285 4736,1420 4170,1333 3728,1442"/>
                <Baseline points="3738,1606 3762,1606 3851,1582 3941,1576 4031,1570 4120,1558 4210,1552 4299,1546 4389,1540 4478,1528 4568,1522 4658,1522 4747,1510 4837,1498 4926,1492 5016,1487 5106,1475 5195,1469 5285,1463 5374,1457 5464,1457 5553,1463 5643,1457 5733,1451 5822,1445 5912,1445 6001,1445 6091,1445 6181,1451 6270,1451"/>
                <TextEquiv>
                    <Unicode>erbellte. ne s'il pi du on,</Unicode>
                </TextEquiv>
            </TextLine>
            <TextLine id="tr_1_tl_13" custom="readingOrder {index:12;}">
                <Coords points="321,1544 1519,1691 2516,1610 3144,1738 3136,1563 2625,1570 2344,1428 2143,1544 318,1508"/>
                <Baseline points="340,1540 429,1558 519,1576 609,1588 698,1600 788,1600 877,1600 967,1600 1057,1600 1146,1606 1236,1606 1325,1606 1415,1600 1504,1606 1594,1600 1684,1606 1773,1606 1863,1612 1952,1612 2042,1612 2132,1612 2221,1606 2311,1606 2400,1606 2490,1612 2579,1612 2669,1624 2759,1642 2848,1654 2938,1666 3027,1690 3117,1707 3153,1719"/>
                <TextEquiv>
                    <Unicode>in er tösch gevorlich, aber auf immer</Unicode>
                </TextEquiv>
            </TextLine>
            <TextLine id="tr_1_tl_14" custom="readingOrder {index:13;}">
                <Coords points="3728,1986 4005,1848 4447,1811 4871,1877 5046,1771 6470,1778 6474,1628 5590,1544 3743,1694"/>
                <Baseline points="3756,1839 3792,1833 3881,1827 3971,1821 4060,1821 4150,1815 4240,1815 4329,1815 4419,1809 4508,1803 4598,1803 4688,1803 4777,1791 4867,1779 4956,1779 5046,1767 5135,1761 5225,1755 5315,1755 5404,1749 5494,1743 5583,1737 5673,1725 5762,1725 5852,1725 5942,1719 6031,1719 6121,1725 6210,1725 6300,1731 6390,1743 6479,1761"/>
                <TextEquiv>
                    <Unicode>(den ne saft in dem auf den</Unicode>
                </TextEquiv>
            </TextLine>
            <TextLine id="tr_1_tl_15" custom="readingOrder {index:14;}">
                <Coords points="259,1822 3031,1902 2947,1698 2162,1789 1866,1625 1154,1771 789,1793 606,1680 493,1796 380,1716 259,1785"/>
                <Baseline points="280,1821 370,1827 459,1833 549,1833 639,1833 728,1833 818,1827 907,1827 997,1827 1086,1833 1176,1839 1266,1839 1355,1839 1445,1845 1534,1839 1624,1845 1713,1851 1803,1851 1893,1857 1982,1857 2072,1851 2161,1851 2251,1851 2341,1851 2430,1851 2520,1851 2609,1863 2699,1875 2788,1881 2878,1881 2968,1887 3039,1893"/>
                <TextEquiv>
                    <Unicode>auch wie Deekend:- doch die¬</Unicode>
                </TextEquiv>
            </TextLine>
            <TextLine id="tr_1_tl_16" custom="readingOrder {index:15;}">
                <Coords points="3797,2118 5919,1975 6240,2074 6401,2041 6415,1756 5462,1804 5031,1957 3808,1906"/>
                <Baseline points="3822,2084 3905,2078 3995,2072 4084,2066 4174,2060 4264,2054 4353,2042 4443,2042 4532,2042 4622,2036 4711,2030 4801,2024 4891,2018 4980,2012 5070,2006 5159,2000 5249,1994 5338,2000 5428,1988 5518,1982 5607,1976 5697,1976 5786,1970 5876,1964 5966,1970 6055,1970 6145,1970 6234,1976 6324,1976 6413,1988"/>
                <TextEquiv>
                    <Unicode>Lina, - cetile et ct bi staad</Unicode>
                </TextEquiv>
            </TextLine>
            <TextLine id="tr_1_tl_17" custom="readingOrder {index:16;}">
                <Coords points="223,2067 1468,2183 1650,2096 2530,2194 3104,2129 3104,2012 2961,1975 2611,2052 2224,1913 1953,2030 1282,1899 829,2019 588,2019 460,1899 223,2005"/>
                <Baseline points="244,2066 334,2072 424,2072 513,2078 603,2078 692,2078 782,2078 871,2084 961,2084 1051,2084 1140,2078 1230,2084 1319,2084 1409,2084 1498,2084 1588,2090 1678,2090 1767,2084 1857,2084 1946,2084 2036,2084 2126,2084 2215,2084 2305,2084 2394,2090 2484,2096 2573,2108 2663,2108 2753,2114 2842,2114 2932,2114 3021,2120 3111,2120"/>
                <TextEquiv>
                    <Unicode>durellüt his ja with marit.</Unicode>
                </TextEquiv>
            </TextLine>
            <TextLine id="tr_1_tl_18" custom="readingOrder {index:17;}">
                <Coords points="1548,2249 1669,2216 1705,2180 1833,2209 1924,2191 2023,2213 2099,2180 2180,2202 2213,2194 2213,2103 2067,2096 1902,2136 1844,2092 1771,2096 1694,2140 1628,2110 1548,2118"/>
                <Baseline points="1570,2185 1660,2179 1749,2179 1839,2179 1928,2179 2018,2179 2108,2179 2197,2179 2221,2185"/>
                <TextEquiv>
                    <Unicode>da.. Sart de</Unicode>
                </TextEquiv>
            </TextLine>
            <TextLine id="tr_1_tl_19" custom="readingOrder {index:18;}">
                <Coords points="3779,2384 5104,2224 6525,2348 6525,2202 5966,2005 5313,2158 3786,2114"/>
                <Baseline points="3804,2281 3845,2281 3935,2281 4025,2275 4114,2275 4204,2269 4293,2269 4383,2269 4473,2263 4562,2257 4652,2251 4741,2239 4831,2239 4920,2233 5010,2227 5100,2227 5189,2221 5279,2221 5368,2221 5458,2221 5547,2221 5637,2221 5727,2221 5816,2215 5906,2215 5995,2221 6085,2227 6175,2227 6264,2239 6354,2251 6443,2257 6533,2275"/>
                <TextEquiv>
                    <Unicode>(dens ce deur il s'éne voil jejours</Unicode>
                </TextEquiv>
            </TextLine>
            <TextLine id="tr_1_tl_20" custom="readingOrder {index:19;}">
                <Coords points="230,2337 478,2421 1172,2333 1435,2428 1654,2359 2987,2435 2987,2275 2092,2176 1453,2172 1037,2304 434,2183 230,2304"/>
                <Baseline points="250,2335 340,2341 429,2341 519,2341 609,2341 698,2341 788,2335 877,2335 967,2335 1057,2335 1146,2335 1236,2329 1325,2335 1415,2329 1504,2335 1594,2335 1684,2335 1773,2341 1863,2335 1952,2335 2042,2335 2132,2329 2221,2335 2311,2329 2400,2335 2490,2346 2579,2352 2669,2358 2759,2370 2848,2370 2938,2382 2997,2394"/>
                <TextEquiv>
                    <Unicode>deja sia allulé. Nous nelque</Unicode>
                </TextEquiv>
            </TextLine>
            <TextLine id="tr_1_tl_21" custom="readingOrder {index:20;}">
                <Coords points="3892,2549 5276,2567 5857,2483 6087,2596 6408,2541 6412,2344 5765,2242 5134,2424 4542,2472 4250,2333 4108,2439 3892,2410"/>
                <Baseline points="3911,2526 3995,2526 4084,2520 4174,2520 4264,2520 4353,2520 4443,2520 4532,2520 4622,2520 4711,2514 4801,2508 4891,2508 4980,2514 5070,2508 5159,2502 5249,2502 5338,2502 5428,2502 5518,2496 5607,2490 5697,2490 5786,2490 5876,2484 5966,2484 6055,2490 6145,2502 6234,2508 6324,2508 6413,2514"/>
                <TextEquiv>
                    <Unicode>Werken we out de Belleon</Unicode>
                </TextEquiv>
            </TextLine>
            <TextLine id="tr_1_tl_22" custom="readingOrder {index:21;}">
                <Coords points="241,2676 836,2585 2549,2625 2549,2457 2107,2417 1574,2527 1201,2395 814,2556 665,2417 504,2545 376,2497 241,2570"/>
                <Baseline points="262,2603 316,2609 406,2603 495,2603 585,2603 674,2597 764,2591 853,2585 943,2585 1033,2591 1122,2585 1212,2579 1301,2579 1391,2567 1481,2567 1570,2567 1660,2573 1749,2579 1839,2579 1928,2585 2018,2585 2108,2585 2197,2591 2287,2585 2376,2585 2466,2585 2556,2579"/>
                <TextEquiv>
                    <Unicode>gegeb.. And er naherl jet</Unicode>
                </TextEquiv>
            </TextLine>
            <TextLine id="tr_1_tl_23" custom="readingOrder {index:22;}">
                <Coords points="2618,2622 2695,2611 2779,2676 2826,2658 2874,2691 2888,2673 2921,2695 3009,2684 3034,2702 3085,2680 3067,2516 2983,2527 2746,2432 2669,2505 2603,2497"/>
                <Baseline points="2633,2585 2723,2609 2812,2621 2902,2633 2991,2639 3081,2639 3087,2639"/>
                <TextEquiv>
                    <Unicode>Chi.</Unicode>
                </TextEquiv>
            </TextLine>
            <TextLine id="tr_1_tl_24" custom="readingOrder {index:23;}">
                <Coords points="1391,2691 1694,2680 1818,2779 2023,2695 2304,2749 2359,2713 2534,2720 2530,2611 2454,2589 2198,2644 2012,2600 1888,2647 1785,2647 1709,2592 1391,2592"/>
                <Baseline points="1412,2663 1504,2663 1594,2669 1684,2675 1773,2675 1863,2675 1952,2669 2042,2681 2132,2687 2221,2687 2311,2693 2400,2693 2490,2693 2544,2693"/>
                <TextEquiv>
                    <Unicode>gentich.</Unicode>
                </TextEquiv>
            </TextLine>
            <TextLine id="tr_1_tl_25" custom="readingOrder {index:24;}">
                <Coords points="3921,2874 4294,2936 4732,2764 4885,2833 5229,2760 5886,2928 6379,2906 6404,2567 5627,2691 5294,2563 5130,2644 4506,2563 3921,2665"/>
                <Baseline points="3941,2794 3989,2788 4078,2782 4168,2782 4258,2782 4347,2782 4437,2771 4526,2771 4616,2765 4705,2759 4795,2753 4885,2753 4974,2753 5064,2753 5153,2759 5243,2753 5332,2753 5422,2753 5512,2747 5601,2741 5691,2741 5780,2735 5870,2735 5960,2741 6049,2753 6139,2759 6228,2765 6318,2771 6407,2776"/>
                <TextEquiv>
                    <Unicode>saß / - in règle    Glants</Unicode>
                </TextEquiv>
            </TextLine>
            <TextLine id="tr_1_tl_26" custom="readingOrder {index:25;}">
                <Coords points="296,2863 1190,2954 1442,2833 3144,2892 3144,2811 2720,2687 1818,2779 1227,2607 832,2793 697,2676 475,2833 296,2819"/>
                <Baseline points="316,2860 406,2860 495,2860 585,2848 674,2848 764,2854 853,2854 943,2860 1033,2866 1122,2860 1212,2830 1301,2830 1391,2824 1481,2824 1570,2824 1660,2824 1749,2824 1839,2806 1928,2806 2018,2806 2108,2812 2197,2812 2287,2818 2376,2818 2466,2812 2556,2818 2645,2824 2735,2830 2824,2842 2914,2860 3003,2872 3093,2884 3153,2884"/>
                <TextEquiv>
                    <Unicode>in de der fatile Reise, die sie</Unicode>
                </TextEquiv>
            </TextLine>
            <TextLine id="tr_1_tl_27" custom="readingOrder {index:26;}">
                <Coords points="1490,2925 2665,2925 3136,3027 3129,2884 2633,2899 2260,2819 1486,2863"/>
                <Baseline points="1510,2896 1600,2902 1690,2908 1779,2908 1869,2914 1958,2914 2048,2914 2137,2914 2227,2908 2317,2914 2406,2914 2496,2926 2585,2920 2675,2926 2765,2944 2854,2956 2944,2980 3033,2991 3123,3009 3147,3009"/>
                <TextEquiv>
                    <Unicode>du vie de Hollail. &amp; L. be¬</Unicode>
                </TextEquiv>
            </TextLine>
            <TextLine id="tr_1_tl_28" custom="readingOrder {index:27;}">
                <Coords points="635,3020 657,3016 712,3049 822,2965 854,2983 979,2965 1033,2979 1066,2968 1066,2906 1000,2881 927,2925 909,2906 887,2925 862,2914 851,2925 774,2888 749,2917 705,2914 672,2888 632,2899"/>
                <Baseline points="650,2950 740,2956 830,2962 919,2962 1009,2962 1074,2962"/>
                <TextEquiv>
                    <Unicode>were</Unicode>
                </TextEquiv>
            </TextLine>
            <TextLine id="tr_1_tl_29" custom="readingOrder {index:28;}">
                <Coords points="2165,3005 2351,2987 2508,3063 2578,3001 2702,3060 2892,3063 3027,3129 3158,3115 3144,3027 3074,3005 2936,3009 2662,2925 2545,2958 2151,2914"/>
                <Baseline points="2179,2968 2269,2974 2358,2985 2448,2991 2538,2997 2627,3003 2717,3015 2806,3033 2896,3057 2985,3087 3075,3117 3165,3117"/>
                <TextEquiv>
                    <Unicode>in we can work</Unicode>
                </TextEquiv>
            </TextLine>
            <TextLine id="tr_1_tl_30" custom="readingOrder {index:29;}">
                <Coords points="3903,3074 4597,3020 5159,3188 5765,3067 5879,3169 6134,3166 6101,2874 5641,2936 5072,2768 4677,2965 3903,2874"/>
                <Baseline points="3923,3039 4013,3039 4102,3039 4192,3039 4281,3033 4371,3027 4461,3021 4550,3021 4640,3015 4729,3021 4819,3021 4908,3021 4998,3027 5088,3021 5177,3027 5267,3021 5356,3021 5446,3021 5536,3021 5625,3027 5715,3027 5804,3021 5894,3027 5983,3033 6073,3033 6145,3039"/>
                <TextEquiv>
                    <Unicode>di dei.. iel indeire ill</Unicode>
                </TextEquiv>
            </TextLine>
            <TextLine id="tr_1_tl_31" custom="readingOrder {index:30;}">
                <Coords points="230,3125 2939,3177 2939,3067 2534,3089 1932,2943 1355,2932 1121,3041 935,2972 767,3082 416,2928 230,3060"/>
                <Baseline points="250,3123 340,3123 429,3123 519,3123 609,3129 698,3129 788,3129 877,3129 967,3129 1057,3117 1146,3111 1236,3111 1325,3111 1415,3111 1504,3111 1594,3117 1684,3117 1773,3111 1863,3105 1952,3105 2042,3099 2132,3099 2221,3099 2311,3099 2400,3105 2490,3111 2579,3117 2669,3123 2759,3135 2848,3141 2938,3147 2950,3153"/>
                <TextEquiv>
                    <Unicode>A partir almehil du nt né n</Unicode>
                </TextEquiv>
            </TextLine>
            <TextLine id="tr_1_tl_32" custom="readingOrder {index:31;}">
                <Coords points="4013,3334 5104,3301 5316,3436 5743,3476 5911,3359 6266,3352 6269,3136 5882,3173 5758,3071 5229,3202 4834,3129 4560,3188 4170,3041 4016,3067"/>
                <Baseline points="4031,3326 4037,3326 4126,3314 4216,3302 4305,3290 4395,3284 4484,3284 4574,3290 4664,3284 4753,3284 4843,3284 4932,3290 5022,3290 5112,3284 5201,3278 5291,3278 5380,3278 5470,3272 5559,3266 5649,3266 5739,3260 5828,3260 5918,3254 6007,3254 6097,3254 6186,3254 6276,3272"/>
                <TextEquiv>
                    <Unicode>hr zu derle  Sich de</Unicode>
                </TextEquiv>
            </TextLine>
            <TextLine id="tr_1_tl_33" custom="readingOrder {index:32;}">
                <Coords points="332,3388 1577,3480 2089,3355 2585,3509 3213,3421 3213,3312 2844,3213 1563,3228 1329,3115 730,3286 592,3180 332,3315"/>
                <Baseline points="352,3368 441,3368 531,3368 621,3362 710,3362 800,3362 889,3362 979,3362 1068,3356 1158,3356 1248,3362 1337,3362 1427,3362 1516,3362 1606,3356 1696,3350 1785,3356 1875,3362 1964,3356 2054,3356 2143,3350 2233,3362 2323,3356 2412,3362 2502,3368 2591,3368 2681,3380 2771,3386 2860,3392 2950,3398 3039,3398 3129,3398 3218,3398"/>
                <TextEquiv>
                    <Unicode>aber beute gefilles liefs.</Unicode>
                </TextEquiv>
            </TextLine>
            <TextLine id="tr_1_tl_34" custom="readingOrder {index:33;}">
                <Coords points="4075,3586 5714,3513 5959,3531 6130,3666 6591,3670 6591,3381 6434,3352 6156,3421 5911,3355 5743,3472 5174,3363 5013,3458 4564,3447 4447,3337 4075,3374"/>
                <Baseline points="4096,3553 4186,3547 4275,3535 4365,3535 4455,3529 4544,3529 4634,3529 4723,3535 4813,3535 4903,3535 4992,3535 5082,3529 5171,3523 5261,3523 5350,3517 5440,3517 5530,3517 5619,3517 5709,3511 5798,3499 5888,3505 5977,3511 6067,3517 6157,3523 6246,3535 6336,3553 6425,3559 6515,3571 6599,3583"/>
                <TextEquiv>
                    <Unicode>Hieuwe sties com perfils</Unicode>
                </TextEquiv>
            </TextLine>
            <TextLine id="tr_1_tl_35" custom="readingOrder {index:34;}">
                <Coords points="329,3710 938,3648 1234,3750 1858,3673 2224,3757 2326,3673 2833,3655 2877,3520 2202,3545 1990,3465 1731,3553 1216,3418 749,3549 599,3418 325,3494"/>
                <Baseline points="346,3624 435,3624 525,3624 615,3619 704,3619 794,3613 883,3619 973,3613 1063,3619 1152,3624 1242,3624 1331,3624 1421,3624 1510,3624 1600,3630 1690,3624 1779,3624 1869,3624 1958,3624 2048,3630 2137,3630 2227,3630 2317,3630 2406,3630 2496,3636 2585,3636 2675,3636 2765,3636 2854,3636 2884,3636"/>
                <TextEquiv>
                    <Unicode>Thos. Mad. Spiele mitwurf xx</Unicode>
                </TextEquiv>
            </TextLine>
            <TextLine id="tr_1_tl_36" custom="readingOrder {index:35;}">
                <Coords points="4108,3808 4276,3764 4528,3830 4714,3761 5079,3830 5331,3750 5605,3812 5824,3732 6087,3783 6222,3750 6225,3651 5711,3516 5141,3531 4750,3655 4111,3575"/>
                <Baseline points="4126,3750 4216,3744 4305,3744 4395,3744 4484,3744 4574,3750 4664,3750 4753,3750 4843,3750 4932,3750 5022,3750 5112,3750 5201,3750 5291,3750 5380,3744 5470,3738 5559,3738 5649,3732 5739,3726 5828,3720 5918,3726 6007,3732 6097,3738 6186,3744 6228,3750"/>
                <TextEquiv>
                    <Unicode>Inde erst Marts an</Unicode>
                </TextEquiv>
            </TextLine>
            <TextLine id="tr_1_tl_37" custom="readingOrder {index:36;}">
                <Coords points="434,4060 456,4057 482,4035 544,4049 570,4027 584,4027 602,4046 650,4031 643,3867 621,3874 595,3856 573,3867 500,3801 475,3812 445,3783 427,3786"/>
                <Baseline points="453,4007 543,4007 633,4013 656,4013"/>
                <TextEquiv>
                    <Unicode>P.</Unicode>
                </TextEquiv>
            </TextLine>
        </TextRegion>
    </Page>
</PcGts>
