6808 4280
5599 244 6192 439 Mr S.D
6296 227 6617 565 645
2897 296 3221 512 615
3699 314 6265 617 vorvorgenst hatten. Und nun wen
387 349 3183 666 pom en der isilly luse begepren.
3671 544 6261 886 regle uit ganz ou deu si; une
411 607 3040 927 I came; and for die in us
5819 777 6042 917 by the
3657 791 6286 1074 etre a cui le même bupt in etc - n'est
464 833 2939 1119 agen in ihr stadten Welt
4142 938 4518 1116 well.
429 990 3120 1231 tout leur fête
3622 1018 6240 1318 nicht Angel. das es nicht zu
464 1161 3009 1464 Btich, de s. ct    et  ik
3605 1252 6171 1558 ont jouéréint, - de ce m un
446 1377 3026 1666 volangesctures uod it to bel uit
3643 1450 6230 1764 überlegen kommt -: wir man es
471 1628 2876 1869 will erbille wollt -
3594 1740 6237 2064 Aupt. in die
453 1865 3016 2116 sich wohldem Blick sichtlich -
3619 1966 6321 2311 de grosse Verontagung, die ein
471 2039 3138 2273 und Buerenwärt dieplögleit.
3668 2228 6017 2576 old Creignis in three ck
471 2259 2921 2548 Wee come Mr. Jefahr beinge fit; Sr
3633 2510 6418 2838 bereut emp, in der in, alste
495 2437 3043 2834 undert. in a gefated...
1980 2660 2273 2838 Lore
3657 2744 5955 3037 we was will but had
506 2737 3057 3082 intheilhaftes Ombi, u der
3661 2918 6429 3284 came from him in the Capt.
544 2960 3152 3350 ne ploft gerillive iad de
3688 3218 6063 3549 en je bujet en der Ehe mit
492 3235 2831 3584 ne m'alleu si une
3668 3420 6341 3828 diesen kann, der die, und dien
533 3525 2942 3950 behagt nup - and so
1663 3887 1910 4037 . w
