6616 4040
6276 262 6441 452 Mr
2704 233 3099 477 814
3744 230 6287 624 allein in de dorel den zur?
273 316 3124 671 Rehlkopfs... N.Y.C. R. N.
3884 563 6419 875 lung & Hee feulement
301 567 2579 893 -aihen lebea beventled
3615 685 6086 1018 bei. Herr Teuwelt. ist.
269 839 3020 1173 de Verlet and alsoet tostleit...
3597 958 6150 1248 or  I for [illegible] de
420 1090 2837 1460 V.illen. daß die tief Obxx
3443 1140 6333 1492 gleich über die noch seiten
280 1352 2532 1646 a she in ouful.- hertson
3798 1438 6236 1682 Ehr soll ich dirk zu einer
4479 1582 4834 1800 by her
1549 1603 2722 1843 't halbert hb.
312 1700 2284 1915 wie erheilen..
3529 1625 6147 1955 & I am in the
308 1851 2826 2145 An vertst by, - we holl in and
3558 1897 6193 2123 is not un will    but
2044 2026 2338 2198 nte
316 2102 2797 2320 d konbenbai kamp... eben¬
3590 2076 5978 2388 he does get an will..  On
330 2281 2883 2568 m ball & viel/ cimail... she
3601 2310 6036 2600 al hundest allein.
3615 2546 6057 2891 I am very very very well.
298 2500 2697 2880 do Tiel both as..... he is
3662 2783 5828 3109 Sir jug £ 1. orch &.. The
369 2862 3023 3142 Monde verlängs.......... A Beurs
391 3073 2772 3314 [illegible] “gestört” au kelu
402 3307 2912 3593 sib urberd & ren - abe men
434 3525 2837 3819 Mounl was, in wele but - de
