6824 4152
3689 209 3989 404 rese
3029 296 3245 502 700
3744 336 4061 567 tot
3722 256 6260 722 dafenier.. aussch uka. Zt. til
350 404 3220 625 Bewenvip dank berührt... Eodem
397 606 3137 809 Ou Raad ck gleft drei Bemigke imfant A.
3729 542 6393 1000 solltot nicht zu fürcht. Mit der
386 762 3224 1022 here aoitwintenf gewoknt wd getst welk
884 935 2985 1094 "    "   - (v. R.
3697 870 6253 1177 is u beevaball and... of even
426 1007 3130 1267 in u weggereisbrt.. Thelesk from her at
2823 1159 3137 1300 ant
3689 1097 6278 1440 the heer Kalernis beiez.
415 1213 3126 1422 zu nehmen, wo ernst gänst, wie es
404 1415 2985 1635 isten jura pasite; au so wie in he
3711 1375 6404 1668 ever me mr Carriere will
921 1552 1209 1668 voir
4307 1560 5870 1794 Verbegebohlenkion
386 1574 3281 1845 equilut Beruhng p nelu als ce
3668 1689 6494 2083 duis en épremba de vuil
433 1837 3087 2101 genevhut we, Belerf, a
3762 1852 6397 2202 verat lesse, and even auch
1819 2065 3112 2249 in the eijullut
401 2029 2942 2336 lirellst as n im falle jede dafur T to get
3736 2083 6296 2498 die wijne Teinlä Heviel will
910 2206 1076 2328 20
477 2249 3112 2520 Sich je meine Er wicht
3747 2365 6299 2689 in M de deel.
2776 2484 2957 2606 J
422 2415 3195 2758 Ich d Vorschläg der Zaunent. als
4249 2545 6224 2877 Laure noule aam
448 2675 3108 2982 coll, aber men; -    is que
3855 2783 5982 3065 Weibe mutt.  rckt
448 2924 2967 3206 thombt  - so
4040 2985 6429 3332 og bei gehört ins Juenhaus, rasst im Ruar
458 3133 3050 3448 nabm er on, Tifidn I bwrt
3913 3242 5758 3505 rehug in ordt mit ab. —
477 3368 3162 3639 that, obler so wir hatt; - I had
4018 3415 5433 3653 Kath. here the wexhing
1967 3570 2635 3718 (alregul)
4198 3498 6336 3823 Paul i he ducet die Bemerk-
520 3624 2996 3978 sen Mith Eurde hiebe hab.
