6712 4216
6217 211 6499 411 S0g
438 299 652 561 De
3622 258 6153 605 sul a vivnt en tahl compfers in
5232 482 5711 656 Worte
3591 479 6122 822 Hin. Regen.- - si nes ganz sicules
3564 751 6296 1006 it sich gerat u ein solch titrale
3581 999 6204 1271 vorzustell; - aber ich nicht.
3557 1193 6109 1508 n dee Cngeublut kamplable
3530 1396 6126 1668 und in die sich wegen Schömmt
3564 1651 6183 2052 über rie, die sie oft u icuwe wieder
3537 1926 6238 2242 sich hiemit, mit seken überführt.
3574 2229 6207 2473 du februyte der on in pfill in
3574 2436 6034 2701 I tril; - und ne spint der nage
3554 2715 6170 2956 in Herren, wie weurtoal kam.
3516 2922 6173 3190 und ein Gefall. der Kabin, treten
3588 3129 5946 3418 Dr Chisherbers..... in
3571 3387 5728 3710 als w alles, wenn sie ulet
