6840 4424
2745 198 3113 355 24 h
6304 282 6615 513 t'7
3774 362 6253 690 Oh, sie ist ubil aus - Mein Aigenbei-
526 422 798 704 717
650 590 2865 804 - we will die ditrux...
3740 603 6431 858 kommt u. Zweifel an, wenn an
630 834 3117 1113 Gary begreif betre ein; -
3780 804 6394 1096 so is it hatte... I sentt je devait,
623 1036 2919 1317 ubel sind mein- ich hand
3753 1025 6314 1337 Marche de Zippen; - inte deur Tilst
5543 1257 5875 1441 self-
640 1324 3087 1575 ret, nal in noch einen zuzorn
3720 1327 6324 1615 wil den gelb tog wit de Teeles; die
563 1532 3070 1806 wir Hregenkei, u. Ankel¬
3784 1545 6300 1816 fils are for a de this, in
1109 1719 1565 1897 Plache.
684 1749 3009 2028 Sffuee a sisd serint...
3784 1780 6220 2058 de fevrier un rien etc. Maage. -
741 2011 2926 2242 “Songe”.  Un in but
3961 1971 6247 2255 Un in the ‸ + fakl Millut.
821 2152 3190 2503 do... Gul Aben. Til Beres.
3861 2242 6331 2497 Stegeting... I don’t one
4910 2376 5948 2567 Ein lallassenhagen
928 2423 2996 2701 - Will you he write...
3780 2500 6257 2711 die ati to ine sipuage as yet
741 2651 2895 2956 Aber.sez sine ichst die mei¬
3790 2637 6217 2966 Ausser son fasse. „vor Theres wuft —
781 2895 2855 3241 put   - - -  We are so
3830 2872 6015 3184 der hiertl erpe in im... Frau
801 3080 2902 3398 Yours in former - man
3861 3087 6180 3402 Uit he let. Th. Agie... you
798 3311 2788 3663 a Blnch, in d Tich, and
3887 3345 6220 3579 sich hatt den unterverzutheilen
3904 3569 6220 3857 Werk Bereren verständig in
871 3609 2832 3887 dem Hefte in blos Tage.
935 3851 2698 4142 gelindue Br lage. - A
