6760 4216
3647 174 3859 313 111
3522 254 4938 553 6f2p til i til
3727 338 6167 661 Sir Wein Telep. halled d
529 327 853 560 1641
2725 358 3048 578 6 46
3577 564 6205 936 et ducastl est duis...
292 633 2941 974 Aldiese Spaziegang man is, Sept. therese
3591 891 6393 1218 I am half year - a ballest it j wch
299 867 2777 1187 Zu trottsten auch de mit hel is
3605 1089 6167 1472 op meine, daß ich die
303 1034 3042 1382 bre Sots erzehlte, de it will Rim
264 1305 2874 1563 beveles in de in een Jahre nach
3598 1260 6316 1841 ful - ou anke.. Ab Theren.
219 1538 2972 1764 Avec manquement ai-m et des ne
3758 1604 6428 2036 Wohl schulle de Prof. - so hatt e
251 1719 2847 2015 as selbe will such jetsd to be. -
4155 1931 4444 2175 Ich
3654 1959 6215 2297 R. wo gerete...- wd - ni ulh
355 1935 2975 2224 Norteing pouwai Clerck, m Theale
783 2168 1079 2311 Geldt
296 2147 2941 2446 in Verleisens folgte; -
3637 2175 6407 2551 viel auch nicht;- gehst mit, kon
327 2394 2944 2732 (Mollx) impt Clavel vous seul
3647 2474 6139 2861 ist das sogarig schief it
351 2575 2934 2826 nicht in den Freunden
386 2777 3066 3045 noch wie auch in sehr „ uil.„
3703 2756 6431 3195 Sells. Bild gegennt, Beweßte
1952 2944 2172 3073 in
376 3014 2787 3247 nd in theren in was ne and
3706 3090 6428 3466 daß sie sich ein unheleich sch. telt. d.
393 3191 2951 3442 wolle by to Uykeit fehlenluss met
411 3390 2829 3609 von den (Stuarpkels, Theil theile)
3765 3396 6365 3751 me not weft met al ciuwel
418 3577 2871 3863 Sagen & to beie the darein
