6952 4424
2869 174 3197 387 in
6143 251 6450 499 807
2873 349 3207 708 816
6258 471 6565 641 1 25
3671 474 6247 791 We said Cverkt der Christ, and do
422 565 3225 896 The ben - C'est eva in pine peill
3755 711 6115 1021 nügel ditwort zurückseiten im
464 795 3023 1220 sib, die Td there Tals dalig
3668 952 6153 1234 will ont die kroquer Kulds...
502 1088 3138 1381 ... Avit Paru vad, oud Hen.
3908 1178 6084 1450 V. Wills en bien der Art
495 1321 2935 1666 -m belle ne aul de jeuville
3706 1398 6073 1736 Dr Elfer... as I tell; a
3702 1628 6226 1980 and I would be Heimord.
481 1642 3110 2005 Bett... In sei ognoill u
3723 1837 6275 2228 & hopillall plen. or
530 2012 2977 2238 nicht über mit „
3783 2151 6223 2479 Ee voor hart if bewegt... 1. die ee
589 2203 3043 2426 Ad. Sie, at woll and i
3803 2371 6129 2667 ne in and until - Sieleche J.
607 2496 3127 2737 such an seul.de allures
3835 2618 6282 2904 Gtiblud... was get it in, Benrut
631 2674 3193 3002 in ficher Rame; -d to
3932 2806 6024 3103 - - Ich tat Ritterne Er ist und
596 2942 2859 3239 teil. de Polizkom; d
3901 3033 6206 3326 gehilrt..... Esql - Vogeltning
662 3183 2887 3483 Begishiargh...
3870 3193 6052 3591 It is to an
3953 3504 6007 3758 I in the "Staub"
704 3417 2364 3765 woll and die Fr
3995 3675 5801 3936 de    "  rie d krigit.....
757 3675 3005 3932 with dev in a in stell
3999 3852 5798 4079 impt.. n.d. geten konnte.
763 3803 3155 4114 he cntetut del fast... Brond
2632 4002 3099 4159 voir
