6728 4072
3680 222 3997 427 B
6229 297 6519 501 650
332 314 883 611 93 26 52
3658 417 6317 664 sind das nicht ud. spracht sich jeit
523 396 2963 639 in den Spiegeltil.. (at most
3605 604 6261 883 at was da alle at verschiede ud d
530 607 3266 950 ne nach einmal... Er tief daß
494 833 3012 1130 und sich neben. Befälle... Tr-
3627 876 6402 1074 in ulbt, at ware ce me arcla
498 1017 1518 1300 vers hollen -
3694 1049 6367 1412 je wir; - ich de will aus; -j ai eige
597 1204 3185 1536 daß ich fort sicher cge Vermeinen
3648 1360 6180 1656 nibel fift Fard gelegent
551 1437 3111 1660 sich eine Ehebaut in de Wohnen
886 1586 1374 1755 Stunde
3595 1501 6183 1857 Iren die ich lebst seit weg
618 1635 3192 1967 Stuyer fand, in land
3584 1829 6236 2083 he wie als Wien ein Geporle.
579 1882 3058 2098 Kreise, der Ehe vor Sie wird
1095 2034 1942 2196 in d St
3552 2030 6388 2327 de Supgicenstin in bevor
586 2133 2892 2437 nicht unfreundlich aufzunehmen.
5678 2264 5841 2380 v.
2500 2295 2956 2482 7, beu
3556 2253 6321 2617 nal sine sehr eine nicht vielleicht
508 2327 2945 2592 de Mude, de yar n Han
3577 2550 6307 2864 das ne wil t sil..-ne
533 2610 3076 2850 thumen byes ee pf. G in ihr la
3570 2747 6384 3047 verdient gevenselt nicht et in ange¬
614 2790 2768 3026 et d'écrit; d'en ebe n'y
2419 2952 2705 3111 dit
3567 3009 6293 3341 après leebenomme ne nul de
738 2945 2850 3295 Paulinebon... cin restus
752 3228 2772 3492 Erfahr erhält telle - n
3588 3238 6042 3560 Iet. erhebte.. Kail vergef und
4810 3394 5904 3637 be wld
660 3450 3005 3764 behell & you
3524 3478 6367 3860 & belone, Tafr ci Bevelngs as un
