6920 4232
6173 131 6446 303 + 26
3571 284 6169 628 Baren. Sie wie einmal mit
3010 359 3241 594 741
3619 471 6289 852 ert de Fall gekenne, un glücklich
355 561 3234 823 de nelleicht nicht wiede, in il erster
430 714 3126 1077 sel verlag wis...  Kild. de
3585 733 6393 1189 je Elis... Unvat M. Frei war
370 927 2998 1353 jouy coeit a Holland n'en t
3600 1047 5989 1387 meiner geworden wie es je
5100 1196 5518 1350 je me
393 1196 2909 1533 klee Hove sehr und mitt-
3664 1226 6341 1623 and but... Ses eine starb.de
393 1439 2909 1798 in dankl. vor.die Bib..d.
3574 1447 6270 1884 un an Tur ou que des hommes
374 1712 2965 2090 had a du nêle deze schier
3574 1742 6502 2090 Schön ente denen e me vers Amsch.
5735 1914 6229 2079 in vel
3574 2034 6274 2389 in dem was ne des will alle
359 1982 3200 2464 ne geven is de Manne, her
3585 2281 6304 2726 lort. Je rie... de kle, de longue
351 2326 3361 2711 êtée si de Grw nie jez war.
3630 2583 6259 2939 verversiele - sin de laill du un
374 2666 3114 3032 Es weil jaar at hlvite wollt
3638 2744 6442 3264 Ceb... A Bnde..  Alfred.
411 2957 3193 3316 will dies the moll ten ciebbe
3608 3081 6210 3541 na Cernière toti; de n'en
434 3271 2815 3567 we will deliver daarif jul
3671 3443 6124 3870 tige tangel. meel... in Frai
430 3526 3350 3978 thein; daß a. w. nur auch
