6744 4184
4490 240 5192 433 Könl. aber
3466 251 3743 484 612
3638 320 6245 575 ril en, de georrein; -
2982 317 3332 517 612
353 437 3168 641 en cœur de la nuit et de tous, - chez ; - je
3601 528 6066 834 in Crape and d Kmarschel is
371 572 3201 859 is gel hiemit de Langeweile in der
2512 746 2767 885 une
3649 754 6059 983 you ObenMond -
331 837 3263 1052 me in Wolltew ja Cur. en jeune
5615 907 5939 1067 seyl
1151 958 1449 1111 and
3645 987 5924 1191 n cnt tat iuw + dl
401 987 3164 1304 Feyteid, - and ein yor has as jours
5757 1005 6234 1267 verleit.
3550 1194 6270 1416 en den ungeschickt wie gestleit¬
397 1260 3164 1515 Horeld & ouvriren  gleibt
3554 1362 6004 1639 ne in iuslal Stiung lieht it
5090 1529 6044 1657 &cpr to them - at 10 from
415 1478 3179 1719 kandt den baltall etc. in
3576 1606 6278 1883 - erreid sei kurz, wekel
426 1690 3303 1981 Wm in Nesbrues in frilieren gebot
3612 1781 6274 2108 all ingegerte it bei n i
368 1952 3135 2258 a ughe bel foht in
3550 1959 6288 2319 al; - was diaar entsaich, at he
368 2181 3117 2465 all to you knt in wit all have
3587 2210 6292 2582 Nim Garten und unterm lager
481 2418 3099 2724 de vous n'en pas tla. Nous
3568 2454 6328 2804 I am sent it this will
375 2676 3226 2917 ever ne wel itin will ut cem
3568 2705 6274 3019 al - and criue M de noitiles
5396 2873 6467 3102 a ce hoill the
328 2909 3110 3182 sul ouvres; i... bise Legeul
3572 2968 6092 3248 Abe a ueil hoge  in allen
379 3139 2764 3528 sagt zu teint erführt
3601 3295 6103 3492 ene at iie in mengelest
375 3408 2749 3740 A.M. lui ne si en brlle
3608 3419 6343 3750 tell.    Allinstr to
