6808 4136
6205 157 6519 526 68a
2763 266 3092 522 6 & 5
3606 270 6450 734 elme agtter je will. -dut et la
321 398 2920 668 aber inhea ud auf dieu cusou
3592 544 6358 807 one nicht lang in hofeinheit, we
303 580 2884 840 Sage werden trussi abe des neils
3537 788 6417 1048 le 4 wege et batte vid erlaibtent (ubi
237 843 2946 1080 in an Stade abe ne weitts, en
3621 971 6380 1245 Dr Wethrves in and were.as we
2139 1029 2898 1343 daß ihn
248 1062 1956 1383 Verlei in the Befriedge
1548 1197 2274 1409 vertallen
3599 1252 6388 1515 lieue - daut späle...) n Aſat
223 1340 2931 1606 diese hentes die Einwärkeit der ehe
3610 1431 6369 1814 tracht daß Franz, deser die
259 1507 3008 1785 wohlthal - und bildet sich schon¬
248 1697 2938 2106 - I afo nint - wt. de, i
3610 1690 6420 2015 rechnet ist erlaubt, und zu forschen
237 1924 2960 2336 il fait Excellenz ce sevent cin
3592 1905 6497 2223 de treteil jeanen...    uit cent du oncle
964 2208 1183 2300 Ce
339 2154 2946 2511 Ich hier, Wittstern jen, gut
3581 2139 6482 2493 bequeher. Tyker, onfeige Fonit & befoy
266 2442 1847 2770 befrevel Mr..
3603 2431 6482 2767 wie bis die Gelegenheit... d. h.
380 2551 3059 2949 reken in ct and an cbeant
456 2716 694 2836 Sir,
3555 2606 6493 2967 de Stetandosse. Tage en lise in derbe
369 2832 2770 3194 (en tj fout jusdut, at ce ge
3522 2836 6333 3183 (beventlut) inke). ufuhre (wie
489 3011 3040 3398 he is of erwail tils. - It is at
3610 3095 6333 3416 at weh Wuse - dambr spele)..
1934 3197 2300 3394 al wch
420 3281 3176 3672 a jewenes.. besage - so we that
3555 3354 6344 3734 defr. Franz, soeb. i Sardesjuris
2679 3468 3106 3654 dan
522 3551 3048 3807 sudl it in it in the
