6920 4296
2855 233 3208 431 266
6373 311 6740 529 212
3786 328 6585 642 Kirbeltimmel; - wie so oder wie
3151 392 3373 692 29
476 445 3179 759 spiled, wie ic au rme. Hechtnachwill.
3800 610 6641 949 & [illegible] and abtegentie nate
406 660 3109 932 wil d bei bei iit indem Kindern
3875 857 6525 1129 Tgendunde tracht de wel de Elle
469 850 3003 1126 au la haut de vorsteit gaiten out
2442 1023 2604 1143 the
3818 1122 6549 1394 de Schul zu ernienden; — wird sie nie¬
473 1101 3197 1433 refs - vid wir... dahin in dem
5614 1320 6193 1493 konnte
3804 1327 6475 1616 etwas ad in in die forlant, flei
441 1313 3172 1648 beiter verblick sind; - ohne Taf ge¬
2643 1524 3045 1687 regille.
3776 1556 6595 1846 self Ostwed, & her better; -d. doth
494 1616 3204 1913 do for I will shall and he ruricht
1228 1803 1976 1997 parobatent
3744 1831 6419 2096 ne met plottut fityni tt, wie en
522 1814 3225 2071 mal an Mitschaft at om i une hølk
3716 1976 6394 2340 Wieu en er wiederleid - der xxx
494 2047 3215 2340 at Julerein i oghe aif ou
3705 2230 6373 2516 wendl trievn de moule kam
462 2294 3271 2590 weil der Zylin in Unterhaltung gehöhe.
3818 2431 4291 2583 meint
3716 2502 6521 2805 wird jene verweifelte. Undskeit ich ne
519 2534 3172 2823 k c of n d Jiters auf t, d n
3705 2742 6285 3045 dire deze vie in sillein, - gefohlenl
314 2802 3049 3063 a dété bien en ce que rien qui a de
3712 3024 6525 3254 of the tingewe hifkeit.
572 3031 3172 3285 ne a a filer so agar ckuer. D
3698 3186 6239 3518 die in put oft brabal den Gelge
565 3197 2950 3529 de Jufall tot, angang indt -f
3705 3448 6271 3790 teil coopfri, die eynde wel
586 3476 2855 3702 will kind, you &
572 3659 3222 3952 Jos den Rulle de yos Clafs bla
