6936 4424
2849 186 3132 354 it.
6153 262 6476 461 m
2715 341 3149 726 810
6194 420 6504 647 811
303 458 2612 771 do to be in.....
3730 647 6335 891 and wilde and metteremblot
423 688 2877 991 me forberie, -
3748 798 6232 1160 it I lived... Sie straf en
382 874 3001 1232 bell con d ce Hen il huis si
3792 1056 6562 1456 a tupe vart it is; - I shall be
451 1156 2739 1411 ein schleppel, schol, diese ne¬
3868 1318 6232 1721 am in the lai. and
382 1352 2846 1655 in. d klei Calivet, our etN.M.
3868 1549 6353 1979 we bege er n'est unge t...
451 1621 2987 1879 stav.. - -  At i hart en viell
537 1858 2918 2123 de wo... J. de l'entrale
3840 1820 6404 2264 Mrs. Brie in - -. bis ab - - -
489 2079 2935 2436 J. A told    F A and
3861 2089 6256 2529 er selhr dort er kaum. Je
520 2371 2911 2681 rie in wie. Co lener -
3906 2436 6425 2781 sont as well I tell made.
482 2660 2784 2939 in den Stell zu ernstl.
3823 2650 6401 3090 En hart auf je mais:- Et lui
554 2880 2536 3238 sofert schon in ein
3885 2911 6232 3383 at Has locke:-
878 3138 3028 3483 Reil in A hll er in
3985 3152 6353 3668 Hendluch nahm sein Haus.
4023 3438 6022 3906 en Seitenleich, decht es
633 3483 3094 3847 I do wieder.. be ber Hant.
4081 3703 6218 4061 Gevallt zu den, deilte
