6744 4088
6084 156 6439 413 560
431 156 710 377 561
3591 156 6211 554 Ihr Bild etc dess Dank wußt;
609 297 2761 576 Herenblieb in einer selts aus
2156 471 2714 612 wolltely
3504 457 6418 826 in d Beloting lid ouulan
409 511 2932 815 Bouventeil paruit.- Elm. aive
493 739 3015 1040 We in t Sebe getreten; - and in faklte
3548 718 6211 997 auf die Warte; - eines Tages, nach
5041 924 5457 1080 here
3530 946 6374 1243 der Stirde, led ne si de til
475 960 3058 1268 n'il vite alle; - meilleler alle,
3530 1218 6218 1475 fryle ne, il ne avait cet stens
395 1199 2805 1526 von järre. – Schwesterleit junger
3540 1402 6229 1696 eicuvel as Sint vielleicht
409 1421 3153 1750 hergleich - (at vorher). - The nartile
986 1623 3138 1758 de hurend erde on thil, they
3497 1649 6255 1946 beich zu beilez ene wollt de
395 1754 3185 2022 kure (Stinde) giagen otae besondt
3530 1895 6331 2189 Val weir ud ick jolie. Theren
438 1942 3091 2167 Crey dahin - Therese get koue
1192 2120 1779 2276 (wiliert)
3537 2149 6255 2395 Wenn borheilt vor Feind vor Thele
438 2134 2812 2421 tutile2 il wohl a f og
660 2345 2134 2486 not in  aihe (.tiau
3508 2355 6037 2685 Mit der Zelle, es nicht,
435 2417 3048 2674 am Weise powelke, daft., was
435 2598 2975 2895 sur un décès du Tiefall et Regemf
3595 2602 6218 2913 bewerken - fje sie tracht mit fer
409 2837 3171 3069 dund vor zu xyz erkennen so lassen
3522 2823 6291 3185 It was davit p., shee Hef. But
960 2997 1265 3145 Herr
435 3048 3174 3341 in d and hisitis in jai or Thile
3533 3080 6418 3348 gekommen zugeklappen, mit Montel¬
3511 3345 6414 3598 soppé; d'où crintul ne
482 3298 3153 3617 rethl, clef ne fiche anders stam
500 3580 3279 3896 at 1/2 d order; was no petit; Sept
3751 3642 3928 3823 ...
4218 3667 5994 3881 to me.
