6792 4152
6051 156 6373 358 699
2862 209 3192 496 1681
3553 252 6068 588 berech aus ce ik at has in bort
804 351 1102 496 1m
361 280 2990 670 see 6 with a letter of ahr 6
3596 531 6111 740 Kofe Bart einen in wieder möglich
3790 670 5824 861 der ganz Ihnen u. unverdachtet.
280 652 3121 971 with an call a tryer
3585 790 5962 1038 seis mit, und eine frei derne
3815 910 6075 1169 de cotti weil Fiscuske, met de' Last
280 864 3050 1098 over we wohl wenn duft - (he wt
3585 956 6132 1265 dte, die m'en e
280 1095 2954 1403 with) - nad die Kire
3656 1279 6238 1481 all jene I fach Landhefalt vorige
1187 1272 2143 1463 de Baal Kru
361 1360 3181 1587 stome in een kercupum inde ublen
3659 1428 6267 1722 us [illegible] - in Ahob
386 1545 3217 1846 Sorte ci at lutlg kei uitelbe in
5739 1619 6008 1754 wch
3674 1686 6316 1984 pippe besld, an einen als Mei
329 1785 3103 2189 (du c, Aneinmal n'en Belupfels
3606 1902 6072 2200 mit ein høre als er berleh an un
418 2037 3192 2430 2 habe alld. u 2e Stözel hvor
3649 2150 6203 2388 dit wolude Mai wil me thion, de
468 2257 3032 2675 gehärtet. Nun – in wer we ich
3702 2338 6192 2629 schon vor Triht;- und zu Kinder
5572 2533 6260 2699 10-12
453 2540 3036 2908 Reine jetzt! Wlk in. Iodet
3656 2614 6228 2884 wil hein beg die der Mai scheandt
3656 2830 6026 3100 auf mit de Händst zlevit
521 2806 3089 3117 nefende - u nahm etc. Heide... ik
3645 3029 6143 3341 if in stup voll lechs.- Iugelt
521 3107 3036 3440 tele lang - ümle diesem Stad.
3748 3224 6433 3518 in leifs; was wol Trothelin
521 3358 3128 3670 Ceb...  Mr es the go
3684 3479 6054 3741 mit Büpfern, all dieses in ih
