6808 4264
3659 252 6511 626 C.H. in eum Tum zurückführt
452 389 759 589 6+0
459 437 3133 785 rechere de l'apprendre sallle ces
3689 585 6500 893 Nam.. Mohls Lein aber -
370 696 3270 1011 bemert... bern erste Löffs Ihpe.
3670 807 6552 1144 de Oulat Mahs, rien ici - le dit-
363 919 3156 1215 will ne bekspl tell in and " di-
3644 1044 6415 1370 Ligiquerte, der nd offenba, etre uit
374 1148 3174 1456 Wunlest with nenen this tete -
3700 1270 6445 1582 que Jeit a été arbeurlet hatt.
326 1381 3230 1782 dererner men Sege hebt i and
3670 1504 6533 1756 wollte de mots uit in Billet
337 1600 3093 1882 wir in iure pvrittoin. I
3670 1737 6393 2070 d Überfahrt i-Amera, etc.
307 1878 3130 2237 choffe - - n in bveit A.M.
3719 2000 6645 2230 Willeh want Aime in aevee 1 is wollt
363 2037 3348 2437 de Cillclos we uit in den ballein
4293 2152 4682 2326 a été
3689 2185 6441 2485 at [illegible] is Willet vast amer ke.
411 2404 2167 2715 Telepon crepel -
1726 2396 3333 2733 I is - c-ter.. verstin, dit w ve
3730 2407 6389 2693 sible.. vielleucht de une door be
733 2589 3367 2904 Sie wert mit der rein -. Man sei ich bezeit
3689 2622 6448 2989 n in td Bm het in con nne
3100 2774 3322 2985 bee
619 2856 2330 3052 even & slad wenn
3711 2889 6441 3211 well or it in Begleit a Kiboreust
819 2985 2985 3259 her, in will well a feile
3759 3122 6393 3467 - n. Henlz schicher - die und dort
852 3174 3100 3459 geben. The first - so uin - Augs
3770 3337 5422 3648 auf Stiffton von
778 3426 2922 3759 in Franz - - In- ne uwebr in
3874 3474 6404 3815 (hann) Augst. - den Herrn Prof. - Innsbruch in alles.
348 3430 681 3785 0-10
856 3596 2911 3878 Mr Gll gib, was Cineris
5307 3715 5763 3885 Immen
367 3733 789 3996 Mais, Schirch,
3933 3752 5215 3915 zu sich aber - soll verschontt....
2674 3759 3274 3982 "Gele West-
763 3763 2541 4033 here - it woll in with.......
