6728 4136
1593 136 2084 396 A.M
6226 266 6567 440 60 11
5475 269 5878 437 you he
2790 300 3118 481 1602
3804 317 6372 594 selbe it Bewendenen aussi ich dadin.
287 409 2985 788 2d in de hoffe a def wt de ben
3821 501 6219 812 and but not a dei
4568 686 4916 815 esoutvé
297 583 3022 856 wber der Lüssel hinzu verworben -
3786 716 6031 989 Aber der Um A die (Vortrag) ein anderer u. S. Koller
287 819 2913 1092 I am si no - to
3718 880 4087 1064 1ste ce
3793 1017 6444 1266 Aber die weitl. Ausarte von trotteten
310 1061 2947 1358 Troule Fête føgte. The lelemer
4244 1201 4830 1334 forleuttert
3773 1310 6444 1569 Vergleichung oder in dem, wo sie zu Verstimmung
314 1347 2828 1702 Huzhaft. and die
3728 1504 6311 1740 gehalten halle, wie - eh wege t
355 1624 2903 1876 staux Libel hielt voet an  - 2
3715 1702 6403 2030 darif klar at Tilda eroffet
358 1798 2869 2071 Kildé être gegangen wer. gezeuge
3671 1941 6342 2224 defs ne weit de hiliter when M
379 2081 2784 2337 was... The jellast kon
3647 2129 6382 2439 dass ni int wit den Hollande ou
379 2282 3002 2524 Srecemte, difr kild vorlhe
3647 2371 6365 2657 lott tabe. Aefoop hitte ne Reven
334 2518 2896 2767 vor allerle geeht halb:  nul
3650 2603 6342 2927 (futte a un Krit dienst. Herz. (in theque -)
3671 2835 6215 3050 Ihr sie fordent abe noch in tas/ der
314 2780 2975 3128 and very
3688 3087 6232 3292 Sie das nicht weil de
321 3002 2988 3302 in fo le veitilen toutes cinq
3739 3213 6270 3497 Hollende verlobt tat. Diese fehle
368 3271 3009 3531 [illegible] - nd somnbe totee fast
3674 3428 6311 3739 see that due key - abe ne font
382 3466 3070 3742 vogingt arable, dif et Hollande.
