6744 4200
372 369 671 558 6 & 5
452 412 3211 708 Je p d'en abenerte sauve nou
423 657 847 839 do - I
708 642 3123 963 here Bepys ampl excepton
398 952 3262 1219 long in it with – we we will woll, Ist
383 1076 3317 1441 den Heinig nu dar leke na, weil
354 1343 3120 1682 ce Hei t is Thild. Alroophane
412 1562 3258 1948 me ongevilt halve. Aber
369 1850 3193 2138 beld wederfut iin sant ihr
372 2043 3262 2361 formé sous ce temb. - Ils ne be aitre
358 2262 3134 2718 dass nu de trotzk ne will
438 2507 3160 3018 Gerevez en glais, - ne a été ihr
471 2722 3149 3207 verarbeiten, wie sie das Reg
456 3112 3149 3455 telle cebil tilf... ils un se
1394 3423 1580 3550 u
452 3412 3193 3828 and in ald rt 7 o
4466 234 4882 376 Aren
3528 244 3791 500 64
3601 325 6331 664 Dill getofft; -
3572 536 6334 887 wir an die Friede Einlau
3528 817 6250 1062 in weill recht nach ihre gedwein
3554 1076 6349 1339 was;    ei ma wis
3550 1273 6279 1576 auf entwer, daß er selbst an¬
3554 1511 6367 1770 Sd'y met et taber mord i. - We wollt
3525 1740 6028 2010 in me nberashe... ( Of
3554 1963 6254 2193 re nur sollte wie nicht; - es
3525 2193 6290 2474 was it ebe anbelegled to the
3492 2426 6075 2715 at a C. bea F.
3605 2733 6265 3018 that in he
3554 2970 6254 3222 is not... I I
3558 3233 6261 3503 [illegible] Spiell in a Compere
3558 3455 6192 3733 des hare et lui l'un bekenk
