<?xml version="1.0" encoding="UTF-8" standalone="yes"?>
<PcGts xmlns="http://schema.primaresearch.org/PAGE/gts/pagecontent/2013-07-15" xmlns:xsi="http://www.w3.org/2001/XMLSchema-instance" xsi:schemaLocation="http://schema.primaresearch.org/PAGE/gts/pagecontent/2013-07-15 http://schema.primaresearch.org/PAGE/gts/pagecontent/2013-07-15/pagecontent.xsd">
    <Metadata>
        <Creator>prov=READ-COOP:name=TrHtr:version=2.1.0:model_id=51170:date=14_08_2023_19:12</Creator>
        <Created>2023-05-10T14:35:54.803+02:00</Created>
        <LastChange>2023-08-14T19:12:34.230+02:00</LastChange>
        <TranskribusMetadata docId="1428642" pageId="55423115" pageNr="134" tsid="132822344" status="IN_PROGRESS" userId="64420" imgUrl="https://files.transkribus.eu/Get?id=SZOEQAWFTCDTCOIABXURUKCZ&amp;fileType=view" xmlUrl="https://files.transkribus.eu/Get?id=NTIAWZLKVYZLAGAITISTBXLX" imageId="44697194"/>
    </Metadata>
    <Page imageFilename="1428642_0134.jpg" imageWidth="6856" imageHeight="4248">
        <ReadingOrder>
            <OrderedGroup id="ro_1711816791808" caption="Regions reading order">
                <RegionRefIndexed index="0" regionRef="tr_1"/>
                <RegionRefIndexed index="1" regionRef="tr_2"/>
            </OrderedGroup>
        </ReadingOrder>
        <TextRegion id="tr_1" custom="readingOrder {index:0;}">
            <Coords points="501,475 3359,475 3359,3989 501,3989"/>
            <TextLine id="tr_1_tl_1" custom="readingOrder {index:0;}">
                <Coords points="578,653 2618,542 3249,599 3309,385 2864,339 2650,503 2322,374 581,496"/>
                <Baseline points="596,584 632,584 721,572 811,572 900,566 990,566 1079,560 1169,560 1258,560 1348,566 1437,554 1527,554 1616,548 1706,554 1795,548 1885,548 1974,542 2064,542 2153,542 2243,542 2332,542 2422,542 2511,542 2601,542 2690,536 2780,531 2869,531 2959,525 3048,525 3138,536 3227,548 3317,560"/>
                <TextEquiv>
                    <Unicode>del welt verpfl Mewe. Hoffentl</Unicode>
                </TextEquiv>
            </TextLine>
            <TextLine id="tr_1_tl_2" custom="readingOrder {index:1;}">
                <Coords points="481,845 1188,931 1487,802 2628,777 3174,892 3220,610 2992,667 2650,553 2129,692 1933,603 1509,681 1398,581 1245,703 485,742"/>
                <Baseline points="501,823 542,823 632,823 721,817 811,811 900,805 990,799 1079,805 1169,805 1258,799 1348,793 1437,787 1527,787 1616,781 1706,781 1795,781 1885,781 1974,775 2064,775 2153,781 2243,775 2332,775 2422,775 2511,775 2601,775 2690,763 2780,763 2869,757 2959,763 3048,769 3138,775 3227,775"/>
                <TextEquiv>
                    <Unicode>not is he und in weecie</Unicode>
                </TextEquiv>
            </TextLine>
            <TextLine id="tr_1_tl_3" custom="readingOrder {index:2;}">
                <Coords points="492,1088 685,1180 1569,1024 3106,1066 3156,909 2971,810 2072,863 1887,956 1469,867 499,924"/>
                <Baseline points="513,1079 566,1073 656,1062 745,1056 835,1056 924,1050 1014,1050 1103,1044 1193,1038 1282,1038 1372,1032 1461,1032 1551,1026 1640,1020 1730,1020 1819,1014 1909,1014 1998,1008 2088,1002 2177,1002 2267,1002 2356,996 2446,990 2535,990 2625,984 2714,978 2804,972 2893,972 2983,972 3072,978 3162,984"/>
                <TextEquiv>
                    <Unicode>befeile - was... Eurxfehl her was</Unicode>
                </TextEquiv>
            </TextLine>
            <TextLine id="tr_1_tl_4" custom="readingOrder {index:3;}">
                <Coords points="496,1287 1833,1327 2208,1195 2407,1266 2782,1173 3178,1237 3210,1084 2339,1020 2179,1106 1922,1016 1583,1141 1237,1059 499,1252"/>
                <Baseline points="519,1282 531,1288 620,1288 709,1276 799,1282 888,1282 978,1276 1067,1264 1157,1258 1246,1258 1336,1258 1425,1252 1515,1246 1604,1246 1694,1240 1783,1229 1873,1223 1962,1217 2052,1211 2141,1199 2231,1193 2320,1193 2410,1181 2499,1181 2589,1175 2678,1181 2768,1175 2857,1169 2947,1169 3036,1169 3126,1175 3215,1181"/>
                <TextEquiv>
                    <Unicode>I. Hee Vubilst sagte there stave</Unicode>
                </TextEquiv>
            </TextLine>
            <TextLine id="tr_1_tl_5" custom="readingOrder {index:4;}">
                <Coords points="517,1555 1558,1469 1976,1530 2660,1394 2867,1498 2992,1473 3006,1305 2254,1213 2004,1316 1737,1287 1434,1444 1334,1377 956,1459 728,1334 521,1480"/>
                <Baseline points="536,1539 590,1533 680,1527 769,1527 859,1521 948,1515 1038,1515 1127,1509 1217,1503 1306,1497 1396,1491 1485,1479 1575,1467 1664,1455 1754,1449 1843,1437 1933,1437 2022,1425 2112,1414 2201,1402 2291,1390 2380,1390 2470,1390 2559,1390 2649,1396 2738,1390 2828,1390 2917,1390 3007,1390"/>
                <TextEquiv>
                    <Unicode> Jeulant. Theils Tild wyr</Unicode>
                </TextEquiv>
            </TextLine>
            <TextLine id="tr_1_tl_6" custom="readingOrder {index:5;}">
                <Coords points="492,1797 1562,1808 2372,1633 2849,1683 3099,1640 3113,1437 2814,1541 2325,1469 1673,1694 1327,1533 499,1726"/>
                <Baseline points="513,1789 602,1771 692,1771 781,1771 871,1766 960,1760 1050,1760 1139,1760 1229,1754 1318,1754 1408,1748 1497,1736 1587,1730 1676,1718 1766,1712 1855,1694 1945,1688 2034,1682 2124,1670 2213,1652 2302,1640 2392,1634 2481,1628 2571,1622 2660,1622 2750,1622 2839,1622 2929,1616 3018,1610 3108,1628"/>
                <TextEquiv>
                    <Unicode>est bestellen - un Rueu. et</Unicode>
                </TextEquiv>
            </TextLine>
            <TextLine id="tr_1_tl_7" custom="readingOrder {index:6;}">
                <Coords points="489,2011 2311,1915 2732,2043 3056,1929 3345,1976 3356,1712 3031,1655 2693,1787 2429,1708 2018,1815 1840,1737 952,1972 638,1851 492,1954"/>
                <Baseline points="507,2010 584,2010 674,2010 763,2010 853,2004 942,2004 1032,1992 1121,1992 1211,1986 1300,1980 1390,1968 1479,1962 1569,1956 1658,1950 1748,1939 1837,1927 1927,1921 2016,1915 2106,1921 2195,1915 2285,1909 2374,1903 2464,1903 2553,1903 2643,1903 2732,1903 2822,1903 2911,1897 3001,1891 3090,1897 3180,1903 3269,1915 3359,1909"/>
                <TextEquiv>
                    <Unicode>when a hle Tarbet will fowled</Unicode>
                </TextEquiv>
            </TextLine>
            <TextLine id="tr_1_tl_8" custom="readingOrder {index:7;}">
                <Coords points="549,2286 1862,2186 2026,2257 2796,2129 3063,2197 3342,2165 3352,1994 3056,1929 2742,2051 2643,1979 1598,2097 1241,2018 945,2211 553,2215"/>
                <Baseline points="572,2249 578,2249 668,2243 757,2243 847,2243 936,2243 1026,2231 1115,2219 1205,2213 1294,2207 1384,2201 1473,2189 1563,2189 1652,2183 1742,2183 1831,2177 1921,2171 2010,2171 2100,2165 2189,2159 2279,2153 2368,2147 2458,2141 2547,2135 2637,2129 2726,2124 2816,2124 2905,2118 2995,2112 3084,2112 3174,2112 3263,2118 3353,2135"/>
                <TextEquiv>
                    <Unicode>in Tis beile he to de Hove</Unicode>
                </TextEquiv>
            </TextLine>
            <TextLine id="tr_1_tl_9" custom="readingOrder {index:8;}">
                <Coords points="635,2457 1583,2439 1719,2518 2336,2386 2471,2464 3178,2397 3185,2261 1954,2232 1737,2339 1198,2272 988,2407 638,2393"/>
                <Baseline points="656,2458 686,2458 775,2458 865,2452 954,2440 1044,2440 1133,2434 1223,2428 1312,2422 1402,2422 1491,2416 1581,2416 1670,2410 1760,2404 1849,2398 1939,2392 2028,2392 2118,2386 2207,2368 2297,2362 2386,2356 2476,2350 2565,2344 2655,2332 2744,2332 2833,2332 2923,2332 3012,2332 3102,2338 3191,2350"/>
                <TextEquiv>
                    <Unicode>n'a Homm.  j wis hans j'ai vu il</Unicode>
                </TextEquiv>
            </TextLine>
            <TextLine id="tr_1_tl_10" custom="readingOrder {index:9;}">
                <Coords points="635,2746 1259,2689 1362,2778 1815,2643 2532,2586 2753,2657 3242,2528 2575,2425 1202,2653 781,2543 645,2625"/>
                <Baseline points="656,2732 739,2720 829,2714 918,2708 1008,2702 1097,2690 1187,2696 1276,2690 1366,2678 1455,2672 1545,2655 1634,2649 1724,2649 1813,2637 1903,2625 1992,2613 2082,2601 2171,2595 2261,2589 2350,2583 2440,2577 2529,2565 2619,2559 2708,2553 2798,2553 2887,2547 2977,2553 3066,2559 3156,2565 3245,2571"/>
                <TextEquiv>
                    <Unicode>Hove..   ..., bitt. Coopin.</Unicode>
                </TextEquiv>
            </TextLine>
            <TextLine id="tr_1_tl_11" custom="readingOrder {index:10;}">
                <Coords points="563,3010 2133,2853 3063,2889 3071,2796 2493,2700 1844,2800 1619,2732 571,2896"/>
                <Baseline points="584,3001 662,2977 751,2977 841,2971 930,2953 1020,2953 1109,2953 1199,2941 1288,2923 1378,2923 1467,2917 1557,2899 1646,2887 1736,2881 1825,2875 1915,2869 2004,2863 2094,2857 2183,2851 2273,2845 2362,2833 2452,2828 2541,2828 2631,2828 2720,2822 2810,2816 2899,2822 2989,2822 3078,2828"/>
                <TextEquiv>
                    <Unicode>de Trepper fied in die ein</Unicode>
                </TextEquiv>
            </TextLine>
            <TextLine id="tr_1_tl_12" custom="readingOrder {index:11;}">
                <Coords points="1273,3021 1316,3031 1437,3013 1476,3035 1509,3035 1555,3017 1616,3056 1637,3053 1637,2967 1587,2978 1533,2949 1505,2960 1451,2914 1348,2953 1323,2939 1273,2942"/>
                <Baseline points="1294,3012 1378,3001 1467,3007 1557,3001 1646,3001"/>
                <TextEquiv>
                    <Unicode>dui</Unicode>
                </TextEquiv>
            </TextLine>
            <TextLine id="tr_1_tl_13" custom="readingOrder {index:12;}">
                <Coords points="631,3242 1255,3249 1673,3135 2115,3192 2361,3085 2924,3120 3081,3074 3092,2917 1847,2964 1551,3092 1295,3017 1102,3120 788,3060 638,3153"/>
                <Baseline points="650,3239 674,3233 763,3215 853,3197 942,3191 1032,3180 1121,3174 1211,3162 1300,3150 1390,3144 1479,3138 1569,3138 1658,3132 1748,3126 1837,3126 1927,3120 2016,3120 2106,3114 2195,3108 2285,3096 2374,3084 2464,3078 2553,3072 2643,3066 2732,3066 2822,3054 2911,3054 3001,3048 3090,3048"/>
                <TextEquiv>
                    <Unicode>kle alle Schei..de die</Unicode>
                </TextEquiv>
            </TextLine>
            <TextLine id="tr_1_tl_14" custom="readingOrder {index:13;}">
                <Coords points="2140,3227 2275,3263 2425,3224 2518,3274 2593,3227 2764,3210 2864,3256 2974,3202 3181,3210 3185,3128 3092,3085 2935,3120 2757,3085 2657,3160 2561,3113 2493,3149 2143,3167"/>
                <Baseline points="2159,3227 2207,3227 2297,3221 2386,3215 2476,3215 2565,3209 2655,3209 2744,3203 2833,3203 2923,3197 3012,3191 3102,3186 3191,3191"/>
                <TextEquiv>
                    <Unicode>weil in d, h-</Unicode>
                </TextEquiv>
            </TextLine>
            <TextLine id="tr_1_tl_15" custom="readingOrder {index:14;}">
                <Coords points="706,3438 2115,3459 2496,3359 2739,3452 3063,3345 3067,3220 1883,3263 1740,3199 1245,3288 1038,3217 710,3377"/>
                <Baseline points="727,3436 745,3436 835,3436 924,3436 1014,3430 1103,3424 1193,3418 1282,3412 1372,3412 1461,3406 1551,3406 1640,3400 1730,3400 1819,3406 1909,3400 1998,3400 2088,3394 2177,3394 2267,3376 2356,3370 2446,3364 2535,3359 2625,3347 2714,3347 2804,3341 2893,3341 2983,3341 3072,3341"/>
                <TextEquiv>
                    <Unicode>t vecterre schala, elui in Erb.</Unicode>
                </TextEquiv>
            </TextLine>
            <TextLine id="tr_1_tl_16" custom="readingOrder {index:15;}">
                <Coords points="724,3712 1451,3670 2097,3755 2717,3663 3128,3734 3138,3488 2906,3416 2379,3520 1637,3459 728,3559"/>
                <Baseline points="745,3699 811,3693 900,3687 990,3687 1079,3675 1169,3675 1258,3669 1348,3657 1437,3657 1527,3657 1616,3657 1706,3651 1795,3657 1885,3651 1974,3651 2064,3645 2153,3639 2243,3633 2332,3627 2422,3621 2511,3615 2601,3603 2690,3603 2780,3597 2869,3597 2959,3597 3048,3609 3138,3615"/>
                <TextEquiv>
                    <Unicode>till... Und</Unicode>
                </TextEquiv>
            </TextLine>
            <TextLine id="tr_1_tl_17" custom="readingOrder {index:16;}">
                <Coords points="1783,3998 2065,3969 2193,4001 2300,3966 2742,3998 2742,3901 2621,3841 2471,3912 2175,3848 1951,3901 1787,3837"/>
                <Baseline points="1801,3973 1891,3979 1980,3973 2070,3967 2159,3967 2249,3967 2338,3961 2428,3961 2517,3961 2607,3961 2696,3967 2750,3973"/>
                <TextEquiv>
                    <Unicode>o ee</Unicode>
                </TextEquiv>
            </TextLine>
        </TextRegion>
        <TextRegion id="tr_2" custom="readingOrder {index:1;}">
            <Coords points="3675,343 6682,343 6682,3774 3675,3774"/>
            <TextLine id="tr_2_tl_1" custom="readingOrder {index:0;}">
                <Coords points="6419,517 6466,542 6494,528 6541,553 6612,546 6640,243 6615,243 6605,228 6573,239 6544,232 6516,246 6487,235 6448,239"/>
                <Baseline points="6449,411 6455,411 6545,405 6634,393"/>
                <TextEquiv>
                    <Unicode>4.</Unicode>
                </TextEquiv>
            </TextLine>
            <TextLine id="tr_2_tl_2" custom="readingOrder {index:1;}">
                <Coords points="3716,610 6255,553 6373,521 6380,275 4383,353 4080,460 3723,364"/>
                <Baseline points="3734,542 3788,536 3878,531 3967,531 4057,525 4146,525 4236,525 4325,525 4415,519 4504,519 4594,513 4683,513 4773,507 4862,501 4952,501 5041,501 5131,495 5220,495 5310,495 5399,489 5488,489 5578,483 5667,483 5757,483 5846,483 5936,477 6025,477 6115,471 6204,459 6294,459 6383,465"/>
                <TextEquiv>
                    <Unicode>I am the next tawil wohl den:- W</Unicode>
                </TextEquiv>
            </TextLine>
            <TextLine id="tr_2_tl_3" custom="readingOrder {index:2;}">
                <Coords points="3652,781 5756,777 5949,678 6130,781 6255,742 6259,556 4946,631 4529,563 3655,678"/>
                <Baseline points="3675,745 3758,745 3848,745 3937,745 4027,739 4116,733 4206,733 4295,733 4385,727 4474,727 4564,727 4653,727 4743,721 4832,721 4922,721 5011,721 5101,721 5190,715 5280,709 5369,709 5459,709 5548,704 5638,692 5727,686 5817,686 5906,680 5996,680 6085,680 6175,674 6264,686"/>
                <TextEquiv>
                    <Unicode>cnach - ob Hr Mottelen will zeigttelt</Unicode>
                </TextEquiv>
            </TextLine>
            <TextLine id="tr_2_tl_4" custom="readingOrder {index:3;}">
                <Coords points="3716,1013 5570,1016 5845,931 6123,1031 6359,924 6362,763 5952,678 5335,813 3723,817"/>
                <Baseline points="3740,954 3770,954 3860,948 3949,948 4039,948 4128,942 4218,936 4307,930 4397,930 4486,924 4576,930 4665,924 4755,924 4844,930 4934,930 5023,924 5113,924 5202,924 5292,918 5381,912 5471,894 5560,894 5650,894 5739,888 5829,883 5918,883 6008,883 6097,877 6187,877 6276,883 6366,900"/>
                <TextEquiv>
                    <Unicode>Ene h der beiden lieb Teil</Unicode>
                </TextEquiv>
            </TextLine>
            <TextLine id="tr_2_tl_5" custom="readingOrder {index:4;}">
                <Coords points="3688,1220 4105,1312 6316,1191 6405,1166 6412,959 6027,1038 5845,931 5620,1031 5053,963 4376,1102 3698,1031"/>
                <Baseline points="3711,1193 3734,1193 3824,1187 3913,1187 4003,1187 4092,1187 4182,1181 4271,1187 4361,1181 4450,1181 4540,1175 4629,1169 4719,1163 4808,1157 4898,1151 4987,1133 5077,1133 5166,1133 5256,1121 5345,1121 5435,1121 5524,1115 5614,1109 5703,1121 5793,1103 5882,1091 5972,1091 6061,1085 6151,1091 6240,1091 6330,1091 6419,1103"/>
                <TextEquiv>
                    <Unicode>Titien, volay  Mld i Hove (d</Unicode>
                </TextEquiv>
            </TextLine>
            <TextLine id="tr_2_tl_6" custom="readingOrder {index:5;}">
                <Coords points="3677,1583 4936,1505 5242,1391 6202,1491 6266,1259 3691,1298"/>
                <Baseline points="3705,1431 3764,1431 3854,1425 3943,1437 4033,1437 4122,1431 4212,1419 4301,1414 4391,1408 4480,1408 4570,1402 4659,1402 4749,1396 4838,1390 4928,1384 5017,1378 5107,1384 5196,1378 5286,1378 5375,1378 5465,1372 5554,1366 5644,1354 5733,1342 5823,1342 5912,1342 6002,1336 6091,1336 6181,1348 6270,1354"/>
                <TextEquiv>
                    <Unicode>M J. wie er sie nicht.</Unicode>
                </TextEquiv>
            </TextLine>
            <TextLine id="tr_2_tl_7" custom="readingOrder {index:6;}">
                <Coords points="3741,1765 4358,1690 4572,1805 5820,1605 6344,1673 6369,1566 5727,1434 5463,1569 4322,1491 3748,1608"/>
                <Baseline points="3764,1682 3776,1676 3866,1670 3955,1664 4045,1664 4134,1670 4224,1664 4313,1658 4403,1658 4492,1652 4582,1652 4671,1652 4761,1646 4850,1640 4940,1634 5029,1634 5119,1628 5208,1628 5298,1622 5387,1616 5477,1610 5566,1604 5656,1604 5745,1598 5835,1593 5924,1593 6014,1593 6103,1593 6193,1598 6282,1604 6372,1616"/>
                <TextEquiv>
                    <Unicode>are plicht ware...... Es was ein</Unicode>
                </TextEquiv>
            </TextLine>
            <TextLine id="tr_2_tl_8" custom="readingOrder {index:7;}">
                <Coords points="3762,1926 4194,2022 4754,2008 5221,1858 6202,1912 6234,1648 5820,1605 4508,1826 3766,1776"/>
                <Baseline points="3782,1915 3818,1909 3907,1909 3997,1909 4086,1903 4176,1903 4265,1903 4355,1903 4444,1903 4534,1897 4623,1891 4713,1891 4802,1885 4892,1879 4981,1879 5071,1867 5160,1861 5250,1855 5339,1855 5429,1849 5518,1849 5608,1849 5697,1849 5787,1849 5876,1849 5966,1849 6055,1849 6145,1849 6234,1855"/>
                <TextEquiv>
                    <Unicode>ne dit troux eben de sie je in</Unicode>
                </TextEquiv>
            </TextLine>
            <TextLine id="tr_2_tl_9" custom="readingOrder {index:8;}">
                <Coords points="3727,2175 5135,2229 5278,2136 6280,2133 6355,1912 3730,2058"/>
                <Baseline points="3746,2153 3758,2153 3848,2147 3937,2141 4027,2141 4116,2141 4206,2141 4295,2135 4385,2135 4474,2135 4564,2129 4653,2124 4743,2118 4832,2118 4922,2112 5011,2106 5101,2106 5190,2094 5280,2088 5369,2088 5459,2088 5548,2088 5638,2088 5727,2082 5817,2082 5906,2076 5996,2076 6085,2076 6175,2088 6264,2082 6354,2082"/>
                <TextEquiv>
                    <Unicode>Monsieur de la viele, a pui trois Tage</Unicode>
                </TextEquiv>
            </TextLine>
            <TextLine id="tr_2_tl_10" custom="readingOrder {index:9;}">
                <Coords points="3712,2507 4929,2372 5118,2457 5849,2354 6023,2429 6284,2375 6287,2218 6045,2125 5774,2200 5292,2133 5114,2232 4579,2190 4379,2307 3973,2179 3720,2300"/>
                <Baseline points="3734,2446 3782,2428 3872,2410 3961,2404 4051,2404 4140,2392 4230,2386 4319,2386 4409,2386 4498,2386 4588,2380 4677,2368 4767,2362 4856,2362 4946,2350 5035,2350 5125,2344 5214,2344 5304,2338 5393,2332 5483,2332 5572,2332 5662,2332 5751,2332 5841,2332 5930,2332 6019,2326 6109,2332 6198,2332 6288,2338"/>
                <TextEquiv>
                    <Unicode>folgten. - in dem neher Mrs</Unicode>
                </TextEquiv>
            </TextLine>
            <TextLine id="tr_2_tl_11" custom="readingOrder {index:10;}">
                <Coords points="3730,2746 4732,2635 6458,2657 6512,2418 5845,2486 5335,2382 4390,2475 4258,2586 3737,2571"/>
                <Baseline points="3752,2690 3830,2684 3919,2678 4009,2678 4098,2672 4188,2672 4277,2666 4367,2660 4456,2643 4546,2637 4635,2625 4725,2619 4814,2613 4904,2607 4993,2607 5083,2607 5172,2601 5262,2595 5351,2595 5441,2589 5530,2589 5620,2583 5709,2577 5799,2571 5888,2571 5978,2577 6067,2571 6157,2577 6246,2571 6336,2565 6425,2559 6515,2565"/>
                <TextEquiv>
                    <Unicode>and of Mollitei, and you shild</Unicode>
                </TextEquiv>
            </TextLine>
            <TextLine id="tr_2_tl_12" custom="readingOrder {index:11;}">
                <Coords points="3705,3017 4622,2885 4864,2989 5110,2892 6034,2878 6473,2974 6512,2639 6088,2610 5799,2732 4857,2671 4269,2860 3866,2703 3716,2764"/>
                <Baseline points="3728,2953 3734,2953 3824,2947 3913,2947 4003,2941 4092,2935 4182,2929 4271,2917 4361,2905 4450,2893 4540,2881 4629,2869 4719,2869 4808,2863 4898,2857 4987,2857 5077,2851 5166,2845 5256,2845 5345,2839 5435,2839 5524,2839 5614,2839 5703,2839 5793,2833 5882,2828 5972,2828 6061,2828 6151,2828 6240,2822 6330,2822 6419,2822 6509,2828"/>
                <TextEquiv>
                    <Unicode>hörte: - und subll. def in sujet</Unicode>
                </TextEquiv>
            </TextLine>
            <TextLine id="tr_2_tl_13" custom="readingOrder {index:12;}">
                <Coords points="3773,3327 4051,3224 4287,3274 4483,3167 4886,3235 5014,3170 5214,3231 5225,3006 5053,2921 4732,3038 4608,2974 4376,2996 4230,3096 4108,3103 3980,3017 3787,3056"/>
                <Baseline points="3800,3209 3884,3203 3973,3203 4063,3191 4152,3186 4242,3180 4331,3174 4421,3168 4510,3162 4600,3156 4689,3156 4779,3150 4868,3150 4957,3144 5047,3144 5136,3150 5226,3144"/>
                <TextEquiv>
                    <Unicode>sevende hätte.</Unicode>
                </TextEquiv>
            </TextLine>
            <TextLine id="tr_2_tl_14" custom="readingOrder {index:13;}">
                <Coords points="5431,3367 5677,3245 6009,3299 6212,3252 6555,3402 6680,3392 6669,3124 6523,3103 6426,3153 6237,3110 6063,3213 5645,3028 5531,3103 5421,3096"/>
                <Baseline points="5447,3281 5536,3257 5626,3245 5715,3245 5805,3245 5894,3245 5984,3245 6073,3251 6163,3263 6252,3263 6342,3269 6431,3281 6521,3287 6610,3299 6682,3311"/>
                <TextEquiv>
                    <Unicode>[illegible] &amp; all first</Unicode>
                </TextEquiv>
            </TextLine>
            <TextLine id="tr_2_tl_15" custom="readingOrder {index:14;}">
                <Coords points="3787,3506 4048,3577 4397,3474 6159,3484 6159,3359 6038,3324 5449,3367 5132,3202 4964,3277 4668,3210 4354,3349 4051,3224 3791,3320"/>
                <Baseline points="3812,3460 3836,3460 3925,3460 4015,3460 4104,3460 4194,3454 4283,3454 4373,3442 4462,3436 4552,3430 4641,3430 4731,3436 4820,3430 4910,3430 4999,3424 5089,3418 5178,3424 5268,3424 5357,3430 5447,3424 5536,3424 5626,3430 5715,3430 5805,3430 5894,3436 5984,3436 6073,3448 6163,3448"/>
                <TextEquiv>
                    <Unicode>tout ou uberre dit Serenissime</Unicode>
                </TextEquiv>
            </TextLine>
            <TextLine id="tr_2_tl_16" custom="readingOrder {index:15;}">
                <Coords points="3830,3834 4101,3901 4718,3737 5143,3898 5717,3705 6562,3730 6605,3463 3834,3520"/>
                <Baseline points="3848,3764 3925,3746 4015,3740 4104,3740 4194,3746 4283,3740 4373,3734 4462,3728 4552,3722 4641,3717 4731,3722 4820,3717 4910,3717 4999,3711 5089,3711 5178,3711 5268,3717 5357,3705 5447,3705 5536,3705 5626,3699 5715,3699 5805,3699 5894,3699 5984,3705 6073,3705 6163,3705 6252,3705 6342,3711 6431,3711 6521,3711 6610,3722"/>
                <TextEquiv>
                    <Unicode>Alle vor de Hommung nicht einen</Unicode>
                </TextEquiv>
            </TextLine>
        </TextRegion>
    </Page>
</PcGts>
