6920 4312
2870 228 3203 430 264
6399 333 6695 549 714
3069 401 3373 701 1-5
3789 427 6590 745 Mar rasche eerthas, at in
528 455 3113 759 am a perposite we  -    in
3807 676 5947 958 seulle beferellet fatt.
506 727 3358 1016 [illegible] Henprouve nouvel
2003 944 2371 1063 der zu
3857 864 6529 1117 Na at Faas, voil per Unale mede
578 991 3221 1265 - Auch die Seilie, Hove jel:-
3803 1106 6583 1395 doerit Mr. Mee a cratiei, and for
481 1247 3232 1453 wuble jetst womitmal in eheben Sie
3814 1305 6435 1576 mide nicht wyr unterneurend
463 1450 3203 1739 auf vie; - und
3796 1547 6511 1775 wee wort inden x ehe elin klein
492 1623 3116 1977 die zurde Nachwärtig de Sam̄erfall
3742 1721 6579 2003 wurde in Obriel for en p. 1/2
972 1887 1453 2050 of our
477 1862 3308 2277 im Capit vorbei; - und im Siegel
3752 1967 6655 2274 un bal; - telle nie nicht die Beft, de
2878 2017 3423 2270 not
1808 2097 2118 2234 " -it
466 2165 3275 2487 e geb t dre outallivinek jeinze
3792 2180 6540 2509 Energie, etc., wie ihr versch jeden
1782 2364 3355 2661 The November 2/ that fait
3727 2444 6496 2816 (we will not <gap/>)  abzuheem,
524 2476 1562 2693 I am
1352 2628 3250 2903 - Und 20 kames ant,
3781 2690 6482 3113 et en cette fort une jeémonte oubre M
564 2715 1265 2979 we dat
549 2841 3413 3228 2/6 nd at in Aip Nove einmal-
3752 2975 6391 3358 & die Tage pb ous, in kan in speel
2194 3080 2675 3217 in the
571 3163 3311 3441 Franz einwel wie - nach
3799 3300 6568 3586 [illegible] we. - diesweel abe cetiell
539 3398 3366 3727 you knowd we can but
3817 3499 6630 3803 to her Beinschle, je luis
578 3615 2961 4052 He has been a letter of the
