6856 4264
372 320 748 611 6 x 1
512 320 3296 696 is in one and in it.
501 597 3222 928 avec du Millet Longeveile.
1775 759 2394 902 du né
438 829 3274 1160 inbruté. Derer fable, def de du Kice
438 1064 3038 1451 de unsambert, de trouvées, et
508 1348 3248 1639 Twe - in -de cijulle i lufd
541 1550 3392 1849 Erlebnis diese Reis gewecken wären.
1090 1793 1550 1944 ce cher
493 1797 3255 2180 tief. at der B Cntofikt Fehut ist
541 2029 3219 2320 m m n en même bien ont ceci
1289 2254 1510 2383 I am
597 2151 3079 2541 ndornor Landhly - at dio Blick
563 2441 3038 2755 a d Sot in Riv enl dah
2408 2611 2755 2847 Nill
560 2714 3277 3031 and this   of it die   [il
2349 2854 2743 3034 proper
538 2961 3171 3322 deur bégbrale - de tous cent
560 3189 3369 3535 dem toujours, que pongis. Aslemande
578 3476 3333 3786 der w. Beolant cin Sinnechville
1473 3668 1709 3793 narl
582 3723 2331 3970 ne sis avec qu'il avez
2298 3848 2869 4007 " " "
4872 107 6577 313 nur in de tout aussi 6 f.
3649 199 6529 482 Bald nach Tisch daß ein Gemeint über sogend um
3929 409 4401 571 verfall.
3635 372 6570 707 Terre like x it die in de timandid fl beg -i,.
3712 597 6540 832 de de Sibereil et He wohl bin in Jap and
3638 799 6603 1178 übe irgden Verfall in d Vernandhaft
3660 1009 6397 1311 einleitet in veren und nicht überflossen
3682 1293 6489 1572 sible, an faklt int there uberfloss
3664 1480 6430 1815 in empfeld in ude lei hoff.
3690 1742 6293 2055 Vif Hild u, 4 Eerbe u
3682 2007 6312 2291 22 il in il fienneölige cœur,
3664 2173 6463 2523 dast he the witts Toigteit - you
4272 2430 5045 2592 the verner
3646 2493 6334 2813 je ne compte ciel à l'éta
5516 2677 6201 2861 in country.
3635 2673 6356 2953 n ihre to de noitil h
3756 2953 6389 3322 it be vercle - in begoust n'a
3741 3185 6176 3550 wil ici bof.. sel terst ihr ab
