6712 4184
6191 226 6499 451 60s
2705 305 3095 523 1602
3504 305 6388 645 betrekt sie mit dem fern de nächste Jahr
494 398 2809 670 J. de Frâce, côle ciel je
3554 541 6191 863 Mr Wie ue Rild regte - J. u. trige
559 631 3027 871 Oubut une bueilmentl, wer
906 828 1093 964 la
3550 849 6341 1075 restant in so nil dess ne, wenn nicht
530 777 3009 1114 all de ces Nommages ds Unent
3590 1014 6402 1268 up in vorstergentene pische fell
577 1057 3124 1340 Staet, Corbei,- ja, at weve cent
3568 1211 6126 1440 eutente; - une kleine
537 1372 3181 1580 sollte bezeichnungen er
3543 1412 6230 1673 ubeluyreise i hehebt not knol;
5209 1562 5625 1709 id
5854 1573 6158 1691 Deol
545 1508 3074 1938 jeunesu écoué le tjours
3586 1662 6248 1884 -thes du né etwa viele - eine leere Hoff
666 1781 3067 2132 gehördet; - hatte sie mit in
3511 1838 6176 2214 da/6 t. Kildene ufford
2049 1935 3307 2160 in die tiefliche Verreis-
580 2074 3077 2415 it Neuforbel (une bleu)
3554 2099 6251 2386 cœurte, en paa Crachée de compte
516 2318 3153 2594 beweft at  kaflige at ue
3522 2321 5915 2669 Ige mit i zu rach, wollt in
3593 2561 6273 2877 wandt acht cefälle - so for
562 2540 3038 2930 es in de lelle feil gewe
3582 2816 6205 3131 hebb ne fwohl morn, wie es we, et
605 2791 2762 3099 See halle sogenl, Kneger, Thiles
3597 2977 5983 3382 nent geven tnevereldong ttuch
670 3092 2870 3375 fopur; inde lebst seit en
638 3274 2905 3565 klei lisotis a Hineraie in
3625 3303 6137 3676 viez en wete et a tout nejours.
695 3489 3016 3769 α θνιαιδει de ἀμρώμη; - je
3640 3568 6370 3844 is de Thible wie gaan.  Thele
709 3676 3063 3955 we de kur anbelegt, biel
