<?xml version="1.0" encoding="UTF-8" standalone="yes"?>
<PcGts xmlns="http://schema.primaresearch.org/PAGE/gts/pagecontent/2013-07-15" xmlns:xsi="http://www.w3.org/2001/XMLSchema-instance" xsi:schemaLocation="http://schema.primaresearch.org/PAGE/gts/pagecontent/2013-07-15 http://schema.primaresearch.org/PAGE/gts/pagecontent/2013-07-15/pagecontent.xsd">
    <Metadata>
        <Creator>prov=READ-COOP:name=TrHtr:version=2.1.0:model_id=51170:date=14_08_2023_19:12</Creator>
        <Created>2023-05-10T14:35:50.281+02:00</Created>
        <LastChange>2023-08-14T19:12:25.993+02:00</LastChange>
        <TranskribusMetadata docId="1428642" pageId="55422871" pageNr="108" tsid="132822317" status="IN_PROGRESS" userId="64420" imgUrl="https://files.transkribus.eu/Get?id=OBKAHDKQOCRQVUHZMCFWVNXK&amp;fileType=view" xmlUrl="https://files.transkribus.eu/Get?id=MDQFGIWOMRSEJFOEWKODLDDZ" imageId="44696950"/>
    </Metadata>
    <Page imageFilename="1428642_0108.jpg" imageWidth="6744" imageHeight="4200">
        <ReadingOrder>
            <OrderedGroup id="ro_1711816682601" caption="Regions reading order">
                <RegionRefIndexed index="0" regionRef="tr_2"/>
                <RegionRefIndexed index="1" regionRef="tr_1"/>
            </OrderedGroup>
        </ReadingOrder>
        <TextRegion id="tr_2" custom="readingOrder {index:0;}">
            <Coords points="316,361 3328,361 3328,3852 316,3852"/>
            <TextLine id="tr_2_tl_1" custom="readingOrder {index:0;}">
                <Coords points="350,479 400,482 425,457 457,464 489,447 518,454 575,436 654,454 657,261 586,254 543,279 354,261"/>
                <Baseline points="369,417 459,417 548,411 638,417 662,423"/>
                <TextEquiv>
                    <Unicode>1 61</Unicode>
                </TextEquiv>
            </TextLine>
            <TextLine id="tr_2_tl_2" custom="readingOrder {index:1;}">
                <Coords points="318,686 414,725 457,700 554,686 586,711 636,704 661,525 629,525 582,497 529,514 511,500 475,504 464,489 393,522 339,522"/>
                <Baseline points="346,650 387,650 477,638 566,626 656,614"/>
                <TextEquiv>
                    <Unicode>6 et</Unicode>
                </TextEquiv>
            </TextLine>
            <TextLine id="tr_2_tl_3" custom="readingOrder {index:2;}">
                <Coords points="643,811 1568,836 1868,757 2129,818 2458,722 2590,786 2983,729 2990,579 2712,539 2183,664 1758,525 1508,636 647,700"/>
                <Baseline points="662,787 668,787 757,781 847,769 936,769 1026,763 1115,763 1205,757 1294,757 1384,757 1473,745 1563,745 1652,745 1742,739 1831,745 1921,751 2010,739 2100,733 2189,733 2278,733 2368,727 2457,721 2547,715 2636,709 2726,703 2815,698 2905,692 2994,686"/>
                <TextEquiv>
                    <Unicode>vid nich Ch, und in falle</Unicode>
                </TextEquiv>
            </TextLine>
            <TextLine id="tr_2_tl_4" custom="readingOrder {index:3;}">
                <Coords points="397,1140 1450,993 3029,990 3094,825 2576,779 2283,897 1697,807 1000,975 404,904"/>
                <Baseline points="417,1067 459,1055 548,1038 638,1038 727,1038 781,1008 859,1014 948,1014 1038,1020 1127,1008 1217,1008 1306,1002 1396,1002 1485,990 1575,984 1664,978 1753,984 1843,972 1932,966 2022,954 2111,948 2201,942 2290,936 2380,942 2469,942 2559,948 2648,942 2738,948 2827,948 2917,948 3006,954 3096,960"/>
                <TextEquiv>
                    <Unicode>jeungs, wie ihre März wil roth</Unicode>
                </TextEquiv>
            </TextLine>
            <TextLine id="tr_2_tl_5" custom="readingOrder {index:4;}">
                <Coords points="1836,1100 1868,1086 1879,1100 1951,1093 2076,1200 2204,1097 2279,1107 2286,1000 2219,990 2194,1004 2154,979 2136,997 1901,1004 1843,982"/>
                <Baseline points="1855,1079 1932,1073 2022,1067 2111,1061 2201,1055 2290,1044"/>
                <TextEquiv>
                    <Unicode>&amp; your</Unicode>
                </TextEquiv>
            </TextLine>
            <TextLine id="tr_2_tl_6" custom="readingOrder {index:5;}">
                <Coords points="1132,1150 1218,1125 1272,1150 1329,1115 1443,1143 1490,1125 1511,1143 1561,1104 1590,1122 1686,1097 1690,1050 1611,1054 1504,1018 1475,1040 1429,1018 1379,1057 1290,1029 1136,1082"/>
                <Baseline points="1151,1121 1157,1121 1246,1109 1336,1109 1425,1103 1515,1097 1604,1091 1694,1091"/>
                <TextEquiv>
                    <Unicode>ik sey</Unicode>
                </TextEquiv>
            </TextLine>
            <TextLine id="tr_2_tl_7" custom="readingOrder {index:6;}">
                <Coords points="357,1333 1065,1265 1561,1365 2065,1211 2794,1286 2897,1247 2901,1118 364,1157"/>
                <Baseline points="381,1294 399,1288 489,1282 578,1282 668,1276 757,1276 847,1270 936,1264 1026,1258 1115,1258 1205,1252 1294,1252 1384,1246 1473,1246 1563,1240 1652,1228 1742,1223 1831,1223 1921,1217 2010,1211 2100,1205 2189,1199 2278,1199 2368,1193 2457,1193 2547,1205 2636,1199 2726,1199 2815,1211 2905,1217"/>
                <TextEquiv>
                    <Unicode>Cher né - et sie je série juge</Unicode>
                </TextEquiv>
            </TextLine>
            <TextLine id="tr_2_tl_8" custom="readingOrder {index:7;}">
                <Coords points="343,1518 3008,1443 3015,1229 2054,1390 1804,1308 347,1425"/>
                <Baseline points="363,1521 417,1521 507,1521 596,1515 686,1509 775,1503 865,1497 954,1497 1044,1485 1133,1479 1223,1473 1312,1473 1401,1467 1491,1467 1580,1467 1670,1455 1759,1449 1849,1443 1938,1437 2028,1437 2117,1431 2207,1431 2296,1431 2386,1425 2475,1431 2565,1431 2654,1431 2744,1431 2833,1413 2923,1413 3012,1419"/>
                <TextEquiv>
                    <Unicode>2 hembden wier   ƒ  1-</Unicode>
                </TextEquiv>
            </TextLine>
            <TextLine id="tr_2_tl_9" custom="readingOrder {index:8;}">
                <Coords points="368,1883 1829,1683 1947,1758 2236,1658 2987,1722 2994,1593 2322,1472 1425,1647 1054,1590 589,1701 382,1615"/>
                <Baseline points="393,1777 399,1777 489,1765 578,1765 668,1765 757,1759 847,1759 936,1753 1026,1748 1115,1742 1205,1736 1294,1730 1384,1724 1473,1712 1563,1700 1652,1694 1742,1688 1831,1676 1921,1670 2010,1664 2100,1652 2189,1652 2278,1646 2368,1646 2457,1646 2547,1640 2636,1640 2726,1640 2815,1640 2905,1646 2994,1664"/>
                <TextEquiv>
                    <Unicode>tweilen ich schon nicht</Unicode>
                </TextEquiv>
            </TextLine>
            <TextLine id="tr_2_tl_10" custom="readingOrder {index:9;}">
                <Coords points="297,2051 1200,2129 1590,1961 2965,1990 3165,1940 3172,1818 1508,1786 1140,1976 304,1951"/>
                <Baseline points="316,2052 399,2040 489,2034 578,2028 668,2034 757,2028 847,2022 936,2022 1026,2016 1115,2010 1205,2004 1294,1986 1384,1968 1473,1962 1563,1956 1652,1950 1742,1950 1831,1944 1921,1938 2010,1926 2100,1921 2189,1915 2278,1921 2368,1921 2457,1915 2547,1909 2636,1915 2726,1921 2815,1915 2905,1915 2994,1921 3084,1921 3173,1932"/>
                <TextEquiv>
                    <Unicode>eicuie i Jallene auf - i p</Unicode>
                </TextEquiv>
            </TextLine>
            <TextLine id="tr_2_tl_11" custom="readingOrder {index:10;}">
                <Coords points="339,2336 2933,2194 3022,2065 2469,2129 2008,2026 1708,2201 1154,2083 754,2219 350,2204"/>
                <Baseline points="363,2308 429,2308 519,2314 608,2308 698,2296 787,2290 876,2284 966,2278 1055,2278 1145,2267 1234,2261 1324,2255 1413,2255 1503,2249 1592,2243 1682,2237 1771,2231 1861,2231 1950,2219 2040,2207 2129,2201 2219,2189 2308,2183 2398,2177 2487,2171 2577,2171 2666,2165 2756,2159 2845,2159 2935,2159 3024,2165"/>
                <TextEquiv>
                    <Unicode>it plostoden. I yr iu in</Unicode>
                </TextEquiv>
            </TextLine>
            <TextLine id="tr_2_tl_12" custom="readingOrder {index:11;}">
                <Coords points="339,2669 2447,2490 2908,2347 2226,2236 1886,2376 886,2479 361,2390"/>
                <Baseline points="363,2625 405,2601 495,2589 584,2583 674,2571 763,2577 853,2571 942,2559 1032,2547 1121,2535 1211,2535 1300,2535 1390,2517 1479,2511 1569,2505 1658,2493 1748,2487 1837,2481 1926,2475 2016,2463 2105,2451 2195,2440 2284,2434 2374,2422 2463,2422 2553,2410 2642,2410 2732,2404 2821,2410 2911,2410"/>
                <TextEquiv>
                    <Unicode>bel kam sehr. Aplabe.</Unicode>
                </TextEquiv>
            </TextLine>
            <TextLine id="tr_2_tl_13" custom="readingOrder {index:12;}">
                <Coords points="411,2847 1697,2833 2315,2708 2608,2765 2644,2615 1722,2676 1308,2565 414,2808"/>
                <Baseline points="429,2845 501,2833 590,2827 680,2815 769,2815 859,2809 948,2809 1038,2809 1127,2803 1217,2798 1306,2786 1396,2786 1485,2780 1575,2774 1664,2774 1753,2750 1843,2750 1932,2738 2022,2732 2111,2720 2201,2714 2290,2708 2380,2702 2469,2690 2559,2684 2648,2684"/>
                <TextEquiv>
                    <Unicode>Ene Tote. Jeune me</Unicode>
                </TextEquiv>
            </TextLine>
            <TextLine id="tr_2_tl_14" custom="readingOrder {index:13;}">
                <Coords points="643,3069 2536,3054 2694,2962 3187,2962 3190,2829 2311,2829 1565,2962 961,2872 650,2958"/>
                <Baseline points="662,3048 686,3054 775,3048 865,3048 954,3042 1044,3042 1133,3042 1223,3036 1312,3030 1401,3030 1491,3024 1580,3024 1670,3018 1759,3012 1849,3012 1938,3006 2028,3000 2117,2988 2207,2988 2296,2976 2386,2971 2475,2965 2565,2959 2654,2953 2744,2953 2833,2947 2923,2947 3012,2947 3102,2941 3191,2953"/>
                <TextEquiv>
                    <Unicode>A luthil ne être oulegen... et</Unicode>
                </TextEquiv>
            </TextLine>
            <TextLine id="tr_2_tl_15" custom="readingOrder {index:14;}">
                <Coords points="518,3333 968,3433 1272,3272 1847,3351 3122,3197 3126,3112 2315,3033 1640,3219 1436,3105 525,3219"/>
                <Baseline points="542,3305 626,3305 715,3299 805,3293 894,3293 984,3293 1073,3281 1163,3275 1252,3269 1342,3263 1431,3263 1521,3263 1610,3263 1700,3251 1789,3251 1879,3233 1968,3227 2058,3221 2147,3215 2237,3209 2326,3203 2416,3203 2505,3197 2595,3191 2684,3185 2774,3185 2863,3185 2953,3179 3042,3179 3132,3185"/>
                <TextEquiv>
                    <Unicode>veut jalant: si unterhielt né</Unicode>
                </TextEquiv>
            </TextLine>
            <TextLine id="tr_2_tl_16" custom="readingOrder {index:15;}">
                <Coords points="547,3590 1304,3612 2665,3451 2947,3533 2958,3372 2469,3294 1868,3458 1415,3390 554,3451"/>
                <Baseline points="566,3555 632,3549 721,3543 811,3543 900,3537 990,3537 1079,3531 1169,3525 1258,3525 1348,3519 1437,3519 1527,3507 1616,3507 1706,3501 1795,3496 1885,3496 1974,3490 2064,3484 2153,3478 2243,3472 2332,3466 2422,3460 2511,3454 2601,3454 2690,3448 2780,3448 2869,3448 2959,3460"/>
                <TextEquiv>
                    <Unicode>in u will</Unicode>
                </TextEquiv>
            </TextLine>
            <TextLine id="tr_2_tl_17" custom="readingOrder {index:16;}">
                <Coords points="500,3855 1611,3765 1893,3837 2358,3733 3319,3855 3326,3590 1415,3712 1015,3572 504,3662"/>
                <Baseline points="519,3842 554,3836 644,3824 733,3812 823,3812 912,3800 1002,3800 1091,3794 1181,3782 1270,3776 1360,3770 1449,3770 1539,3764 1628,3764 1718,3764 1807,3764 1897,3752 1986,3746 2076,3740 2165,3740 2255,3728 2344,3728 2434,3722 2523,3716 2613,3716 2702,3728 2792,3734 2881,3740 2971,3746 3060,3758 3150,3770 3239,3794 3328,3812"/>
                <TextEquiv>
                    <Unicode>Ist ich wenn darum derwylichte</Unicode>
                </TextEquiv>
            </TextLine>
        </TextRegion>
        <TextRegion id="tr_1" custom="readingOrder {index:1;}">
            <Coords points="3466,290 6383,290 6383,3679 3466,3679"/>
            <TextLine id="tr_1_tl_1" custom="readingOrder {index:0;}">
                <Coords points="6073,404 6130,400 6152,386 6220,429 6245,407 6270,414 6280,397 6309,414 6348,404 6323,225 6280,218 6259,236 6220,225 6177,236 6155,225 6098,261 6055,257"/>
                <Baseline points="6085,340 6174,351 6264,363 6353,375"/>
                <TextEquiv>
                    <Unicode>6al</Unicode>
                </TextEquiv>
            </TextLine>
            <TextLine id="tr_1_tl_2" custom="readingOrder {index:1;}">
                <Coords points="3447,497 3526,464 3640,522 3669,500 3708,514 3773,504 3780,279 3715,293 3644,257 3623,268 3612,257 3522,329 3451,329"/>
                <Baseline points="3466,453 3513,447 3603,447 3692,441 3782,447"/>
                <TextEquiv>
                    <Unicode> S 46</Unicode>
                </TextEquiv>
            </TextLine>
            <TextLine id="tr_1_tl_3" custom="readingOrder {index:2;}">
                <Coords points="3733,625 5027,575 5162,636 5459,543 6098,597 6138,493 5495,357 4780,493 4498,436 4348,511 3919,350 3737,443"/>
                <Baseline points="3752,590 3818,584 3907,578 3997,572 4086,572 4176,572 4265,578 4355,578 4444,578 4534,584 4623,584 4713,584 4802,578 4892,578 4981,572 5071,566 5160,566 5250,554 5339,554 5428,542 5518,542 5607,542 5697,542 5786,542 5876,542 5965,548 6055,548 6144,560"/>
                <TextEquiv>
                    <Unicode>Präsidentelle de Knocke</Unicode>
                </TextEquiv>
            </TextLine>
            <TextLine id="tr_1_tl_4" custom="readingOrder {index:3;}">
                <Coords points="3555,800 6373,829 6373,736 6102,675 5266,593 4809,747 4298,639 3883,740 3555,654"/>
                <Baseline points="3573,787 3663,781 3752,781 3842,781 3931,781 4021,781 4110,781 4200,775 4289,781 4378,781 4468,781 4557,781 4647,781 4736,781 4826,781 4915,781 5005,769 5094,769 5184,763 5273,757 5363,757 5452,757 5542,751 5631,757 5721,751 5810,757 5900,763 5989,769 6079,769 6168,781 6258,787 6347,799 6383,805"/>
                <TextEquiv>
                    <Unicode>sprond, de vu en règte M et avec</Unicode>
                </TextEquiv>
            </TextLine>
            <TextLine id="tr_1_tl_5" custom="readingOrder {index:4;}">
                <Coords points="3547,1061 5016,993 5591,1072 5812,1211 6202,1029 6338,1111 6338,850 3547,897"/>
                <Baseline points="3567,1038 3573,1032 3663,1014 3752,1008 3842,1008 3931,996 4021,996 4110,996 4200,996 4289,996 4378,996 4468,996 4557,990 4647,996 4736,996 4826,990 4915,990 5005,990 5094,984 5184,990 5273,990 5363,990 5452,990 5542,996 5631,990 5721,990 5810,996 5900,996 5989,996 6079,1002 6168,1008 6258,1020 6347,1032"/>
                <TextEquiv>
                    <Unicode>to for darstellte i.d. in ein Jollen</Unicode>
                </TextEquiv>
            </TextLine>
            <TextLine id="tr_1_tl_6" custom="readingOrder {index:5;}">
                <Coords points="3540,1272 5687,1218 6320,1322 6288,1150 5612,1093 5409,1186 3998,1036 3540,1143"/>
                <Baseline points="3561,1234 3651,1228 3740,1223 3830,1217 3919,1217 4009,1217 4098,1211 4188,1211 4277,1211 4367,1211 4456,1211 4546,1211 4635,1211 4725,1205 4814,1205 4903,1205 4993,1205 5082,1205 5172,1211 5261,1211 5351,1211 5440,1217 5530,1217 5619,1217 5709,1217 5798,1217 5888,1217 5977,1223 6067,1234 6156,1246 6246,1258 6329,1276"/>
                <TextEquiv>
                    <Unicode>Ce bien lorsquel un le tnonyma</Unicode>
                </TextEquiv>
            </TextLine>
            <TextLine id="tr_1_tl_7" custom="readingOrder {index:6;}">
                <Coords points="3487,1515 3723,1475 3858,1583 4137,1429 5041,1411 5259,1490 5612,1415 6038,1543 6280,1486 6280,1329 5884,1275 5123,1358 4819,1265 4530,1372 3487,1261"/>
                <Baseline points="3507,1455 3513,1455 3603,1443 3692,1437 3782,1425 3871,1425 3961,1419 4050,1419 4140,1419 4229,1419 4319,1425 4408,1425 4498,1419 4587,1419 4677,1413 4766,1413 4856,1413 4945,1413 5035,1407 5124,1407 5214,1413 5303,1407 5393,1413 5482,1413 5572,1407 5661,1407 5751,1407 5840,1407 5930,1407 6019,1419 6109,1431 6198,1437 6288,1443"/>
                <TextEquiv>
                    <Unicode>belegenannt an den en Zeit zu hab.</Unicode>
                </TextEquiv>
            </TextLine>
            <TextLine id="tr_1_tl_8" custom="readingOrder {index:7;}">
                <Coords points="3519,1701 4880,1726 5330,1643 5945,1765 5948,1500 5745,1447 5259,1579 4659,1533 4180,1625 3851,1583 3723,1472 3522,1500"/>
                <Baseline points="3537,1670 3627,1664 3716,1664 3806,1664 3895,1658 3985,1658 4074,1664 4164,1658 4253,1664 4343,1664 4432,1670 4522,1670 4611,1670 4701,1664 4790,1658 4880,1646 4969,1640 5059,1640 5148,1640 5238,1640 5327,1646 5417,1646 5506,1646 5596,1640 5685,1640 5775,1640 5864,1640 5953,1652"/>
                <TextEquiv>
                    <Unicode>A  ci ci avec l. ci-est très</Unicode>
                </TextEquiv>
            </TextLine>
            <TextLine id="tr_1_tl_9" custom="readingOrder {index:8;}">
                <Coords points="3512,1936 4398,2004 5112,1883 6116,1933 6216,1911 6216,1765 5902,1843 5034,1697 4612,1808 3512,1786"/>
                <Baseline points="3531,1926 3537,1926 3627,1926 3716,1921 3806,1921 3895,1921 3985,1915 4074,1921 4164,1915 4253,1915 4343,1915 4432,1909 4522,1909 4611,1909 4701,1903 4790,1897 4880,1897 4969,1891 5059,1885 5148,1879 5238,1873 5327,1879 5417,1879 5506,1873 5596,1873 5685,1879 5775,1879 5864,1885 5953,1891 6043,1897 6132,1897 6226,1911"/>
                <TextEquiv>
                    <Unicode>wert Herrn, dass es wie viel</Unicode>
                </TextEquiv>
            </TextLine>
            <TextLine id="tr_1_tl_10" custom="readingOrder {index:9;}">
                <Coords points="3572,2194 4491,2279 5116,2158 5848,2226 6205,2151 6205,2079 5559,1997 5359,2093 4912,2090 4594,1979 4298,2108 3572,2083"/>
                <Baseline points="3591,2189 3621,2177 3710,2177 3800,2177 3889,2177 3979,2177 4068,2177 4158,2171 4247,2165 4337,2165 4426,2171 4516,2165 4605,2165 4695,2165 4784,2165 4874,2159 4963,2159 5053,2153 5142,2153 5232,2147 5321,2147 5411,2141 5500,2141 5590,2141 5679,2135 5769,2135 5858,2141 5948,2135 6037,2141 6126,2141 6216,2147"/>
                <TextEquiv>
                    <Unicode>men, in ofte nicht, at dringen</Unicode>
                </TextEquiv>
            </TextLine>
            <TextLine id="tr_1_tl_11" custom="readingOrder {index:10;}">
                <Coords points="3587,2476 5830,2404 5927,2386 5934,2247 5084,2261 4712,2369 4233,2369 3994,2265 3858,2344 3594,2319"/>
                <Baseline points="3609,2434 3698,2428 3788,2428 3877,2428 3967,2428 4056,2428 4146,2428 4235,2422 4325,2422 4414,2416 4504,2410 4593,2416 4683,2416 4772,2416 4862,2410 4951,2404 5041,2404 5130,2398 5220,2392 5309,2380 5399,2380 5488,2374 5578,2368 5667,2368 5757,2368 5846,2368 5936,2374"/>
                <TextEquiv>
                    <Unicode>notions me; -  -  at de the</Unicode>
                </TextEquiv>
            </TextLine>
            <TextLine id="tr_1_tl_12" custom="readingOrder {index:11;}">
                <Coords points="3594,2687 4684,2729 5416,2622 6013,2712 6016,2515 5709,2479 5230,2554 5005,2469 4855,2544 4616,2497 4023,2611 3598,2508"/>
                <Baseline points="3615,2672 3692,2666 3782,2666 3871,2672 3961,2678 4050,2666 4140,2660 4229,2660 4319,2660 4408,2654 4498,2654 4587,2648 4677,2648 4766,2648 4856,2642 4945,2642 5035,2642 5124,2636 5214,2636 5303,2630 5393,2625 5482,2625 5572,2625 5661,2625 5751,2630 5840,2630 5930,2636 6025,2638"/>
                <TextEquiv>
                    <Unicode>und wir hielte und zu</Unicode>
                </TextEquiv>
            </TextLine>
            <TextLine id="tr_1_tl_13" custom="readingOrder {index:12;}">
                <Coords points="3605,2922 6152,2937 6266,2926 6263,2737 5937,2837 5784,2751 5330,2840 4048,2726 3601,2826"/>
                <Baseline points="3621,2887 3710,2887 3800,2893 3889,2893 3979,2893 4068,2887 4158,2887 4247,2881 4337,2881 4426,2881 4516,2881 4605,2887 4695,2887 4784,2893 4874,2893 4963,2893 5053,2899 5142,2899 5232,2899 5321,2899 5411,2899 5500,2899 5590,2905 5679,2899 5769,2899 5858,2905 5948,2905 6037,2905 6126,2905 6216,2911 6276,2917"/>
                <TextEquiv>
                    <Unicode>nebr it. heim wie eis. de umb</Unicode>
                </TextEquiv>
            </TextLine>
            <TextLine id="tr_1_tl_14" custom="readingOrder {index:13;}">
                <Coords points="3555,3197 6216,3147 6155,3022 5948,2976 5705,3097 5419,2944 5169,3033 3983,2990 3558,3076"/>
                <Baseline points="3579,3173 3627,3161 3716,3155 3806,3155 3895,3155 3985,3150 4074,3138 4164,3138 4253,3138 4343,3132 4432,3132 4522,3132 4611,3132 4701,3126 4790,3132 4880,3138 4969,3138 5059,3132 5148,3132 5238,3132 5327,3132 5417,3138 5506,3132 5596,3126 5685,3120 5775,3108 5864,3108 5953,3108 6043,3114 6132,3126 6222,3120"/>
                <TextEquiv>
                    <Unicode>dass zu d gehört; inde...</Unicode>
                </TextEquiv>
            </TextLine>
            <TextLine id="tr_1_tl_15" custom="readingOrder {index:14;}">
                <Coords points="3576,3408 5241,3505 5459,3358 5916,3412 5920,3258 5666,3197 4344,3340 4094,3222 3580,3319"/>
                <Baseline points="3597,3394 3603,3388 3692,3394 3782,3388 3871,3388 3961,3388 4050,3376 4140,3376 4229,3376 4319,3382 4408,3382 4498,3382 4587,3382 4677,3376 4766,3382 4856,3376 4945,3376 5035,3376 5124,3370 5214,3370 5303,3364 5393,3358 5482,3352 5572,3346 5661,3346 5751,3340 5840,3352 5930,3346"/>
                <TextEquiv>
                    <Unicode>at time in the self. bee</Unicode>
                </TextEquiv>
            </TextLine>
            <TextLine id="tr_1_tl_16" custom="readingOrder {index:15;}">
                <Coords points="5073,3694 5234,3744 5305,3698 5537,3701 5702,3648 6041,3683 6113,3669 6113,3572 5895,3551 5741,3451 5473,3505 5330,3444 5237,3522 5069,3562"/>
                <Baseline points="5094,3651 5166,3639 5255,3627 5345,3633 5434,3633 5524,3627 5613,3639 5703,3645 5792,3645 5882,3645 5900,3645 5989,3657 6079,3657 6121,3663"/>
                <TextEquiv>
                    <Unicode>ab.</Unicode>
                </TextEquiv>
            </TextLine>
            <TextLine id="tr_1_tl_17" custom="readingOrder {index:16;}">
                <Coords points="3580,3687 4055,3658 4291,3748 4548,3740 4630,3812 4866,3773 4859,3483 4691,3540 4598,3487 4523,3537 4333,3497 4033,3544 3783,3469 3572,3512"/>
                <Baseline points="3597,3639 3621,3639 3710,3633 3800,3633 3889,3639 3979,3639 4068,3639 4158,3645 4247,3651 4337,3651 4426,3645 4516,3645 4605,3651 4695,3657 4784,3669 4874,3669"/>
                <TextEquiv>
                    <Unicode>Rech gebroff</Unicode>
                </TextEquiv>
            </TextLine>
        </TextRegion>
    </Page>
</PcGts>
