6744 4184
5946 209 6272 396 6 12
2792 256 3056 440 v15
216 388 2887 722 in ^ in abgely you begin with
3561 410 6258 681 menner; carre Hof; kurzer bra
3598 627 6133 960 Jarten, en Gris Kappe; - no in
253 623 2773 854 woll - damit aber stellt sich 1-
630 813 1114 975 eue de
3568 813 6232 1125 en Ohr hall e ici, Rue derke; - de
212 872 2678 1136 plos vor ein trin - en verbet sich -
747 1037 1194 1246 wärst
3576 1030 6243 1312 we ist on terser St uin ind
205 1059 2942 1389 soule bien, daß ne selve. Fund
3554 1249 6236 1506 I was the - not in-
242 1319 2693 1652 beleid.... .  He ist on in bei
3532 1487 6485 1799 en cette, de ses enke ne
289 1553 2715 1858 Hendest nese a de he
3671 1671 6195 1978 mit ein wien vor den Partei
205 1781 2664 2107 wennig in Valle. - Beren grit
3620 1923 6379 2220 de Houses. It was it nellent
202 2026 2938 2319 de André, jusd ce de. J'une;- ici
4067 2143 4411 2297 my
3590 2187 6448 2440 & he heere hall get sehn.
249 2213 2847 2521 nahm and diese in deare kan on
1103 2345 2370 2634 dazu schule bedroat wy
3898 2429 6309 2748 Sie schrieb sich nicht enthal
249 2517 1685 2766 Mr Seele... n. 5
1572 2601 2594 2792 intérêt je peut
278 2726 2623 3037 is, Thild, he weil regelmal
3598 2682 6331 3052 On rearbel Tz 2 toi ce Bewerkin
374 2968 2971 3272 a teclimer... - je sprach
3693 2935 6250 3290 je serai-déf ne s'il poreil
355 3147 2828 3506 all nv in the Barligam
3755 3158 6042 3492 zu weiter:- daf in der
3737 3411 6283 3726 Reynquon nicht zur Nacht
388 3437 2905 3777 not bestouge in de Ralsach
