6936 4408
3024 241 3283 468 eo
6142 302 6430 515 Zec
396 338 3197 590 - - Ich schreit... Und er viel obte..
3679 349 6156 608 am will phett du uiteris in
2761 500 3064 626 erwalt
356 500 2822 742 at unh    The Blech.  Heis Sie, in de
3672 558 6332 846 ungedellt worden. The co
349 680 3100 990 weil ward Platprn aus. t lieb i Blick
3719 760 6433 1026 me ciwe wied fre...  Mo wisl on
356 922 3024 1210 ou plus, aoît, feu auf t veile - 4
3816 968 6440 1238 y a bitt en Freiheit wie...
392 1127 3287 1382 wurde er nicht floster. Ihr Schnee
3780 1174 6419 1386 Es war ihr wen lieb nicht beteglich da,
5555 1343 5987 1458 2 -  so
410 1386 2934 1616 me stapft décret de 1h du juin
3802 1361 6358 1663 si wisier... Obriwecht a de fer
500 1555 3204 1717 natur de tous jours...  Da schule fos Teufl
3794 1559 6030 1825 egare.....d. trotz je meitre.
2095 1660 2369 1771 bald
709 1667 1220 1800 in d 11
486 1678 2941 1919 fiel de Schnee. Und wenn bei mir
1624 1850 2941 1987 on the temps in cn
3690 1793 6458 2052 Al da half weve; - a court cœur
486 1897 3168 2117 Cersi nis Tohint Aart de naculm hui
1462 2016 2182 2153 a e féalible
3672 1962 6404 2329 see of such evines... We begon
2765 2128 3319 2315 rec linnen
522 2092 2545 2293 der so lange Cenim Toli geheik
3733 2236 6318 2556 ob sie die Wohn wieder fallen.
540 2268 3096 2502 the which is at newenlosen...... no coup
3730 2473 6242 2729 &...    I am in
583 2448 3010 2693 daß sie ihr niemal wie uns
3740 2621 6527 2909 were a few fill -  in
1375 2761 3056 3013 H. Jild, das ou an So
2714 2894 3143 3089 n'Aulel
3776 2840 6440 3150 a uit uort du was
572 2963 2912 3276 hors gerebicht hatt –
3766 3154 6260 3355 same in at un. un de je
572 3197 3017 3452 ne 1 undjedell. Antenat. wir
3784 3276 6383 3600 sich bekam zu haben........ Hen¬
590 3445 2671 3686 and Jajoint pd eullon
3762 3535 6545 3881 Kleinstelle und artgelieb. Die Hauptrath
630 3614 3218 3938 und auffrücken. Intelle begeben
