6792 4200
6279 152 6508 344 4.
2934 163 3193 418 1714
3652 259 6042 540 The Ministr will - with it do kom-
229 329 3204 585 nicht, und ein Morgen so nehmen – mehr
4688 440 5084 570 1 tereng
3685 496 6016 773 - Eure seh hilftr i de on
192 540 2686 821 mich, wie u in dimpt Frauen
3667 651 6183 958 foue est ciel néan; - et  d
248 810 3112 1054 will be gellest us to that -
3693 899 5994 1240 This in leitenzimme store offer
189 980 3093 1291 so is to be incte conseil, will ut
3648 1173 6257 1480 immellkenleit - giin ken weit
270 1247 2882 1498 reich gieret, das nur zu den vor¬
3648 1395 6038 1698 gutte, wie ihr ist nach deril. La
270 1432 3008 1713 jos ce do balhls C & G h i nd
3693 1639 6231 1898 I will (Spein p in lea.) - in
266 1669 3138 1994 Ziglym u/ kein Freund... Ein Wagen
3656 1928 6190 2227 neil fun, di kleine -
266 1946 2901 2168 de in l for; de wa wnt
3644 2172 5976 2446 Resul; - auf das zu Heil a Freil
266 2202 2975 2505 selten vor. - the tupp hand. -
3600 2442 6068 2679 red den angelegen, - auch am
281 2438 2960 2764 ne nup tlingel. As hee Bail.
292 2705 2886 2993 Rufs I then S.L. Talon -
3608 2668 6053 2916 we is this offer. - A from in
4525 2860 5247 3030 in the
3615 2986 6153 3230 aenstabelt... Erwe Mottil He
318 2956 3241 3263 in Egenblick by Janth Therese..
3644 3167 6064 3452 2 in the Ei coup to it was
311 3263 2978 3508 es ud wat - riell ne hitt
4270 3389 5047 3615 u gan kr
3693 3482 6183 3811 at das Bell geleitet. - igen
337 3519 2945 3792 fal verleide  - is- ny
307 3730 2745 3992 in hall in
