6952 4312
2891 305 3196 533 744
6418 316 6741 518 tet
4901 408 5224 577 you
3854 378 6697 746 (Se wa tres derts) eene kacht wirksom hie oas
312 419 3123 709 wee it [illegible] un il dit, une-ci pu¬
3813 647 6661 911 Au dernier Mêmes né Mouspeuil; sont
316 621 3167 992 je weil Casime Tabid eines mar¬
3868 834 6646 1278 - In Rechtskamde, de Schul = Schizart,
386 882 3148 1205 -vers oud : bea der. die ik leitme
555 1091 1708 1304 at the selv in her
3773 1102 6455 1499 une euy tituleur son voyage Je ne
470 1212 3229 1499 auf Thild.. erschien ich... uuren,-
3799 1374 6381 1661 unheur wieder.  -  and, in
334 1400 3295 1767 behlegen muth veräumt.
3795 1561 6429 1830 at de Rein an cin Hellen, wo sehr
716 1602 3071 1962 Solst beyge dem erget - ds in
3854 1749 6554 2050 & his best in August in genicht wieder
562 1925 2359 2197 tre dud ca hartl we ik
3777 1991 6554 2292 melsche sie sind in vor; - cead en pla
753 2101 2300 2384 Ich zu sie aus ihm mit
5026 2153 5257 2263 au
3773 2153 6547 2491 de Halschlich, jas Indem in klein
878 2289 2322 2539 selbe releubtet.....
709 2428 2943 2722 Klan... Sie mein, sef d. Seulast et Excellen
3791 2395 6528 2755 honderliche Familie so finde, - beide, sehr
3773 2660 6312 2965 enlfart in he not gelegen.
591 2660 1080 2899 S.a bel..
3784 2866 6517 3192 blant begehlt, und die eine dann be¬
768 2880 3093 3192 Vun, teilie- as wolle in kunies -.
3780 3097 6558 3402 wisn einen empladiger und for schon
2340 3130 2990 3369 De Soh....
863 3174 1822 3395 Schleib jell thi...
2572 3292 2884 3435 in cet 1
1032 3295 2175 3608 get on a with:-
3857 3380 6400 3637 [illegible] theita - daft he ne we
812 3516 1686 3703 Car tobich.
3839 3553 6407 3909 am Chirte wie aufgeben. Me in
1249 3696 1734 3913 Agres -
1414 3791 1991 4001 & 8th 1
