6712 4216
864 308 2025 556 nacht Tege.  Ope
1308 497 2059 677 me & here.
891 665 2491 898 - Verlobt.. heu, nach Haar¬
742 817 2858 1050 Mrs Robert.... the [illegible] of the
994 1003 2696 1211 not erffuttet. -  kath in wohl
1072 1180 1665 1348 un si lui.
832 1308 2637 1541 Tout -tam früher - fort? -
6216 208 6501 429 Mr
3544 289 5849 565 legt u in ein & Bett. - ublich nicht
3578 528 4628 780 mullnt fort.
3544 736 6045 938 Wir in t ces fois enf. a ce
3541 910 6017 1230 ficher hebere but, by the t
3547 1156 5927 1432 de verhundt knt epl. Bardes, -
3538 1345 5871 1668 de kuflach nt 31/1 lee, -in
3578 1553 4715 1889 Pourquie fort,
3768 2007 4923 2227 (So urere. Mld.)
3839 2171 5653 2414 (hie en tragos de wluvell) -
3783 2305 5756 2538 (Oper. - (Loteopin -) Brink. cin Heim.
3811 2454 5197 2662 de an ua bit d me. -
3923 2640 5442 2783 Inel. Verlobt - Fisch. Hochzeil.
3818 2702 5324 2917 votre till leesd Libri-
3833 2907 5933 3150 Viehe i in Brief-: u t will 102 filk...
3901 3029 4613 3215 crop tus - -
3814 3165 4964 3352 Toutyche - Will Mark -
3852 3308 5110 3482 Begegnis mit Holl die
4060 3423 4892 3600 Recht - Selig - Spes
3911 3498 5020 3668 Nicht zu träte mit-
4054 3622 5215 3768 Thld Reise in de Wll-
3979 3768 5206 3873 Cerofh - Sie nicht - schreibt
