6952 4312
1303 340 1960 560 sehr nie
287 403 3274 780 broate, has engehld at halte. No. 2nd
325 687 3140 967 né ouil at. willet bien sceant un
2009 780 2871 922 wovilen be
314 848 3226 1210 geble, daft ich ue on de Blicken, die
1299 855 1684 993 benen
317 1016 3334 1434 de buissepynette:- en je
317 1206 3125 1561 erinster war, und es hofte
2195 1374 3166 1594 der Tösische,
1176 1434 1624 1572 habe,
392 1456 2177 1770 jurait une avec plège.
2173 1523 2614 1658 (sond)
1818 1591 2098 1729 u,
2005 1583 3159 1822 yen Menschen.
500 1680 814 1841 de
1669 1673 1923 1830 ¬
1665 1740 2621 1897 un de vueil
366 1703 1691 1934 sich (tit be
1210 1755 3248 2046 & Il a. B. der allationvitil
321 1893 1240 2169 du toujt
1206 1983 1617 2181 Nuy
422 1979 3177 2296 -mme in een Wandnung beinket
381 2158 3162 2528 in der Ecke ich gegen für eide sehr de
467 2345 3148 2759 fachjelererer sera fief reichte,
456 2587 3159 2905 and and in with him in
452 2700 687 2838 P.
1956 2688 3170 2905 sans feil mil scepfe
448 2845 2789 3151 zu xxx angenst beige samt il
485 2983 3133 3245 wch ommil leefé - so man and
478 3226 3047 3454 durch Ettrück sein dort mit eigen
422 3357 3252 3629 en Cuterünftigt, so hatte i auch
470 3577 3125 3861 not un choue cileb Brouwer Aber
582 3764 3148 4051 ne wohlamt wird... en clenleur,
4824 224 6153 456 in aller - was i
6370 385 6672 627 C 55
3767 508 6631 792 erleb konnen... Aber dam wollte ne
3797 676 6430 941 nicht lieber täten... Vereinwissen
3771 866 6571 1143 Ile dien Möglichkeit je suis - (in
3734 1053 6553 1296 deese hoslichker gibertigt, u - dan
3771 1292 6542 1505 Geregte dans - og lief ne nul (ou) je luy
3779 1497 6702 1729 is aar ihr.. mettreil wenig fort con
4798 1632 6142 1785 & in a Herenfor & Sir
3719 1658 6650 1934 en über veul usitières;  du étude des
3749 1856 6403 2147 sez bien je cemiten, dans des jours
3764 2102 6512 2326 bemde, dienst ugen is die illid
3790 2263 6486 2502 kind a Koller 1du d d Rohitterie
3831 2464 6471 2722 tera   a-il terouplickes  -  u il il
3767 2673 6515 3009 Hoffe p enverkin - die ge. dort
3767 2868 6624 3170 u cifillu.-sich ist nicht unter¬
3808 3092 6598 3379 prouwen mari. -  Aar et in eine lager
3779 3323 6504 3607 auf ein Malenbank nach ob gattet sich
3820 3502 6691 3805 Un eine hoge. Und eine horgen,
3883 3711 6497 3973 on teniles stood at me now & he
