6904 4312
6227 266 6540 513 f30
3088 338 3361 549 22
3747 382 6533 658 not be at.  bemerkt C
2906 466 3205 698 t 55
3728 593 6362 848 u et mohl de bei ist wol bem.
433 549 3237 906 p verheife - sobal de jusche
3688 786 6431 1099 The just.. egl Buesi... Dr. Schurm
331 800 3150 1102 see? Weisse duel notar de Rerk
335 993 2794 1353 aufgereet war is. - Das alle
3707 1026 6431 1360 hoff den Anhalt mit Er mit S durch
3736 1262 6442 1586 auf..... Ist keine gedie.... hieses &
393 1291 3132 1568 plest inen; - dass ugend mehr sein
295 1488 3186 1761 lid    matretemlet inen i des Erls
3718 1502 6427 1782 un mécessaire du hui et de
313 1684 3183 2066 kann gewis, in die entgelesen Schul¬
3779 1724 6475 2044 edal ich kann wir woll de alles
291 1928 3219 2270 ne les Stegschreibort je deken...
3772 1942 6242 2263 ausführt.    Le nach
316 2135 3103 2484 tricuider Erwarte.  Als heeft
3750 2182 6540 2510 carec-t-t. Es
5529 2379 5758 2524 or
320 2452 3059 2721 erstelt wirse. - so wie in den
3718 2390 6391 2764 bene, die trifft geltend im
1801 2604 2652 2808 Ce Guis-ci le
327 2637 3015 2986 ständzu... Theresz weihte ofs d
3710 2674 6518 2994 it is o in ea... hi werft j' une ceci
1866 2815 3136 3023 und weitereicht
2699 2917 3226 3085 verh. —
378 2943 2717 3168 Schlach, in wierig jährlich,
2699 3026 3023 3179 gleite
1662 3045 2674 3216 und auf liess
3805 2957 6457 3314 Une bemerkte de Gerichte vor der¬
298 3088 3037 3408 me in kind witt rifie, da
2521 3277 2994 3441 une of
1277 3281 2153 3452 I have
3798 3223 6431 3554 wilde.    Frangh uhrigend
346 3343 3201 3605 die Frei der troteren der Futter mit Um¬
3779 3517 6333 3805 Repätres en ses Juiteil au.. 12 de
331 3521 3045 3841 enlegen. M., und xxx
415 3848 3096 4052 so tielle-steres i pied de indiqué
