6776 4168
2787 101 3059 254 /11
6243 118 6577 313 622
3731 181 6090 445 Marbbafle hin gedurent.
1002 317 2721 529 unten at Ei. 1 Geile
2989 341 3257 505 62
3637 383 6341 720 Culle. Sie mehr. I f de
484 459 2941 682 Cher somt manbvel ood reikl
501 637 3177 922 accueil a joué à nuit il est
3685 644 4277 926 Wille
3873 846 5241 1110 (viel und and. Sohn.)
435 835 3229 1194 vns ab gerne viel recht zugevölich.
3804 1013 6250 1246 du lune abre - pléglige sont leurs - a cie¬
536 1138 3090 1409 - au bon ne lui allstimme
3863 1215 6462 1486 nicht anstell, - bin, - u. sie Sie wegend
3807 1361 6031 1632 kla sie im auszuleiten. -, wie 8 Tje in¬
501 1315 3059 1639 de Erinnerung on il xxx xxx -
3835 1493 6226 1782 & leben -  Sndel triene dank og a Tuybort
491 1531 2920 1855 mit das the der Spiegel de
3912 1646 6396 2032 he trach das Zuporland. Die alten
484 1754 3048 2088 burga, hue von der befel.
3957 1890 5815 2185 in jertst, d Hove an Noil.
5919 1879 6274 2060 " - "
484 2018 3017 2332 regl. - en  blasses, feme,
3887 2140 4660 2359 en faillis.
1061 2241 1573 2401 n.d.pe
4134 2175 6407 2523 I will - cusses in, il en en seul deselve
452 2234 2916 2516 aber vebblible onblit
3978 2450 6111 2676 korspründe Einwe - mitgeren
411 2450 2868 2805 mit jus dich Thata je ne
3887 2638 6128 2787 Wil.- See helle bortteal tis aucomen
4054 2697 6396 3010 Geld. Geld. - Mohllstof Rechte. - Je par ei menque
839 2728 3135 3000 a  in dein ick in alless it
525 2777 741 2996 A
3967 2871 6240 3108 - Siegul- Schild-Secr -
4096 3024 6135 3233 Hszeich – arrete - hattet.. Entzauberich.
525 3010 1764 3268 Haar  - weid
4047 3233 6400 3442 me de kind de c'est jusqu'ici me a plt.
665 3191 2840 3466 Flecht Ra d de Gerrit
4197 3351 6452 3529 Sichall Schmuth.  du in - Schorn
553 3407 2909 3640 twe see da; I am verhaltung
4148 3501 5523 3675 voil Skild wennelt -
4023 3577 5773 3800 Yours - Mecerteit hessen gi
647 3591 2808 3905 ful bcodlide bei to
