6712 4136
349 142 627 356 175
434 342 2969 600 D'est - Heu wil...    e pouvant leur beau.
901 600 1518 854 Bett -
457 630 729 884 he
6127 122 6415 457 849
3545 230 6113 508 de Arbel give toan in hal
3548 468 6242 725 est cette c.-  Et mais une
5378 651 5842 830 .. R. W.
3548 701 6191 973 me die Reibat; fild at; - er hatt on
3867 830 4239 983 sein
3477 918 6174 1108 in hicollestche es, kei Hernd, und
3534 1084 6137 1366 tiede uit in d her i pde by
3538 1315 6191 1596 es ist... sich sie siebt hütte...
3558 1613 6286 1806 Tiedar ny ogste, at
3477 1789 6086 2033 will die kraft s nachworten..
3677 1942 4436 2135 drebe in
3551 1982 6168 2264 schlief gleich in.......    -  d. wahr -
3545 2182 6218 2437 vort joui Bankvolle i sehr kl; - und legt
3528 2443 6093 2657 die Scheine auf de Tisch, -
3545 2677 6161 2935 sell ne nd h i, -d konf.d. Hiele
3579 2941 5900 3209 seit. Sie heft zu gewinnt: et¬
3599 3131 6174 3385 vervenbl is with - Fai Curlant.
4070 3321 5114 3470 lischt uedatit
3609 3426 6151 3684 gar in i c to Stlepchnek - ne
