6879 4392
2785 179 3151 391 26th
4332 251 4561 409 sil,
6345 219 6614 416 XI
3757 301 6435 650 all of deue quelpile. jure, je est
502 441 700 671 :-
700 531 2788 919 est tel verelet d in jut tre -
215 545 603 854 C6O
3739 599 6625 840 in Hüld?  L. und ein stoliberichts
538 646 2986 1116 Theien wird bloß, witt. drei Teil
3754 793 6255 1134 ren wie er, daß ihn wir ordentlich
567 976 2903 1306 sejeoul contre ce soit une ce jeune
3783 1062 6345 1432 2 un jede... A je 2-10
528 1191 3165 1543 bersten... Uw.. ersig beworben. Le
3818 1339 6485 1636 telt ju le flancs ou kort.    not
632 1353 3201 1726 in ball in de Musul, das seitährst
646 1604 3140 2006 vergleiten bald mir drach & haben..
3894 1644 6514 1927 Ad. Welt in reh. -in
682 1873 3086 2207 Nur „ dein zu schwek vielleicht.
3926 1848 6406 2153 Jai cugit.  Ck es ist j ae ei
1396 2064 3119 2383 ... We will do Franz.
3973 2142 5372 2397 vielleit zufall, dat
2318 2225 2889 2383 -stilell.
772 2207 1339 2430 have to
4052 2268 6481 2505 Marii tat es vers de cent pshiel.
746 2329 3169 2692 ſel t u u.z. Franz auszorn.
3912 2498 6388 2720 Wie konnte ich ich holl.
937 2584 2771 2885 Bere in   will gerevist
3926 2684 4734 2900 ue ou uss.
750 2792 3255 3097 Mouta in cent eine tobas Hochten
4098 2774 6650 3104 No -c i noue, marier et ainsi
890 3022 2982 3377 efft in. M ich is it
3923 3029 5541 3305 1tre Et. zes den tal.
4167 3262 6539 3503 Ist hal et noch in angeholfe..... hie
962 3255 3126 3592 & bestelle hab? he was
4127 3395 6431 3632 we ist selbst... I a hilft i
983 3470 2849 3826 not, son sent him.
4098 3553 6463 3833 Mesen nicht beschienen. Ich ne un
998 3693 3040 4048 M Rue. hem 1 nilleit
