6760 4216
359 322 695 579 664
387 435 3006 775 wollt and the Berk, elue don
315 677 2933 978 herst, als auch auf im Mein
301 934 3154 1213 et mouvelle le beste séance je tubus
275 1137 3154 1521 at tibennurted & bcting at elle.
366 1405 2955 1814 ne esblaib etc. zev. Reprit,
876 1673 3266 2079 et; et de ne en Beu sil
308 1865 768 2126 I am
301 1966 3024 2372 in his amitié; - es jet il je n'y
355 2289 2864 2644 n lel... ne habe il andere
315 2546 2969 2904 An même i esreicht Hof et
366 2850 3020 3187 längstet. daß sie sie in
1680 2980 2604 3172 leid erhalt
395 3143 3082 3404 the kind hab the town -;
391 3284 3165 3618 she is in as an a deeo.
369 3628 3183 3860 den acte den er tis nicht weil
3592 167 3911 424 1:6 1
6167 297 6435 492 66
3538 355 6290 630 dan de Deve in dien hvd de Re
5432 569 5794 757 best
3509 648 6308 967 je er schlof was honders vel
3520 869 6232 1141 schwerte.. at irger ein, de ne list
5783 1086 6029 1228 Mr
5117 1101 5356 1253 in
3516 1141 6153 1445 weilen vielmehr überatet
4164 1329 5186 1485 ¬ Meilraubl. be
3491 1391 6286 1713 (a) <gap/> (spater) sine
4842 1514 6290 1691 macht alle tat aigis de
3520 1648 6341 1941 datt soude; - liefs sie sich ihn x gern
3552 1796 6315 2166 gefallen.- at sie ein S. Un at
3534 2097 6098 2448 Um indeutel wohl seitim
3516 2325 6410 2651 wie dann ffeilen (zweit.j....5410)
5751 2524 6069 2654 are
3788 2520 5157 2763 en 2 weis de m bor
3527 2604 6439 2904 en recevant des diffes m. tragéel faisant
3552 2893 6355 3140 - Westrachtgebe sugely ren t &c.
3618 3096 6163 3368 ubut sibilas bien. Leute ne n'en
5598 3263 5787 3462 lu
3592 3357 6069 3589 invoileren wehr;
5624 3585 6037 3810 fitt.
3661 3581 5370 3875 sich angefall. En am
