6728 4184
6040 91 6310 253 6002
3484 260 6182 476 nicht über der Wie, das die Beimorpfel.
2843 256 3126 503 58F
3521 435 6091 627 Ehepaa. do out it gevullt. Noor
320 401 2850 668 Sie wieder zu seit cas Haus geleßen, sie er nicht
3450 604 6067 857 tall in a Forts to in d; to
341 634 2850 873 starkes, jureppoete gegen alle Unheil.-
3902 796 4155 948 Wm.
3474 796 6077 1022 Achst aus Gallen ergestellt,
388 938 2715 1204 Sidle of A Stilda we allen, as Kilder
3531 1005 6104 1234 ses Seuli, sehr badeleumt ougelbe
344 1137 2772 1366 am Heresse ou na tête Tante
3521 1207 5979 1464 were out to the trilit; - not
334 1379 2792 1551 Erschien und empfei, ne mit ungerehrte
3491 1454 6003 1656 en on-ut-il telles en t
317 1561 2931 1740 hilngevotenle Heißelker
860 1676 1251 1821 Re. have
3494 1615 5619 1929 so alle fast soll in die Augen--
368 1733 2843 1980 tiel ne ho uelgegan and ducht, et che
3558 1889 5838 2098 My long at the -t dable plus
368 1929 2796 2108 de toi de bisdreut, ne sait
3551 2010 5949 2290 ployent... See lieu theuse will cnt
357 2104 2755 2384 woble or réelions j'a findes at oculest.
4860 2209 5922 2391 empfan mich selbst
3528 2337 6104 2539 wantwil gesteht ich selbst...  mit
341 2310 3002 2577 Uur auf Bercken zugleich verconcieren
1356 2455 2098 2590 avec, à vous etre
368 2513 2931 2765 und ufreiten, bestimmte nicht - auf ein
3504 2506 5912 2762 at dis de retient avoir, indui, et en
388 2698 2988 2927 wo hein sie der ihm zu weer abworich, un
3507 2776 5821 3052 nicht zustört; wie ziel seit
344 2860 3052 3079 the isbe in de ande theret ja telegenhe
3561 3012 5939 3305 the - that die jutte vnt - &c. dll
1872 3025 3120 3231 beslug, allein, in
411 3109 2587 3389 1. uyre. Jyl nétung.
3558 3204 5723 3443 mit gleicham zu Wohlstrin...
499 3329 2749 3609 Sawelculen he.. bregen selle
3743 3450 5693 3673 I am rer
509 3551 2954 3767 augustine - beim ces vielmeules
3693 3646 5285 3868 at Bleik onf it bei into i
5430 3720 5753 3858 m
1423 3764 2944 3969 his unisul tuer
445 3737 1042 3973 sindged
