6968 4296
4834 225 6342 457 in aller-cogé cor tous
6418 283 6690 482 f 36
1360 337 1969 533 to the
3829 344 6524 591 Sie halle komt
5073 468 5378 613 tout
2926 399 3314 718 231
515 479 2462 816 Toute ou du Tude ou
3822 587 6672 827 I have he dillthit with p.m.
522 656 3351 1023 Eue korpus sal in m itre Fonte aus,
3837 722 6661 1008 plasse - 100 frs
537 892 3198 1251 at ne ewe longe dernielle
696 954 983 1095 hart.
3811 936 6524 1255 ing Fravyent - and so fond rie
1160 1117 1389 1251 rah
497 1142 3213 1447 der is, den Weil, der Rechtsamt im
3815 1186 6535 1458 Sie halle - horph. eller ans lup
475 1291 3245 1635 zu tusser;   hafte as hell
4504 1356 5135 1505 in them
3815 1382 6593 1773 for frany here to the saidred pontplan
504 1541 3090 1889 eigeatet, daß ni d nach der
5831 1617 6045 1759 und
3793 1657 6099 1868 wotin ne preist me - wf
6237 1730 6524 1897 FJ
529 1751 3376 2042 wendt er sich plötlet mir, sich jener
3822 1809 6636 2172 ne in de Motier d: Partepelle
482 1922 3376 2263 n'il tenirle asif, un liflet de the
3869 2089 6469 2288 jenbahre ist af ne eut be-il
1545 2168 3148 2375 wärt in wenig
4493 2223 5138 2368 im verpold
733 2234 2767 2557 Ny ae sche leblek. - mie out
493 2281 1095 2469 im C
3804 2208 6331 2466 Hembe di nachricht im Tit etc
497 2353 3177 2723 zurück... Er aber... hatte ein Leibl
3782 2437 6701 2774 luitt usfor; die er Partez ellen
490 2557 3053 2897 Iubl le 11 de Artic, borier
3797 2676 6669 2959 - ouf den aiene et tokte
508 2763 3351 3126 at wolle i sijn. Marie so spät¬
5512 2861 5994 3035 der R c
3869 2886 6589 3191 wch Amel. Twee und
544 2948 3133 3336 Van sich davon... An glant chec
3974 3093 6498 3449 i auch it home iuleese enel door
638 3180 3409 3532 - is in it into a [illegible]
3771 3267 6447 3630 Sir ma noch erschenke ich ergriff
674 3391 2886 3739 sich nicht trei zuweil,
3771 3546 6589 3844 a keel  ou on komitt j'en
