6632 4136
376 72 684 265 in the
2769 197 3095 437 1558
3672 269 6363 555 dier kr des in slaub berich
229 233 3006 584 Bette Belt zu schlafen, die ihrer Tflage
3507 480 6334 831 at er it je les etalich plgutent
236 541 3067 863 -volle, anverhaut je vais en avec, ou
247 799 2988 1222 on dem we beuche M. Undell
3625 699 6083 1132 is atulut telle) et d
3647 971 6359 1404 fall jedoch in    en letzteilen
211 1007 989 1308 viehete
290 1290 3016 1741 tout ci nenet -ci mais en paa Mme
3561 1308 6298 1634 hef witt en einflint; und in
258 1548 3067 1992 nach de Frang ne oulesse was ne
3561 1533 6284 1942 Entitul d Vater l'afeci, de
236 1781 2999 2203 in theul avit de churif in a lage
3457 1781 6294 2210 d A Juhall daft der-
254 2046 3138 2407 ein ainer geworden aber zugleich
3479 2064 6115 2361 I am Dr Cin, will not inte
4095 2246 4775 2411 in to
244 2278 3027 2669 in lwe wihigere Stellenonfran
3550 2347 6226 2637 Kateuzier erkärltnée; - ud n
236 2497 2827 2870 geratter iy on, - geschot in, d-hr
4084 2572 5789 2809 - ihr Ehebegefall at in wier d in.
3525 2626 3740 2798 in
3676 2748 5829 2991 Mes deurttent aan; - La bile du klein
229 2744 2948 3149 S. w. de ju bed du, das tressus
3701 2887 5571 3117 (Mitle Überlegenter, de St jep inlesles
3762 3038 5621 3253 su lu ne c'est que l'est, (ou à notre
251 3002 2956 3375 plus berichte, en paa tije ait
3772 3131 4704 3350 Pap. wier in Minn -
5270 3113 6137 3385 Ein aber nach
3873 3289 5789 3482 Päterin, nicht järns – dabe mit; — Ihnstere
3862 3364 4442 3543 vati notre. -
262 3267 2970 3597 bliche was was in sie sich durch
3909 3450 5127 3665 1 Trong - - 1. Herman dollen -
4037 3557 5134 3855 Tout. Aber in Recte.
254 3507 2952 3905 Tetler dieus  j'uis fait
4131 3661 4385 3815 .....
