6904 4296
6307 303 6599 546 742
3754 289 6507 715 -ut hui ne dis unis. - Sirdrais
2750 384 3071 609 œ1
264 504 3021 835 A has in willemen A-c tilin
3725 599 6553 898 unfronal p Bürtinari; - there
292 761 2887 1113 sevende de hund vielleicht ist ihr
3718 838 6423 1162 in therese, be Haistbar, et
296 979 2902 1299 rein...   ... .   Mr.
3764 1060 6483 1338 no all teil i in, - at ini ou tstan
264 1137 2894 1546 de da enl elle Tante.
3711 1317 6377 1659 Für und de Bruder und Gra¬
489 1391 3025 1761 teil il jamaill... Et het cbeitoop
3666 1493 4546 1817 ließ...
430 1637 3028 1982 his part.. Sent die...  d bed of
3775 1729 6257 2151 Oufel Heimweg bek neave
289 1842 2982 2240 tull alle ulbt untall jure
3722 2014 6416 2331 (lange la feil wie in Kirch¬
363 2116 2923 2412 i lui elle vorbeitet - d
3740 2250 6532 2574 ne compte des Tés  des ces
327 2338 2789 2680 Pauli nu berige de voor den c
3757 2507 6430 2852 compte, et les; veut à Séance,
1155 2528 3123 2828 xx... bestellt;.. die Feurdi¬
387 2666 1180 2944 Revelin
1155 2740 3021 2958 l t, a be de un pocotnt hal.
3729 2778 6458 3123 it will given waren
327 2877 2933 3173 teit.  I will get in
3704 2997 6539 3370 duce relhst... si cec ne pªtill daft
387 3063 3180 3398 une & d alle in the
3740 3292 6398 3609 nees to bevinkd with the
1729 3352 2821 3616 du avait nul
842 3384 2454 3740 was two in
3750 3468 6440 3828 I is fait in ihre Sine, - wie
697 3609 2951 3877 Mr. R.M. der H.C. ret
701 3789 2863 4106 I am Dr groß mit u d Stil¬
