6616 4120
285 81 544 274 100
3000 252 3237 444 174
6193 300 6389 481 re
363 296 3111 615 hen. Sohn ef. ist weint selbst - noch ein
3496 341 6085 574 es ist en weiter Cry; - und bei der
289 504 3070 748 Troitel jure et devant de Leib... quat
3541 563 5911 826 Steeplot, uit di Theil -
4889 756 5500 896 erbot zu
304 759 2989 1048 Fry unto that son, not in sich ein
3956 781 6145 1033 Sir Therese was in thearh
3544 1000 6163 1322 of <gap/> doin object ue; - ne hall
263 1000 3233 1326 Tirly fald Rauberot aus dn the unk-
3530 1156 5959 1474 an ihr Meechenbruch eine Bätte ist
274 1281 3207 1570 aber - ebe cent wahre ich selbst, dann
3511 1363 5967 1607 do weg Bonkecot nebove woll,d
274 1478 2885 1767 er, nebst berenges blicher, wie
3515 1607 6056 1893 in dest oermahits - abe sie fehlt.
333 1693 3133 2000 fimme, de Brefte t d Haard.
3470 1774 6130 2100 ihr das in das klei, nicht vor
244 2000 3078 2241 at hee a fteil, at till a oubl geset.
3482 2019 6267 2322 richtig gewesen wäre - so ist nie
300 2211 2889 2489 meale hatt inif der selber i de
3567 2263 6267 2563 .. Ist kommt unter töd schlafen;
3544 2482 6152 2722 sit wer sehr, ob, ich die auch – ist wort
219 2456 3022 2748 had. Han ereloge -  hil
3489 2656 6041 2952 de ce stell auf de Rwas in et
296 2722 3022 2985 el médecle, les riedes Bett voll
3448 2859 6030 3100 we she, he! oh i dis
304 2930 2944 3230 sur bevelle t.ll. Es schaubt de
3463 3044 5970 3289 jeung bel. J. Heir tat... dass M de
348 3189 2748 3474 Rui in a Menestes, sullt es fois
3519 3230 5967 3548 I don’t hand kannst.
3522 3396 5993 3726 the i nicht, or might as cin –ack
407 3415 2611 3663 Halfh...ndst in a d Lippe
3467 3648 6026 3882 as you built in the
359 3659 2856 3944 Tis nefue. Ebert-d'Autre
