6872 4280
654 523 3075 865 Noch ein jener Obeuß in Bee
593 818 3282 1130 Kerl, Tofter..  (vert pein)
578 1083 3112 1349 in der k. L. e.ke l. a. w le.te
520 1276 3162 1603 in : - i et il l tibenwirttet
1221 1570 3075 1872 -   -    2 tjç: - et con
534 1785 2806 2126 in bell & th in rur  -. No in
593 2036 3250 2359 end... in Wien, - in V. Vanel,
2050 2243 3177 2472 Lännerin, heu. Flug.
629 2435 1879 2657 in- sieren
2047 2443 2628 2606 - tenit -
742 2632 2047 2897 Seisdem er gel, nehre
869 2774 3032 3017 Hor Fort T- at hell i gewilll
931 3053 2043 3275 le caslu'il sie -
1003 3235 2614 3471 Krangh - (Hilem.).
1080 3399 2297 3624 Berlin Th.Ed..
3900 196 4253 411 6 f 0
3610 207 6532 556 Degenen Kontler und als es fortzus
3668 483 6412 749 und at sie itse be lititied in
3704 731 6263 1120 hofe in Thildénigab -
6023 985 6307 1116 n
3650 960 6448 1265 Ihr - und nie.. nun, -
5656 1141 6034 1327 srit,
3650 1247 6252 1534 sternod niet bes nicht, wie wir
4642 1389 5987 1588 von iure alsgefärder
3660 1494 6358 1832 in Kléry.   hui ses oubeneit.. Je
3682 1701 6361 2061 nicht - der - bemerkte... die
3766 1912 6390 2323 kaum mr J Jefill jelro f habe
3806 2148 6369 2566 « sagt erreuse... Ich wenn il
3773 2450 6376 2828 seg defus it de d Eiulant
3780 2704 6383 3144 perim überhaltetebe.
3831 2959 6343 3355 Um nicht ohne Stolz... Er noch in
3886 3206 6318 3639 an Stück, von Teile, und
