6776 4072
3764 154 4058 336 T
6173 273 6453 445 6 51
3729 315 5091 581 den Verg. teilt, die
700 357 3323 735 I am over your leere Schorink
3610 382 6390 693 gehlt et waren, - und die Arbeit
669 588 3263 840 derod non dürbeit. The Stieda
3627 578 6446 882 sette cin...  Die Freide dan we tre
2580 770 2941 942 let to
788 802 3127 1113 So we shall ne die wenig Tage
3578 830 6386 1127 licht nicht so betrücklich, at die
665 1022 3218 1393 die sie ist wir vergönnt soll
3634 1117 6414 1386 <gap/> et ingepreges Lett; abe
672 1246 3309 1663 du beahichlyt hatt, in ein worten
4860 1316 5049 1439 et
3634 1302 6425 1600 ne shll cid for quitt rind ave
672 1502 3232 1810 Ungestl of them; -  un at
3666 1569 6439 1803 rull. cesti, et une ne ou mer;....
690 1726 3074 2027 plôttert in the
3606 1775 6372 2034 that in the korn in ihre Pflill at
3624 1975 6397 2346 so much of Überman nach... (Ten
683 1926 3169 2332 Reginerelle einhach, kuss
3561 2192 6348 2503 du cier et dit-ilerie en parle blou-
718 2188 3109 2552 in the beferthekte,
3610 2468 6372 2769 I theer weres, die the se bega
662 2447 3025 2776 lraf 3 Tg. t werden krum
3673 2703 5073 2917 in  in
5063 2727 6099 2983 till die be
704 2727 3064 3043 den ne uit selbt jure
5063 2871 6106 3074 part ihre iis
3631 2892 6376 3186 me a Mie es in algemein Mr C.J.
627 2948 3022 3270 halb, in der flor und
3652 3155 6411 3449 yeare was kan in    ell
3641 3396 6253 3634 ihr Ibslem, mit de glach
725 3421 3071 3697 Mr Stilem sameltssd al
693 3666 3183 3886 Mali... and de Ruis there jet C
3746 3620 6092 3897 du glentzubt Freundlut rufs
