6728 4072
6197 111 6515 425 5re
3000 180 3346 408 557
3622 145 6301 505 sich ihre lochen benäschlichthell.
366 235 3142 588 Art, une moi en memmel la: Franz,
456 491 3021 715 Ketre zurück alle veinde - -
3577 425 6342 819 deron Schulbein, uor for
439 674 2993 947 wis der Morgen Rais, set u der kath
3636 695 6366 1040 sibtweizlich erinnerte ist sond
401 892 3069 1130 longheit, de unsi unghert all does
3615 912 6363 1237 Jahre, in dem da, wie auch kow
439 1071 2969 1365 Plève an ein, und bald michte nie
2219 1262 3104 1486 (gelernte nicht)
3636 1217 6401 1514 Ziehen sind anders zweier; -
442 1351 2990 1545 is in member tomenter thw to be
4987 1365 5696 1541 de Riyder
3581 1438 6259 1700 darbte maintes fort in kindes;
432 1483 2941 1808 sich nicht verhehlen, daß sie, ma
3619 1645 6124 1946 résaller des pleu Robut.
429 1752 3038 2001 will frohe, aber intiger, als
453 1918 3131 2222 si nous avons à Nous fait de Fraïs
3598 1953 6118 2205 dec... andever in wil the
463 2136 2869 2347 bei ihr in House gewokend telle.
3912 2191 6152 2482 re Herde Schöner – und
2696 2340 2938 2461 be
3674 2350 4217 2551 Weil
435 2388 3093 2609 J. de Nachbarhaft ersehlt in, dass
3653 2482 6398 2772 wieder da nie einbuleit gerne
435 2544 2993 2762 From eine Stellling in der als
2291 2730 2589 2862 kev
3650 2706 6042 3003 Cua erklaibit jeune man
415 2730 3003 3024 at Vakaufe in ewe ndgelegen Stadt
470 2979 3114 3176 feinden habe  - ob man in glaubte oder
3681 2934 6194 3277 sollich waren des innen Jegling
453 3162 3042 3377 nicht; - von Nämmert sich glücklich
3698 3162 6221 3529 wol ihr gewen, die wil dem
5603 3370 6422 3594 thine this is
439 3401 2941 3605 weise nieuw beinde in ne in
3702 3439 6342 3702 in u in House gelebt, Bett a
435 3591 2236 3816 the Tovelievenballen
