6744 4200
350 302 649 490 161
1463 413 1699 575 to
199 464 431 752 641
439 472 2826 870 Su cet il y ab. Er besten der mit
291 678 2738 1013 rechtetes.  Lew ein schon he
335 1017 3029 1316 Heeldaten an nie jein in
317 1142 3062 1577 in Turf geb wollte befeilet
2336 1415 2919 1632 avec le
302 1393 2277 1828 le vie in Tife de St
350 1596 3059 2082 berg in Hove;   ied
291 1898 2885 2237 Eerstel Crudn
335 2115 3162 2491 re et debenant cluis - rlle
354 2285 3077 2627 in allen fusille & Tif von St. C.
446 2524 3158 2885 restime (naturle) pein herren
424 2764 3044 3217 jahin de juge c... - heure Trere
394 3059 2944 3423 thece. Il ne m'a fait cher
380 3364 2944 3681 I hilen retre; - erbe
383 3678 2948 3954 und wie ich neulen
3482 313 3843 527 628
3733 350 6397 689 Wilt in geeugste gedrunglich, -ede
3578 575 6283 884 beigle ved ihren Sedelina betr
3586 785 6206 1091 sivitägden, nachfall. et titileren
3578 1109 6183 1323 sind wie nie überhaupt.
3515 1268 6276 1596 at Bort gekwär - und so ersehlt
3541 1500 6287 1776 ve étre allerle, qu'il a peu, et
3582 1695 6335 2071 Elters - in de "Tawilie", in der
3549 2019 6187 2384 ne gelebt, un et me. une
3490 2325 6239 2657 Nunf borl is waarhe gewi
3527 2572 6489 2926 ebre Werk. Wer sie nicht auf
3630 2834 6228 3110 !— Iede auf de lange wollt i
3608 3106 6287 3375 nen St, in sei. Reden - woll
3589 3331 6357 3622 es in a leodemccalas in dat
