6808 4264
618 276 1040 567 6th
517 418 3030 731 Uur. es fasst in bei Rien, wie
404 647 3183 953 klein tio dite... Man hvist ne and
535 928 3241 1171 Nerempide (waren in j.M. Louis
542 1139 3314 1459 Yr. this pflegl and was theren weg
542 1379 3179 1695 minist wegend in..).. Rueu
564 1641 3296 1957 kind be but mill unto irres
542 1935 3154 2135 N. “zullen ist...
571 2161 3281 2452 Einlant.. a at.. Holle.. j Kriegele
600 2466 3237 2714 - he is in with.. Aber shil
458 2739 2965 3074 ball jul jusglokant, bei
553 3001 2939 3332 Marthuehl. In ht der
553 3259 2986 3561 Bemers your.. Sy Val. wenn
557 3474 2994 3841 heisled di vie es geelles
557 3699 1506 4019 mihl...
1782 3714 2855 3990 lourne?
3688 244 4038 455 61 5
3903 295 6475 778 Redenkfrist; - und - lebste indem
3699 604 6176 895 na ca pa 'tge ab.. obu tritt
3736 888 6391 1255 ubreby du castzetteil.. Und in
3678 1113 6460 1513 al Nuhf in tawilie, wt iic
3685 1339 6329 1721 dre a trotullich in de neil hos
3645 1641 6278 1961 wilftud zu änderniss seit - nicht
3619 1804 6544 2233 ne a Coppet de Lert ait qui tereb-
3605 2022 6471 2506 we are dirnal mention and that
3605 2277 6526 2732 dreu End the Motschein wit.
3630 2550 6260 2939 der ihr Herr wie ein is erwieser.
3641 2746 6427 3223 Gefälkert zu Beantwirn haben -
3630 3128 5987 3452 I die Zeit kann wann
3619 3336 6315 3696 ein Brief in Franz -, mit keine
