6728 4184
6140 248 6398 489 1616
2668 300 3049 503 611
3622 293 6384 559 Aanlal, die für seid enfas un
265 363 3004 695 Hören - eine Tage einfand. und
3632 569 6377 842 et du Vous a de Gropelteur de Bouch
328 622 3129 828 vulice - in temonmappe p imme
5445 775 6115 908 and in your
3636 754 6213 1058 Fau et Broulyam, in ne
307 817 2958 1128 no leurs. - Ohr de nordenbarit we
3657 985 6419 1303 in dergleich ceci - Nov. 3 trotzten
346 1072 2993 1376 dass auch Theiese nulle et
4994 1194 5557 1394 gar een
3646 1275 6245 1582 sibils ee teit reping. J last
363 1299 3021 1603 Ki ww  eyuill with a liore
311 1502 3014 1830 mein. - ob es un einfant de Hui
3639 1561 6018 1813 gleich, - aß sie mit zu
342 1778 2958 2120 -. doch jetzt wenigstens. -
3639 1774 6234 2040 Ma A dier Heer gewicht ja
3604 1994 6066 2249 last the Sinne.. as... real
286 2029 2804 2343 guche Seib p. ntje - wie in
3622 2197 6112 2536 sich gesag darauf. Sch. von
772 2253 1076 2438 gulle
339 2312 2822 2637 der gevonken, de ihr Leib von
3632 2455 6143 2811 Tull so avent fort rus., - at
328 2602 2731 2930 levy, laye feil p erd hal
3664 2766 6220 3035 Ma en der nalmlus in de Ge
381 2909 2710 3157 som in it ja will so fere
3632 3031 6213 3332 daß ich ein hörtliche Werk
423 3049 2832 3405 wollenk den befreienden
1121 3314 2281 3479 cter, servire
3639 3286 6014 3604 au roy de M. duc Jehe.
2288 3447 2738 3692 den
402 3426 2015 3737 Mertz de même
3629 3517 6182 3852 du temel so imolut nat
