6840 4232
1328 323 2104 505 dua behaail
2975 271 3343 527 685
3584 334 6047 705 t'il theres ab a nel,
434 427 1729 683 serie moyne nous
1892 456 3317 783 die avis en recerfele
1603 542 1829 657 by:
1261 564 2178 772 scharnet gegen
3640 590 6266 913 - Er byent karl.... Erlaub
419 612 3205 920 Une Hein Clerwel beworkam; -e
3677 812 6077 1172 do - your mond, ce
464 809 3309 1154 wa de Hand de Celle de a ditui
453 1102 3068 1380 Je ce Verle d'aucle du tout de leurs
3673 1117 6552 1443 .. As we will in - wes sak
438 1358 3202 1629 überlief.  Er sehr das Glasen der Ein¬
3818 1354 6363 1759 zu St Feber, in Ronde.  Je
378 1644 3361 1892 Kank; - und auf seinen große Stimmheit
3714 1677 6418 2059 Mottest in thiäutigam..
404 1881 3228 2178 blieb ein voll Schauslets.... .. Es schol
3747 1874 6559 2322 karl very lenlede wird.
467 2163 3013 2404 viel eincomen, uel über meede a
3788 2200 6585 2534 Tteint. Freunde Ehre.
416 2322 3057 2630 a te dit si stelle, à d'après un
3795 2475 6459 2693 it a wiedehl will immer
416 2675 3061 2957 auf nie va ei x Noye april
3806 2690 6585 3031 don - - - xxx
441 2927 3135 3179 beist en n zu z. d. Clavinelli - und ihm
3836 2983 6366 3339 Leilen will in gewathen
438 3194 3146 3391 it again also si...  H. Clarell the
3873 3261 6326 3640 Paul. H. Wolldin ist
456 3439 3057 3665 weil, of us go rtge... d Collin
3914 3510 6407 3803 Son - id tat sad e Eindrei
490 3632 3302 3973 aber in si nulr, & konf hin in her
