6840 4280
4001 205 5578 406 (tout à vis très précédé)
465 340 911 545 6910
3767 307 6331 662 Iw will dieus Vorsklag (drere Einfall
2864 289 3244 582 68F.
5344 527 6346 713 em erlmak
3683 545 6532 874 als einen Losung, je et écui lut témoins auf
285 574 3094 903 Ma uberboupt un alpêcher...
3658 761 6459 1024 si uderei – estob n'est ils l'aventendus
260 812 3153 1127 des Thionl wol gerelt.. ied wir en
4338 892 4985 1083 santlai
6046 929 6602 1130 lat nicht
3679 958 6620 1295 eine Dankbarheit zu erklären - wol Stuche
5768 1127 6397 1313 but her,
307 1086 3120 1357 not ortell - in welch Titiales
3731 1174 6496 1452 Einmhagen; und mir da ich B über Baucker
307 1262 3054 1551 by mr. nebee de hivre kunt
3723 1390 6521 1745 horts - das in Bevorke mit; - ließ
336 1536 3109 1847 wenn - et bien - we avit i de haut
3764 1620 5190 1887 Dr. Swivenburg Dores
5325 1617 6657 1957 - und d Wolliten
4016 1799 6057 2066 soit. ont été Handlée, je prends
3720 1906 6653 2333 nicht zu dien sichte, einigkeitige
351 1869 2827 2110 bleib...    Unterrelhst woll
3731 2151 6587 2429 blicl ne delai - 5f6 né de Gevanker.
369 2125 3138 2458 gas Sache wod u.d. Han uitwer- u
3727 2374 6584 2692 von heer oder Joh den in Csenthoell
402 2348 2857 2659 Hilf de lerte Keimelbeare
3833 2586 6580 2959 gekreut zu sein. und ihn erfort zu mir
457 2600 3215 2889 Villem liet is it worke
1573 2816 1928 2977 Kör.
3804 2904 6631 3197 verlose der geben - nicht erlig kann. —
450 2842 3186 3230 et que je m'arreya et au
4521 3036 4956 3219 belia
922 3091 1368 3241 de Re
490 3083 3149 3416 nacht Eemntng..
3720 3047 6576 3570 Auf W Trindy, daß sie ja nur je
3720 3306 6390 3676 nicht bezahlt. Die weit in
465 3325 3281 3672 no trmerit....
724 3617 3226 3903 " Sie hart, still je, ohr Miscere.
