6888 4392
5378 234 6625 508 A 781 891
6252 391 6501 600 it,
3016 401 3304 639 45
394 455 3254 746 sie vor und selbst hatt sie den Vormai¬
3680 430 6494 760 und bis x xyz gegangen
391 622 3094 934 Daf Fon it wilbeiend Mr
3620 721 6466 984 spile.. his pen  d Bill selve
441 838 3041 1250 Der Darb gesandt-, und so
3648 902 6295 1243 Sotos ind jährig in ihm ganz
5489 1115 6494 1311 Aes   d    u t
423 1204 3094 1417 entdier ue nul; - de niets
3634 1140 6458 1421 Sich it die  der tober wir gegenst
405 1357 3105 1641 waltreibt, hein...it
3769 1439 6185 1652 - On ne sich weil, wie es jet
686 1531 1158 1744 nly see
394 1613 3201 1847 in "fels". Je suis-moi cec Mr
3613 1588 6164 1897 art du Aige was in Elhaut
437 1780 1695 2064 clazige, weil
3656 1783 6220 2103 selt ust. die Auge auffl. d
547 1986 3116 2291 We are a Westnantsferée
3698 2028 6160 2341 jeschut i ja erste kal...
3666 2249 6419 2505 und zu veertil anfünfte.
462 2213 3258 2551 het ne aul d Freude bei nicht.
3659 2412 6394 2714 wie sie an Bett den Bähr.
487 2483 3155 2789 Eccon in fald Trutlegium
3702 2668 6306 2941 um einen Lohn hinannt; und
504 2696 3190 2995 in allestdod Mund t wehted
3702 2892 6299 3236 na die Heugewiss und in künst im
462 2963 3123 3279 de fille; de tt n we
3727 3130 6398 3403 sisl. Verschl um, Therese...
529 3190 2838 3471 Lintwill in je doit
565 3410 3087 3730 Sibice.....  An Thor as I tell
3759 3496 5144 3755 Und eine Abend
3908 3631 6164 3989 Es wie die Art. huj z den in
561 3613 2995 4000 ne i en paa crach Gutes phen,
