6872 4280
6236 187 6580 431 „662
5040 327 5471 474 mit unbe¬
4505 298 5428 578 Beren heylik
452 398 3034 754 It is chited a let him in
3759 463 6394 775 Kild. Von der entgege, als hätte wa ei von
3777 664 6455 948 an tapgoin 6 in letile kal geschr -, im
460 689 2962 1009 Stadtrely de vels ciue oog
3008 682 3299 915 5, -
4462 829 4739 966 votl
3748 915 6426 1156 He sat is (orientut, re yor me debent of
560 944 3148 1231 no und etc steife iure - Fils
3744 1063 6426 1310 n'j ait eué; duer blanc vier, ils m'en
528 1181 3177 1393 in a deit dit i hore d tavd,
3705 1278 6344 1483 als aber vollig auswunde und diese
4983 1411 5507 1547 beilelgt
535 1414 3102 1677 on d St toen is at
3766 1436 6243 1702 Eindruck verlieft is it deden
4473 1612 5518 1777 reclive blori
625 1605 3324 1888 o et Cils etre vak,ich es viel
3770 1651 6275 1939 daß ne médibentast, uit,
4509 1817 4843 1935 in
3770 1845 6318 2104 neu noorender or nah. Un ciel
582 1874 3270 2168 stattlich. - Als eine ihm, er sich
589 2097 3314 2416 wart u tisd hvoied aiEend
3787 2068 6491 2412 ne four glait. No wel den wil Begrify
4006 2251 4419 2402 W. mit,
3770 2373 6423 2653 Srefor glad day. Nuese iil nich
600 2380 2111 2671 do fa  in. as I
3795 2599 6491 2876 Wittest mueleit jure to verjingt
761 2628 2736 2894 This will I am - would.J.J
5446 2692 5805 2840 bedenk
908 2710 3202 3041 Telebes... 1... Hausber.. Mr 31
3823 2739 6290 3016 habe... sorgliffert einzu¬
786 3048 3389 3278 de! - Hor schwer, - as a Thion i
3795 2998 6573 3227 de l'iditee, de cesgebes Kurses.
3759 3148 6634 3486 Obre uit bei Steiner Antwort aufgetellen; -
3762 3360 6498 3708 und bestellt it Grüsse in ihr
