6712 4184
1478 278 3178 496 and cive wnte Borvein gel 596
354 391 3062 715 Das Millazwall verbel i gute Loien. Heren.
320 643 3069 861 Rau int contled wie ce febrillop Brod-
320 899 3099 1140 is - as: In the aig. Raffee [illegible]
297 1102 3220 1286 de Iltweile K. Hee trotti en    julavochos
147 1264 3171 1478 3 dreau späle en Sten en Kolland, ce festap
323 1478 3084 1783 som de hee trokken, in wel wet gan
350 1753 3035 1941 juge,  be inluevnt enneteuse sehr deren
1817 1892 2324 2027 du perte.
308 1926 3077 2166 Hier, vnd Bartlose, Herr, etwa ja ad Schläfte
278 2163 3088 2377 wit rtsed, u wit set tellble, hug and a deck
1091 2306 2151 2407 beule, wie sie wyl
350 2317 3032 2618 Angeschlagen in de Jkopzod Stemof sowir
402 2520 3077 2881 tende, ja i, und d Herr Verhalt, oder
391 2746 2907 3035 lei gelebt talle; - aif étiffeptet ce
399 2986 3058 3302 allen neke, auf Liebesdachtfe;
414 3257 2704 3479 Ile Kebulst w auf ei-
372 3479 2449 3716 lety here is, for, in thollen
391 3667 621 3795 u.
361 3656 2776 3972 at ce gefahre, wo w je. Eben
6278 102 6473 391 1e
3769 214 6439 538 - Et mr. wede Gebortst noch houe
3626 478 6428 756 be... was [illegible] with
3720 733 6390 1083 - he sent me a gefecert, 1st
3573 1012 5984 1256 theld in davant juivetin
3712 1230 6202 1538 Ich sehr wirklich mich nicht
3584 1471 6274 1734 Hier daruber voll... konnt wo
3584 1700 6161 1982 im Sache schlaf, T.L. Parhav
4860 1941 5563 2084 is ayend.
3562 1986 6202 2309 reste wolld Je ne dés un
3607 2276 6191 2546 tobelien - up die sich wem
3852 2449 4608 2644 im uilend
3626 2535 6150 2881 versque kro d me lisst jeune
4483 2904 4645 3035 ...
3615 2855 4359 3088 het
3765 2938 5965 3348 he seft niet public A. T. A.
3949 3250 5939 3449 (aren on Holland. J. - Oper -
3923 3393 5743 3566 bpe (sotin) the at Herr -
3855 3536 6255 3769 Vulck. Hertzed. Honderand. - Mrtt Bank
3897 3648 4224 3788 ahar
4645 3663 5601 3818 Brief and sub
5807 3697 6259 3821 M Fabri
3912 3697 6244 3882 allen. ducht... Folge... Mevr hrot (kere Brel
