6712 4440
2893 110 3166 330 in
6112 191 6455 415 807
3680 298 6459 592 erfeh tell
3095 369 3343 567 80x
493 404 3215 787 tented lesgendide en Nell. de Sen.
3744 535 6431 794 Seine arat... And is from die n'est
404 741 3254 1067 The Begled &c 1i; - es tall int oteit
3697 737 6512 1032 in Slo Aice..... He tiet in jemit.
3694 968 6413 1227 nicht eine Uebrigung eingelie; - sie weit in
464 908 3081 1262 Temperale mirstell, die Gerzte
3705 1110 6190 1404 ment. Rett tii wo bis, - mit, bal off
503 1180 3109 1507 will sosche and de Vuletz at
5895 1386 6225 1496 than
3701 1319 6268 1606 beide geschlossen lägen. -    in
436 1407 3254 1712 ant du sujeten heereos et si on t juhr
3712 1570 6448 1865 fluiteit „ne unverderkeit Mort“.
450 1684 3152 1918 si mais glaibl; - Sie sie was wth 'il
5250 1776 5594 1925 at 5
3729 1772 6214 2021 Nostre de behorelre Augt... j'ai
525 1904 3042 2159 Sieurftr cne gestort, i un né
3736 2003 6154 2240 de Collepen. A Du Direik
475 2162 3237 2365 d Besich wilt z. erkenne, die u.
3719 2209 6154 2464 de médire et de nul de telle
461 2326 2999 2641 bal enfant...  Ving c. Eynf
3765 2439 6544 2712 nt de mertium Te un iAu werst.
415 2567 3194 2815 hout indert abgeret werd, - dud
3761 2591 6402 2996 auit Alfred zu erkennen, der
468 2815 3237 3116 Aust    glaibl i un voit, d'y ne piel
3779 2857 6221 3095 cirstillet.. Nordre de behan
3804 3049 5934 3346 Secu laind of H Lrerl
486 3088 1617 3315 wee minute.
631 3229 3049 3570 by him in the diAis Elfr
3825 3265 6218 3573 die werts. Offern sich auch
493 3485 2978 3712 as I Bell, de in den
3811 3552 6310 3797 bib de Tall ausgepfenken, Cref
440 3683 3244 3999 St. vrucht Uillerwor in de kr.
