6728 4200
1263 373 1570 622 all
217 380 488 608 611
648 373 962 590 beid
329 427 3013 698 not in ancilieges at in
1190 622 1650 778 zugleich
300 669 3140 977 legt Jche reus Ehe - aen sic : sin
326 832 3194 1226 man Enttisch die ne alett: - bes tuhr
279 1103 3107 1440 kein Gelehns in bestimmte Anwissen
326 1393 2974 1693 de Rave war - fehlt né, u
1179 1570 1559 1751 dafin
402 1606 3270 1917 Ce même oubre le mois ouvrait
362 1820 3187 2156 nent ista d geword weili... As
362 2091 3147 2427 is nen by van Hervie fabels in us
365 2254 3086 2644 at en is it trage I is f
358 2547 2984 2880 in England Hars - in ben
355 2789 3158 3097 Abibred...  erst wel it in
358 3064 2974 3437 [illegible] in the
416 3252 3035 3712 peyrart telt. The kan to
3614 289 3831 503 61
3900 380 6095 658 Hent. Röve, - de Bill, à
3650 586 6349 912 nacht sind. »je hieran, Thild
3618 915 6128 1194 in a hl Spars p iul uehr.
3824 1190 6334 1501 See him well and able
3581 1436 6363 1751 no wt jus ne o
3578 1707 6468 2044 or dem erste wilde. I peeple
3769 1982 6193 2304 du feut lui des vie plus
3578 2236 6316 2608 vor fast eine tell Jct, wie
3578 2529 6486 2840 Stild gozenten; - ne
3603 2800 6457 3122 hat ihren alten zu teilen
3614 3068 6439 3404 I and nie ford ertiad
3599 3292 6135 3578 dre keule in the
3578 3563 5766 3853 a vyl schme were
