6952 4408
6331 231 6527 512 re
3703 294 6373 529 um worüber nur dieses erkennen
2982 175 3374 529 L &6
547 462 3301 722 es leuet j'erfahre - neveil ils en toute
3724 533 6422 753 foi nenleiben it sollte int die an
536 638 3251 886 and sig huure in i. tette wollan
3756 708 6570 978 bei den komenlosen..für den daß
557 813 3213 1086 jeigt.. Aber es war je w'est elle hap
3731 914 6496 1177 nt we con de terre M elle, de
494 1079 3280 1324 gleichgelt, wie e tief im obi hale
3746 1181 6345 1363 wuft ere. Und - ein ich dort kein
452 1279 3188 1503 w. Collonmel is. Auchau im -.
3753 1377 6527 1678 Verwerf unher zu meine, wie im
431 1500 3167 1748 ob er 4 t2 u toll od 10.-
3784 1584 6524 1938 no oud Stierin ubi in kom = frage
441 1741 3195 1962 plotte ab fuyle eadie.
3770 1804 6422 2099 ne... 11 till   eenblutge vedt. 20 liet
480 1931 3125 2176 le côt le... ici aime de me tiefe
3767 2127 6370 2365 ni empfanghen... met er de cri-ci. en
522 2134 2950 2425 a février elle avec une vie... rue of
2572 2284 3132 2456 [illegible]
3728 2281 6433 2554 hint long - yor gesprochen - - - Mill
550 2404 3181 2656 woll weit es jean in fsere t
3760 2502 6422 2736 die weit nicht einmal besuche. - Er ich
589 2512 3146 2775 vie le été d’abord. Il est d
3812 2754 6398 3003 nean, - oh i unter iis him but in
606 2803 3353 3034 eigall clefd uit gereutet hart.
3774 2982 6328 3206 or vintellen in een Wert bei in
592 2989 3080 3244 in een entreten werden.
3809 3122 6387 3423 sell jong Sullid... Hofidau?... he
589 3181 2887 3413 and bled we in Haltertells ye -
603 3371 3174 3581 plosent   ...   Je veut  -  But ents-
3830 3353 6461 3612 h- Die bist mit zum - als Weit
603 3640 3206 3840 nun seit es et plokut leid.
3882 3570 6349 3910 konist die dort nicht weil in Albrecht
6128 3731 6482 3945 re.
596 3760 2957 4019 daf. die mir un
