6936 4312
4675 224 6149 452 - in aller - was in F
2726 317 2968 497 "
6411 358 6706 564 E 3 2
2972 329 3293 605 216
3741 362 6583 750 lui ni ebe endlich seiner Schicksal: belassen
358 351 3084 762 Reine Meisten kann ging keine kroi-
3715 638 6657 896 wurd in abgegeben dort & daß sie ist du viecme
362 702 3263 911 veel je besitre -; - en famille et with; -
3708 777 6627 1124 combled telfe Ruent. - Frere mollt
325 933 3140 1206 eor er wurde droten, wohl mein selbst
3730 1057 6732 1333 ne sich in jeder Creise angelegen verlassen.
385 1128 3200 1415 Nachst gehalten. cilleit ihr nicht übrig
3719 1195 6672 1520 ehe geliebte sie isch in verstrecken sowolle
362 1337 2994 1568 est, ne veu bije... en peu fils a
3730 1378 6627 1695 oost bei alter (rechnetels) Schlesen u Einwecke
5660 1587 6023 1703 wil
325 1553 3133 1766 de Sheart j'offren - sind, in reçue
3711 1587 6639 1912 hinger, in the  in rin Leclines
377 1803 3125 2031 en paa fulden uprisder termpin
3730 1833 6620 2083 & bekennen) ; wollte  is in the tholighe
340 1994 3162 2233 die sie soviel Weiterhel in Ehewektrtt.
3827 2012 6523 2222 in algeweis mit Kerf. Overpi mede
3793 2199 6661 2468 gifustine. - She trt Ici telle wil liste
370 2199 3065 2479 Et pourl daf de alle war, we-
4159 2378 4757 2535 verlajet.
3760 2393 6564 2681 Gal durchgrubt; en twintich aus Cocileet
403 2423 3237 2688 verstellt seit.- ne stuor ita, daß sie
3764 2550 6527 2879 rechtfehlen. Een wenige Tage auf den
414 2651 3204 2905 will a tous nul leslge - and
3730 2763 6680 2983 torde du piedre tift; - der Bute; - du
411 2935 3028 3136 Wen erleichtert, at er vorgenomben
4040 2953 4708 3103 Kisbeite
3734 2968 6594 3200 a½ or toi peinlud i etmergls i 6.
452 3118 3174 3428 Natsersch alster und... sich sein
3700 3140 6482 3405 rejoyte, - une partie semble sce aif de
3771 3372 6680 3603 Stimmungen - neärchtaient en vulant
381 3368 3207 3659 fernte... Not fall in einiger in den
3764 3569 6482 3969 erfules, wie wünsche u diese lette
396 3625 3211 3980 Sadd Blen onbrige; - and in
