6712 4104
491 235 3166 574 And an Rild.
466 570 3119 787 Sorge, falls: - ich verliegt um, M. L.
462 805 3112 1072 (vit)..... Esberehrte Theres zonderbar,
444 978 3097 1245 dss Hr totlich fort, das beweft eines
1076 1173 3083 1310 seits eigelte Dallasten, Gletzelt'
440 1227 2942 1466 (a) was i in ceve innerl dacous
523 1357 2982 1639 Nayel. Velubel. - de Tortlalle,
538 1588 3025 1888 Revn & losier. Seabe le ctet.
393 1791 2978 2126 the Serg. til, it. Rieve delit in it in
1834 1993 2137 2094 is in
422 2058 2971 2278 on    egl. Ist heb Brief jr's dreib
487 2220 2841 2505 Brief dankte. Brie
397 2415 3105 2772 in je een hetge 1. 4 - sulch
426 2686 2946 3029 en Suf negen bill in
1657 2884 2404 3040 Nun in erst
444 2967 3119 3224 Orde belle... hollten drud
1986 3130 2274 3303 Nie,
386 3177 2848 3469 eopfald in iet terglid in
455 3430 3119 3758 Sterl, stol istige de W.asdt nach
3736 238 6494 578 sulichheile, die d blafier schallen heft
6188 173 6480 444 181
3675 401 6422 845 in The Erium vieblich:- ohwohl die
3628 675 6458 1061 Könne ich xyz durch sich durch wie auffall
4881 838 5278 975 a Sèle
3545 902 6447 1245 a    jeviée je n'en en
3852 975 4036 1123 Mr
4195 1047 5725 1245 secu, imol auf 2 copys nur
3581 1079 6274 1498 in sch lebevig Element de feult chef
3552 1296 6274 1621 ergestellt a. : - d Procembdurch seine
5949 1563 6216 1729 lin-
3574 1556 6310 1852 Ersicht aus Größentiropel d Balkes, wo
3534 1700 6169 1978 en eer Excilie in verschiedene Stadt da Her¬
3484 1949 6162 2159 Wohl du viebel till. - de (Schule) Ter
3494 2115 6361 2386 dine eine in leist in zentrichter ihre
3527 2307 6234 2556 I bezeichnet den it selben könnte; —
3541 2487 6180 2758 ne tien geretslod meintdut de
3567 2747 6253 2924 betrücken Ihnen heil. bebietetie; -di:
3592 2866 6068 3188 plein trinclin X dint ihr lösste
3538 3068 5967 3354 fortifte Oul, utodie wit de ne al
3523 3253 6227 3563 d Propr. de Collegie un Bnorfera
3494 3437 6198 3798 stile sprant, d in buist; - abe i we
