6888 4344
2861 240 3199 383 2csh
6322 314 6625 579 27
5489 390 6388 610 est très, et
3725 397 6263 763 elue juert lege. - Un merhrteflle;
397 561 634 739 -41
530 547 3025 878 Da wie wäre es sei - in den
3813 673 6531 1056 jelov; - Neier daff waer ja - inde
491 788 3018 1143 ne etwa cetoff tout; - scand
3823 913 6622 1209 wilt notg - Mot duer cnoll heur
1575 993 2056 1171 the stein.
502 1056 3067 1380 Alse enne ich nicht vorweis.
3997 1094 4471 1286 scouvrit
3809 1167 6322 1502 gut we in wil mais klein
645 1234 3025 1596 and thilele... hall it jemt
641 1471 2994 1840 will abgeletert was
3785 1436 6155 1746 lendt amgestattet; - ce jeul
3830 1655 6402 1966 Eure furend, die wenn Tey¬
676 1697 2948 2084 byubad - abe iitu der
795 1973 2920 2405 sevnt, uit tieflede
3938 1945 6465 2283 7 lebt wie en - ia nirellt
714 2213 2941 2593 ne je weis but it
3792 2203 6468 2572 telle je, - oos keux toutesleurs
700 2457 3147 2840 de I tounott u. Gericht.
3868 2568 6468 2816 Geschte. Ovil à une zu diese
728 2659 3143 3070 Nun; - welche ich Änge
3907 2722 6371 3119 gebört - ; un d. Alter, d
700 2913 3112 3332 to be so him in the
3868 2952 6322 3300 mutter Alt von nun or
1094 3210 1917 3468 entièrement
770 3220 3258 3628 w/ wollere but with Raghy
3851 3272 6165 3656 for. I don't to in une
2708 3495 2886 3583 wie
784 3516 3088 3861 lebens als liebe: zu un
4008 3544 6148 3907 Haffing i lett et tout
833 3739 3262 4084 dit i un in chez jours Verlei
