<?xml version="1.0" encoding="UTF-8" standalone="yes"?>
<PcGts xmlns="http://schema.primaresearch.org/PAGE/gts/pagecontent/2013-07-15" xmlns:xsi="http://www.w3.org/2001/XMLSchema-instance" xsi:schemaLocation="http://schema.primaresearch.org/PAGE/gts/pagecontent/2013-07-15 http://schema.primaresearch.org/PAGE/gts/pagecontent/2013-07-15/pagecontent.xsd">
    <Metadata>
        <Creator>prov=READ-COOP:name=TrHtr:version=2.1.0:model_id=51170:date=14_08_2023_19:12</Creator>
        <Created>2023-05-10T14:35:51.889+02:00</Created>
        <LastChange>2023-08-14T19:12:28.944+02:00</LastChange>
        <TranskribusMetadata docId="1428642" pageId="55422954" pageNr="117" tsid="132822326" status="IN_PROGRESS" userId="64420" imgUrl="https://files.transkribus.eu/Get?id=HTGPPPNNGHNDSKEACARQZDHX&amp;fileType=view" xmlUrl="https://files.transkribus.eu/Get?id=FMQVWEEOYRIRZDHFYMAHIZJS" imageId="44697033"/>
    </Metadata>
    <Page imageFilename="1428642_0117.jpg" imageWidth="6776" imageHeight="4200">
        <ReadingOrder>
            <OrderedGroup id="ro_1711816721941" caption="Regions reading order">
                <RegionRefIndexed index="0" regionRef="tr_1"/>
                <RegionRefIndexed index="1" regionRef="tr_2"/>
            </OrderedGroup>
        </ReadingOrder>
        <TextRegion id="tr_1" custom="readingOrder {index:0;}">
            <Coords points="244,361 3191,361 3191,3881 244,3881"/>
            <TextLine id="tr_1_tl_1" custom="readingOrder {index:0;}">
                <Coords points="355,463 431,427 460,431 489,460 572,431 630,445 684,431 691,268 644,261 612,279 557,279 427,257 362,275"/>
                <Baseline points="375,423 423,423 513,423 602,417 692,411"/>
                <TextEquiv>
                    <Unicode>1-1-22</Unicode>
                </TextEquiv>
            </TextLine>
            <TextLine id="tr_1_tl_2" custom="readingOrder {index:1;}">
                <Coords points="362,539 423,554 456,536 499,557 532,536 597,550 630,528 659,532 659,441 630,449 597,431 557,431 514,460 460,434 416,434 384,456 362,452"/>
                <Baseline points="381,530 399,530 489,525 578,525 668,525"/>
                <TextEquiv>
                    <Unicode>6 16</Unicode>
                </TextEquiv>
            </TextLine>
            <TextLine id="tr_1_tl_3" custom="readingOrder {index:2;}">
                <Coords points="261,706 669,669 941,778 1115,680 1448,753 1715,662 1853,764 2757,644 2794,565 1238,481 778,597 261,590"/>
                <Baseline points="280,668 298,668 387,674 477,668 566,668 656,668 745,656 835,650 924,650 1014,650 1103,650 1193,650 1282,644 1372,644 1461,650 1551,644 1640,644 1730,638 1819,638 1909,656 1998,650 2088,644 2177,632 2267,626 2356,620 2446,620 2535,614 2625,614 2714,614 2803,614"/>
                <TextEquiv>
                    <Unicode>wird in ein alte fleibige Smokis in</Unicode>
                </TextEquiv>
            </TextLine>
            <TextLine id="tr_1_tl_4" custom="readingOrder {index:3;}">
                <Coords points="322,966 1824,829 2323,901 2653,840 2768,916 2928,865 2935,724 1020,818 329,742"/>
                <Baseline points="346,888 435,882 525,876 614,871 703,871 793,865 882,865 972,859 1061,859 1151,859 1240,853 1330,847 1419,841 1509,835 1598,835 1688,829 1777,829 1867,823 1956,823 2046,817 2135,817 2225,811 2314,799 2404,805 2493,805 2583,805 2672,805 2762,805 2851,805 2941,805"/>
                <TextEquiv>
                    <Unicode>offre and will not jay weil</Unicode>
                </TextEquiv>
            </TextLine>
            <TextLine id="tr_1_tl_5" custom="readingOrder {index:4;}">
                <Coords points="326,1118 2016,1111 2435,1031 2837,1100 2841,973 2609,890 2443,995 1983,923 1885,999 1400,977 1104,890 637,1020 329,970"/>
                <Baseline points="346,1109 429,1103 519,1097 608,1097 698,1091 787,1091 876,1085 966,1085 1055,1079 1145,1079 1234,1073 1324,1079 1413,1079 1503,1073 1592,1067 1682,1067 1771,1061 1861,1061 1950,1055 2040,1055 2129,1044 2219,1038 2308,1032 2398,1026 2487,1032 2577,1026 2666,1026 2756,1032 2845,1038"/>
                <TextEquiv>
                    <Unicode>Hemstraße derfern; - in der</Unicode>
                </TextEquiv>
            </TextLine>
            <TextLine id="tr_1_tl_6" custom="readingOrder {index:5;}">
                <Coords points="286,1404 1411,1324 1654,1408 2396,1252 2631,1335 2899,1274 2906,1133 2171,1089 1372,1259 434,1205 290,1303"/>
                <Baseline points="304,1372 316,1366 405,1354 495,1354 584,1342 674,1342 763,1342 853,1336 942,1336 1032,1330 1121,1318 1211,1318 1300,1318 1390,1318 1479,1318 1569,1318 1658,1318 1748,1312 1837,1300 1926,1294 2016,1288 2105,1276 2195,1270 2284,1258 2374,1252 2463,1246 2553,1240 2642,1240 2732,1240 2821,1240 2911,1246"/>
                <TextEquiv>
                    <Unicode>(v) jordige Euch wieder</Unicode>
                </TextEquiv>
            </TextLine>
            <TextLine id="tr_1_tl_7" custom="readingOrder {index:6;}">
                <Coords points="282,1723 492,1610 1111,1556 1267,1628 1556,1545 2291,1527 2450,1628 2591,1516 2841,1563 2855,1292 2399,1400 2124,1299 1893,1444 1277,1382 865,1509 496,1419 293,1502"/>
                <Baseline points="304,1634 346,1628 435,1610 525,1598 614,1592 703,1586 793,1580 882,1569 972,1569 1061,1563 1151,1551 1240,1551 1330,1551 1419,1545 1509,1545 1598,1539 1688,1533 1777,1527 1867,1527 1956,1515 2046,1515 2135,1509 2225,1497 2314,1497 2404,1491 2493,1491 2583,1485 2672,1485 2762,1491 2851,1497"/>
                <TextEquiv>
                    <Unicode>forl to    Telle an</Unicode>
                </TextEquiv>
            </TextLine>
            <TextLine id="tr_1_tl_8" custom="readingOrder {index:7;}">
                <Coords points="279,1896 1259,1893 1867,1770 2841,1817 2859,1585 2359,1571 1936,1715 1643,1650 1093,1809 698,1697 286,1784"/>
                <Baseline points="298,1891 351,1885 441,1879 530,1873 620,1867 709,1861 799,1855 888,1849 978,1843 1067,1837 1157,1831 1246,1825 1336,1819 1425,1813 1515,1801 1604,1795 1694,1789 1783,1777 1873,1771 1962,1771 2052,1759 2141,1753 2231,1742 2320,1736 2410,1724 2499,1724 2589,1718 2678,1712 2768,1706 2857,1724"/>
                <TextEquiv>
                    <Unicode>vielen k kelt</Unicode>
                </TextEquiv>
            </TextLine>
            <TextLine id="tr_1_tl_9" custom="readingOrder {index:8;}">
                <Coords points="235,2121 2533,1940 3127,2023 3134,1918 2786,1780 1400,1979 1039,1885 239,2055"/>
                <Baseline points="256,2105 274,2105 363,2100 453,2100 542,2094 632,2094 721,2088 811,2082 900,2076 990,2064 1079,2052 1169,2040 1258,2034 1348,2028 1437,2022 1527,2016 1616,2004 1706,1998 1795,1998 1885,1986 1974,1980 2064,1974 2153,1968 2243,1962 2332,1950 2422,1944 2511,1944 2601,1938 2690,1938 2780,1944 2869,1950 2959,1950 3048,1956 3138,1974"/>
                <TextEquiv>
                    <Unicode>nich.  Er war imn. eine bestellung</Unicode>
                </TextEquiv>
            </TextLine>
            <TextLine id="tr_1_tl_10" custom="readingOrder {index:9;}">
                <Coords points="224,2352 1314,2356 1592,2236 1860,2305 2681,2258 2703,2019 2204,2121 1661,2084 1321,2204 1209,2142 1020,2244 239,2204"/>
                <Baseline points="244,2350 280,2350 369,2350 459,2344 548,2344 638,2338 727,2332 817,2326 906,2314 996,2302 1085,2290 1175,2284 1264,2273 1354,2267 1443,2261 1533,2249 1622,2231 1712,2225 1801,2219 1891,2213 1980,2207 2070,2201 2159,2195 2249,2189 2338,2177 2428,2183 2517,2177 2607,2171 2696,2177"/>
                <TextEquiv>
                    <Unicode>los.- in der Catiet. - Am</Unicode>
                </TextEquiv>
            </TextLine>
            <TextLine id="tr_1_tl_11" custom="readingOrder {index:10;}">
                <Coords points="311,2674 2993,2359 2037,2309 1086,2472 333,2443"/>
                <Baseline points="340,2601 405,2589 495,2589 584,2583 674,2577 763,2571 853,2559 942,2553 1032,2553 1121,2535 1211,2523 1300,2511 1390,2505 1479,2499 1569,2487 1658,2487 1748,2475 1837,2469 1926,2451 2016,2440 2105,2434 2195,2428 2284,2422 2374,2416 2463,2404 2553,2398 2642,2398 2732,2392 2821,2386 2911,2392 3000,2398"/>
                <TextEquiv>
                    <Unicode>Gewöhn. mehr gekauft wäre.</Unicode>
                </TextEquiv>
            </TextLine>
            <TextLine id="tr_1_tl_12" custom="readingOrder {index:11;}">
                <Coords points="300,2920 2233,2653 2692,2700 2710,2555 2482,2609 2182,2519 1929,2645 1574,2587 1064,2696 966,2624 597,2768 322,2747"/>
                <Baseline points="328,2887 387,2887 477,2881 566,2863 656,2833 745,2821 835,2803 924,2798 1014,2786 1103,2780 1193,2762 1282,2744 1372,2726 1461,2708 1551,2696 1640,2696 1730,2696 1819,2696 1909,2690 1998,2678 2088,2666 2177,2654 2267,2648 2356,2642 2446,2642 2535,2636 2625,2625 2714,2630"/>
                <TextEquiv>
                    <Unicode>Sie zweil in Wien, über seit</Unicode>
                </TextEquiv>
            </TextLine>
            <TextLine id="tr_1_tl_13" custom="readingOrder {index:12;}">
                <Coords points="308,3145 2826,2913 2833,2837 2276,2721 1824,2906 1013,2891 825,3000 525,2891 326,2967"/>
                <Baseline points="328,3126 334,3126 423,3108 513,3096 602,3084 692,3078 781,3066 871,3054 960,3042 1050,3036 1139,3024 1228,3012 1318,3006 1407,3000 1497,2988 1586,2988 1676,2982 1765,2982 1855,2971 1944,2959 2034,2947 2123,2935 2213,2923 2302,2905 2392,2899 2481,2893 2571,2893 2660,2881 2750,2881 2839,2887"/>
                <TextEquiv>
                    <Unicode>Mivet is - wie -</Unicode>
                </TextEquiv>
            </TextLine>
            <TextLine id="tr_1_tl_14" custom="readingOrder {index:13;}">
                <Coords points="376,3358 2776,3228 2881,3141 1158,3116 384,3271"/>
                <Baseline points="399,3346 471,3334 560,3328 650,3311 739,3311 829,3305 918,3299 1008,3287 1097,3281 1187,3281 1276,3275 1366,3269 1455,3263 1545,3263 1634,3257 1724,3251 1813,3245 1903,3245 1992,3233 2082,3215 2171,3209 2261,3197 2350,3197 2440,3191 2529,3191 2619,3191 2708,3197 2798,3197 2887,3197"/>
                <TextEquiv>
                    <Unicode>is de Verleitert nicht einen</Unicode>
                </TextEquiv>
            </TextLine>
            <TextLine id="tr_1_tl_15" custom="readingOrder {index:14;}">
                <Coords points="398,3655 1495,3521 3083,3575 3127,3365 2522,3264 1820,3467 1589,3358 1158,3463 409,3420"/>
                <Baseline points="423,3603 447,3603 536,3591 626,3591 715,3573 805,3561 894,3561 984,3555 1073,3549 1163,3549 1252,3543 1342,3537 1431,3525 1521,3519 1610,3507 1700,3507 1789,3501 1879,3496 1968,3484 2058,3484 2147,3484 2237,3472 2326,3472 2416,3466 2505,3466 2595,3472 2684,3478 2774,3478 2863,3484 2953,3484 3042,3496 3126,3513"/>
                <TextEquiv>
                    <Unicode>the valle but... - Valerled</Unicode>
                </TextEquiv>
            </TextLine>
            <TextLine id="tr_1_tl_16" custom="readingOrder {index:15;}">
                <Coords points="474,3897 3127,3818 3188,3612 2370,3738 1947,3644 1657,3716 481,3630"/>
                <Baseline points="495,3871 507,3871 596,3865 686,3859 775,3853 865,3848 954,3848 1044,3842 1133,3848 1223,3842 1312,3836 1401,3830 1491,3824 1580,3824 1670,3818 1759,3812 1849,3806 1938,3800 2028,3800 2117,3794 2207,3800 2296,3794 2386,3794 2475,3800 2565,3800 2654,3794 2744,3788 2833,3794 2923,3794 3012,3794 3102,3794 3191,3806"/>
                <TextEquiv>
                    <Unicode>bel in dtl. sest-ci... es rei-</Unicode>
                </TextEquiv>
            </TextLine>
        </TextRegion>
        <TextRegion id="tr_2" custom="readingOrder {index:1;}">
            <Coords points="3460,272 6473,272 6473,3571 3460,3571"/>
            <TextLine id="tr_2_tl_1" custom="readingOrder {index:0;}">
                <Coords points="6101,344 6148,333 6213,369 6231,358 6264,387 6279,380 6304,402 6329,391 6355,409 6391,376 6467,358 6452,185 6402,203 6373,192 6326,224 6279,188 6231,188 6199,224 6094,235"/>
                <Baseline points="6121,322 6210,328 6300,334 6389,340 6473,351"/>
                <TextEquiv>
                    <Unicode>1612</Unicode>
                </TextEquiv>
            </TextLine>
            <TextLine id="tr_2_tl_2" custom="readingOrder {index:1;}">
                <Coords points="3460,579 4697,601 5204,507 5689,579 5935,539 5938,391 5222,405 5005,326 4889,398 3463,438"/>
                <Baseline points="3478,554 3525,548 3615,542 3704,536 3794,536 3883,530 3973,525 4062,525 4152,525 4241,525 4331,519 4420,519 4510,513 4599,513 4689,507 4778,507 4868,501 4957,507 5047,501 5136,501 5226,507 5315,507 5405,513 5494,513 5584,519 5673,519 5763,525 5852,519 5942,525"/>
                <TextEquiv>
                    <Unicode>sehr entsichtsvoll werden.</Unicode>
                </TextEquiv>
            </TextLine>
            <TextLine id="tr_2_tl_3" custom="readingOrder {index:2;}">
                <Coords points="3445,832 4118,800 4408,948 5055,749 6054,803 6087,680 5540,561 4733,695 4241,583 3800,706 3449,630"/>
                <Baseline points="3466,787 3501,793 3591,787 3680,781 3770,775 3859,775 3949,769 4038,769 4128,769 4217,763 4307,763 4396,769 4486,763 4575,757 4665,757 4754,751 4844,751 4933,745 5023,745 5112,745 5202,745 5291,745 5381,745 5470,739 5560,739 5649,739 5739,745 5828,745 5918,745 6007,745 6097,763"/>
                <TextEquiv>
                    <Unicode>Es ist der ganz seit unbelegt.</Unicode>
                </TextEquiv>
            </TextLine>
            <TextLine id="tr_2_tl_4" custom="readingOrder {index:3;}">
                <Coords points="3441,1057 3847,1020 4162,1136 4418,1020 5819,1042 5928,1028 5928,879 5569,858 5399,948 5139,825 4842,941 4639,865 4404,952 4028,872 3441,926"/>
                <Baseline points="3460,1014 3519,1008 3609,1008 3698,1008 3788,1002 3877,1002 3967,1014 4056,1014 4146,1008 4235,1008 4325,1008 4414,1008 4504,1002 4593,1002 4683,1002 4772,1002 4862,996 4951,996 5041,996 5130,996 5220,996 5309,996 5399,996 5488,996 5578,996 5667,990 5757,990 5846,990 5936,996"/>
                <TextEquiv>
                    <Unicode>will jl wel abe. of it.</Unicode>
                </TextEquiv>
            </TextLine>
            <TextLine id="tr_2_tl_5" custom="readingOrder {index:4;}">
                <Coords points="3488,1314 5504,1332 5714,1230 5949,1281 6022,1176 5421,1082 4603,1086 4335,1194 3492,1122"/>
                <Baseline points="3507,1252 3519,1252 3609,1252 3698,1252 3788,1258 3877,1258 3967,1258 4056,1258 4146,1252 4235,1252 4325,1252 4414,1252 4504,1252 4593,1252 4683,1252 4772,1246 4862,1246 4951,1246 5041,1252 5130,1246 5220,1246 5309,1246 5399,1246 5488,1240 5578,1234 5667,1223 5757,1217 5846,1217 5936,1217 6025,1228"/>
                <TextEquiv>
                    <Unicode>butt wt toemple sur</Unicode>
                </TextEquiv>
            </TextLine>
            <TextLine id="tr_2_tl_6" custom="readingOrder {index:5;}">
                <Coords points="4382,1628 4719,1502 5012,1487 5519,1520 5620,1589 5819,1469 6174,1592 6333,1560 6336,1382 6018,1411 5721,1288 5269,1364 5178,1303 4386,1437"/>
                <Baseline points="4402,1527 4492,1509 4581,1503 4671,1497 4760,1491 4850,1491 4939,1491 5029,1485 5118,1479 5208,1485 5297,1497 5387,1491 5476,1485 5566,1479 5655,1473 5745,1461 5834,1467 5924,1473 6013,1479 6103,1491 6192,1497 6282,1509 6347,1527"/>
                <TextEquiv>
                    <Unicode>uf 2-3 tje paulu</Unicode>
                </TextEquiv>
            </TextLine>
            <TextLine id="tr_2_tl_7" custom="readingOrder {index:6;}">
                <Coords points="3528,1538 3619,1567 3839,1538 3966,1585 4053,1560 4172,1599 4310,1549 4310,1408 4169,1433 4086,1372 3944,1393 3861,1335 3677,1296 3528,1361"/>
                <Baseline points="3549,1521 3639,1521 3728,1515 3818,1521 3907,1521 3997,1521 4086,1515 4176,1515 4265,1509 4319,1521"/>
                <TextEquiv>
                    <Unicode>Mlots</Unicode>
                </TextEquiv>
            </TextLine>
            <TextLine id="tr_2_tl_8" custom="readingOrder {index:7;}">
                <Coords points="3554,1846 5797,1697 6279,1813 6336,1556 5121,1531 4802,1694 4661,1592 4093,1657 3858,1574 3557,1665"/>
                <Baseline points="3573,1801 3657,1771 3746,1759 3836,1759 3925,1765 4015,1759 4104,1759 4194,1753 4283,1753 4373,1748 4462,1748 4551,1748 4641,1748 4730,1742 4820,1736 4909,1724 4999,1724 5088,1730 5178,1724 5267,1724 5357,1718 5446,1718 5536,1712 5625,1706 5715,1706 5804,1694 5894,1694 5983,1706 6073,1712 6162,1724 6252,1730 6341,1748"/>
                <TextEquiv>
                    <Unicode>deb wisstl.  kost.- Seren</Unicode>
                </TextEquiv>
            </TextLine>
            <TextLine id="tr_2_tl_9" custom="readingOrder {index:8;}">
                <Coords points="3517,2106 4169,2023 4737,2095 5265,1983 6246,2077 6289,1896 5544,1770 5182,1954 4976,1846 4473,1961 4039,1867 3521,1940"/>
                <Baseline points="3537,2058 3615,2040 3704,2028 3794,2028 3883,2028 3973,2028 4062,2022 4152,2022 4241,2022 4331,2016 4420,2010 4510,2004 4599,2004 4689,2004 4778,1998 4868,1992 4957,1992 5047,1992 5136,1992 5226,1986 5315,1980 5405,1980 5494,1980 5584,1980 5673,1974 5763,1974 5852,1980 5942,1992 6031,2004 6121,2010 6210,2016 6300,2022"/>
                <TextEquiv>
                    <Unicode>alles in wenden et.....  bcolle ind</Unicode>
                </TextEquiv>
            </TextLine>
            <TextLine id="tr_2_tl_10" custom="readingOrder {index:9;}">
                <Coords points="3568,2273 4447,2349 4893,2244 5128,2312 5432,2229 6105,2262 6108,2092 5870,2063 4809,2066 4509,2160 4281,2092 4057,2215 3575,2113"/>
                <Baseline points="3591,2273 3609,2278 3698,2273 3788,2273 3877,2273 3967,2273 4056,2273 4146,2273 4235,2261 4325,2261 4414,2255 4504,2249 4593,2243 4683,2237 4772,2231 4862,2231 4951,2225 5041,2225 5130,2225 5220,2219 5309,2213 5399,2219 5488,2219 5578,2213 5667,2213 5757,2219 5846,2219 5936,2219 6025,2225 6115,2237"/>
                <TextEquiv>
                    <Unicode>in een hoogd Sart, die t d</Unicode>
                </TextEquiv>
            </TextLine>
            <TextLine id="tr_2_tl_11" custom="readingOrder {index:10;}">
                <Coords points="3543,2577 6192,2504 6228,2323 5587,2406 4827,2323 4295,2497 4042,2381 3550,2446"/>
                <Baseline points="3567,2535 3633,2529 3722,2523 3812,2523 3901,2523 3991,2523 4080,2523 4170,2517 4259,2523 4349,2523 4438,2523 4528,2517 4617,2511 4707,2493 4796,2487 4886,2487 4975,2487 5065,2487 5154,2487 5244,2487 5333,2487 5423,2487 5512,2481 5601,2469 5691,2469 5780,2463 5870,2457 5959,2457 6049,2451 6138,2451 6228,2451"/>
                <TextEquiv>
                    <Unicode>Schalen zu Nicola gestreibt</Unicode>
                </TextEquiv>
            </TextLine>
            <TextLine id="tr_2_tl_12" custom="readingOrder {index:11;}">
                <Coords points="5899,2598 5924,2602 5935,2591 5982,2620 6018,2598 6061,2631 6152,2627 6141,2493 6098,2497 6069,2479 6054,2490 6040,2482 6025,2497 6014,2493 6007,2508 5971,2497 5928,2526 5895,2519"/>
                <Baseline points="5918,2577 6007,2577 6097,2583 6156,2595"/>
                <TextEquiv>
                    <Unicode>de.</Unicode>
                </TextEquiv>
            </TextLine>
            <TextLine id="tr_2_tl_13" custom="readingOrder {index:12;}">
                <Coords points="3590,2808 6011,2765 6268,2739 6271,2566 6014,2642 5595,2504 5244,2656 4842,2580 3593,2714"/>
                <Baseline points="3609,2780 3680,2768 3770,2762 3859,2756 3949,2756 4038,2750 4128,2744 4217,2744 4307,2738 4396,2738 4486,2738 4575,2738 4665,2738 4754,2738 4844,2738 4933,2744 5023,2744 5112,2744 5202,2738 5291,2732 5381,2726 5470,2720 5560,2714 5649,2708 5739,2708 5828,2714 5918,2708 6007,2708 6097,2708 6186,2708 6276,2714"/>
                <TextEquiv>
                    <Unicode>with us a wolle; - i and - jel</Unicode>
                </TextEquiv>
            </TextLine>
            <TextLine id="tr_2_tl_14" custom="readingOrder {index:13;}">
                <Coords points="3572,3181 5247,2985 6152,3033 6224,2743 4433,2873 4248,2967 3583,2866"/>
                <Baseline points="3597,3066 3627,3066 3716,3060 3806,3054 3895,3048 3985,3042 4074,3036 4164,3036 4253,3024 4343,3018 4432,3018 4522,3012 4611,3012 4701,3000 4790,2988 4880,2994 4969,2988 5059,2988 5148,2988 5238,2982 5327,2982 5417,2976 5506,2971 5596,2965 5685,2965 5775,2965 5864,2959 5953,2959 6043,2959 6132,2959 6222,2971"/>
                <TextEquiv>
                    <Unicode>uld f g d. d zet fils</Unicode>
                </TextEquiv>
            </TextLine>
            <TextLine id="tr_2_tl_15" custom="readingOrder {index:14;}">
                <Coords points="3543,3373 5182,3242 6420,3308 6459,3112 5888,3004 5092,3177 3554,3166"/>
                <Baseline points="3567,3328 3597,3323 3686,3328 3776,3328 3865,3328 3955,3323 4044,3311 4134,3299 4223,3293 4313,3281 4402,3281 4492,3275 4581,3269 4671,3263 4760,3263 4850,3257 4939,3251 5029,3251 5118,3239 5208,3239 5297,3239 5387,3233 5476,3233 5566,3239 5655,3227 5745,3221 5834,3221 5924,3221 6013,3221 6103,3215 6192,3233 6282,3239 6371,3257 6461,3263"/>
                <TextEquiv>
                    <Unicode>de 1 bent in it and... abe...</Unicode>
                </TextEquiv>
            </TextLine>
            <TextLine id="tr_2_tl_16" custom="readingOrder {index:15;}">
                <Coords points="3579,3648 5439,3474 6047,3481 6166,3593 6257,3344 5624,3289 5175,3438 4809,3329 4636,3449 4375,3358 3590,3445"/>
                <Baseline points="3603,3561 3663,3555 3752,3561 3842,3561 3931,3561 4021,3561 4110,3561 4200,3555 4289,3549 4378,3543 4468,3543 4557,3537 4647,3531 4736,3525 4826,3525 4915,3519 5005,3513 5094,3501 5184,3496 5273,3484 5363,3478 5452,3472 5542,3472 5631,3466 5721,3466 5810,3460 5900,3466 5989,3472 6079,3484 6168,3490 6258,3507"/>
                <TextEquiv>
                    <Unicode>in Enbebemthe. Sall in m</Unicode>
                </TextEquiv>
            </TextLine>
        </TextRegion>
    </Page>
</PcGts>
