6872 4264
4902 73 6581 334 nno in de tout augu 672
6335 227 6673 455 6+0
3681 279 6493 561 Sie erzählte von den Sämmert (In
462 392 741 587 1669
543 451 3138 785 verlief w un ging at ungegnis
3633 539 6519 832 weg in den Lontdift, a neve Heil
392 686 3281 924 beste und der illich in woll ihr
2291 829 2808 1001 gecle auf
3648 752 6555 1067 du né parit tel gent, et ici)
473 942 3223 1269 geintule.  He lek gewillilheit.
3762 1008 6625 1214 Septemdes has stiftes Sie. Erbreibe is
451 1085 3278 1584 jouy ue in prat seit - in oost
5837 1100 6555 1364 Mr
3754 1137 5855 1415 reltion d... Sième en de
5837 1283 6152 1423 ak
3710 1346 6526 1661 at u de Lontitif. Hadt der ne just
433 1408 3076 1741 wch unterlich wir, bemerkt
3696 1569 6471 1848 winte i nd al i de bevnt
480 1650 3314 1991 incetile erreutil cinq bel -
4352 1734 6123 2009 way wil d. by
3677 1815 6629 2086 der he, zy a Schiff keu glant
458 1899 3384 2262 d Nemertn nicht, hatte nur Bild
5895 1980 6192 2134 Cary
3707 2057 6654 2379 nite deur cin - zwarhne on de Kinder
524 2130 3406 2559 nicht, den Torf befrs der Ent¬
3663 2262 6559 2673 du mond il theitut gelegen.-
491 2372 3153 2805 allerle Huret in der
3677 2511 6376 2786 und in Hinee, be gesch
517 2654 3391 3017 ersahlt. - même so tall we feel
3696 2731 6284 3058 tot. A ware dies will do
5877 2926 6255 3065 ipi
4572 2937 5180 3149 d Keht
3791 2948 3989 3113 d
594 2992 3358 3355 Stave,- und Wollsteinunterlich
3776 3014 6643 3322 evril hif Erlehnsgwaren
550 3226 3289 3549 with a, bemerter - dat ne
3747 3226 6401 3538 and in weine nlegst in
3839 3435 6409 3751 overl in die Miden zuerst.d eigent
568 3534 3270 3912 ... and weggenen se
2416 3875 2827 4026 " - "
