6712 4072
6202 268 6456 532 629
2710 289 3069 529 631
3594 374 6068 684 dass in je Westrachle jedenfalls she
303 405 2361 659 Sibenseben    Jahte m.  u
2435 465 2918 694 I am
1702 603 2696 800 gleich am verlaubung
3598 585 5976 814 Vete meve benste uwers... dre
250 705 2935 951 with us in which I
3492 786 5913 1047 Mondh waren bis dabei... No
250 874 2770 1159 [illegible]  -    See Heer - I
3527 976 5927 1247 <gap/> the A. W. wllle
250 1103 2692 1417 dees toges. The hirgheid at
3570 1265 6107 1469 dren 3 lernd weillut will
271 1367 2886 1674 alleuil icelme frs t et trom
3566 1462 5874 1705 andre gebevent habe. at the
296 1561 2960 1896 welbel nicht wieder; - wie i Sjuge
3605 1631 6163 1963 Tout d'Ermarb. Selten, un
254 1843 2918 2132 at he was in the je
3555 1913 5955 2213 dee hinng ln argerlites. J
226 2009 2963 2386 de letzt Wortes betr rerprst
3570 2135 5934 2371 be to we do  bekan... Wardier to
359 2333 2865 2675 geclue i.e. hoffe meille in
3474 2375 6057 2657 dre bnal couler in collin be
268 2572 2865 2897 anf. -ale u telle with
3559 2572 5941 2900 Jos ne -. Uur de Gewerfte
250 2833 3083 3221 2p her worauf.....  Sie quell
3570 2868 6001 3193 Arbeit, a ich kant welsch mit
3559 3133 5765 3397 in wilde fernk dare
381 3111 2435 3432 En Bref en pr Stilem
3619 3348 5786 3566 in weid we ne la
271 3333 2992 3637 but allerle fernste... not,
3647 3534 6135 3823 veil petit ceci jecris
352 3580 3009 3834 eice & Cils p wels... d¬
