<?xml version="1.0" encoding="UTF-8" standalone="yes"?>
<PcGts xmlns="http://schema.primaresearch.org/PAGE/gts/pagecontent/2013-07-15" xmlns:xsi="http://www.w3.org/2001/XMLSchema-instance" xsi:schemaLocation="http://schema.primaresearch.org/PAGE/gts/pagecontent/2013-07-15 http://schema.primaresearch.org/PAGE/gts/pagecontent/2013-07-15/pagecontent.xsd">
    <Metadata>
        <Creator>prov=READ-COOP:name=TrHtr:version=2.1.0:model_id=51170:date=14_08_2023_19:12</Creator>
        <Created>2023-05-10T14:35:51.003+02:00</Created>
        <LastChange>2023-08-14T19:12:27.168+02:00</LastChange>
        <TranskribusMetadata docId="1428642" pageId="55422906" pageNr="112" tsid="132822321" status="IN_PROGRESS" userId="64420" imgUrl="https://files.transkribus.eu/Get?id=FQQVSWXEXJTLVGFHDSLHBQLJ&amp;fileType=view" xmlUrl="https://files.transkribus.eu/Get?id=DVPIQPKYYFOYBTIUULJKFRNW" imageId="44696985"/>
    </Metadata>
    <Page imageFilename="1428642_0112.jpg" imageWidth="6744" imageHeight="4200">
        <ReadingOrder>
            <OrderedGroup id="ro_1711816700908" caption="Regions reading order">
                <RegionRefIndexed index="0" regionRef="tr_1"/>
            </OrderedGroup>
        </ReadingOrder>
        <TextRegion id="tr_1" custom="readingOrder {index:0;}">
            <Coords points="268,367 6461,367 6461,3828 268,3828"/>
            <TextLine id="tr_1_tl_1" custom="readingOrder {index:0;}">
                <Coords points="6163,470 6196,466 6242,430 6321,474 6343,459 6361,466 6386,445 6450,448 6440,244 6368,258 6357,273 6310,251 6264,265 6224,258 6214,269 6153,262"/>
                <Baseline points="6180,417 6270,417 6359,417 6449,435 6461,435"/>
                <TextEquiv>
                    <Unicode>6e1</Unicode>
                </TextEquiv>
            </TextLine>
            <TextLine id="tr_1_tl_2" custom="readingOrder {index:1;}">
                <Coords points="1306,542 1342,531 1413,585 1489,549 1564,545 1611,563 1607,387 1557,398 1528,377 1446,384 1381,366 1335,395 1309,391"/>
                <Baseline points="1330,447 1354,447 1443,441 1533,441 1622,435"/>
                <TextEquiv>
                    <Unicode>. 0 A</Unicode>
                </TextEquiv>
            </TextLine>
            <TextLine id="tr_1_tl_3" custom="readingOrder {index:2;}">
                <Coords points="3620,624 3910,488 6163,596 6156,405 5815,466 5417,330 4675,448 4409,341 3609,355"/>
                <Baseline points="3633,441 3722,441 3812,447 3901,447 3991,453 4080,459 4170,471 4259,483 4349,489 4438,489 4528,495 4617,495 4707,495 4796,501 4886,495 4975,495 5065,495 5154,501 5244,507 5333,501 5423,507 5512,513 5601,525 5691,525 5780,525 5870,525 5959,530 6049,536 6138,554 6168,554"/>
                <TextEquiv>
                    <Unicode>fort wer in eer toter w</Unicode>
                </TextEquiv>
            </TextLine>
            <TextLine id="tr_1_tl_4" custom="readingOrder {index:3;}">
                <Coords points="2988,506 3014,506 3028,484 3060,491 3071,477 3135,499 3175,474 3272,535 3300,535 3272,341 3204,334 3118,348 3060,323 3035,348 2963,341"/>
                <Baseline points="3000,465 3090,483 3179,495 3269,507 3305,513"/>
                <TextEquiv>
                    <Unicode>1652</Unicode>
                </TextEquiv>
            </TextLine>
            <TextLine id="tr_1_tl_5" custom="readingOrder {index:4;}">
                <Coords points="689,484 739,491 775,481 796,495 865,484 933,524 994,524 997,413 976,416 947,398 879,416 847,387 836,395 825,384 786,405 757,377 732,398 692,387"/>
                <Baseline points="709,477 733,471 823,477 912,465 1002,471"/>
                <TextEquiv>
                    <Unicode>0  1</Unicode>
                </TextEquiv>
            </TextLine>
            <TextLine id="tr_1_tl_6" custom="readingOrder {index:5;}">
                <Coords points="248,596 273,599 287,585 337,596 377,563 395,574 416,563 452,570 499,560 499,395 466,395 452,380 427,395 409,377 384,391 359,373 309,402 276,387 248,398"/>
                <Baseline points="268,489 357,489 447,489 507,489"/>
                <TextEquiv>
                    <Unicode>611</Unicode>
                </TextEquiv>
            </TextLine>
            <TextLine id="tr_1_tl_7" custom="readingOrder {index:6;}">
                <Coords points="280,868 707,732 3017,725 3161,700 3171,488 2561,592 2052,474 1622,657 843,527 495,689 287,628"/>
                <Baseline points="304,763 310,769 399,751 489,745 578,733 668,727 757,721 847,715 936,709 1026,709 1115,703 1205,703 1294,703 1384,703 1473,703 1563,703 1652,698 1742,698 1831,686 1921,686 2010,674 2100,662 2189,650 2278,650 2368,644 2457,644 2547,638 2636,644 2726,638 2815,638 2905,632 2994,632 3084,638 3173,650"/>
                <TextEquiv>
                    <Unicode>zu Blenste in die Ehe treu; und</Unicode>
                </TextEquiv>
            </TextLine>
            <TextLine id="tr_1_tl_8" custom="readingOrder {index:7;}">
                <Coords points="3623,732 6260,793 6257,707 5944,610 5715,682 4904,542 3756,545 3620,624"/>
                <Baseline points="3639,656 3728,656 3818,662 3907,662 3997,668 4086,674 4176,674 4265,680 4355,680 4444,686 4534,686 4623,692 4713,698 4802,698 4892,698 4981,703 5071,703 5160,703 5250,709 5339,709 5428,709 5518,709 5607,715 5697,721 5786,727 5876,733 5965,739 6055,751 6144,757 6234,769 6264,769"/>
                <TextEquiv>
                    <Unicode>V broude jong beronde mais, elle en</Unicode>
                </TextEquiv>
            </TextLine>
            <TextLine id="tr_1_tl_9" custom="readingOrder {index:8;}">
                <Coords points="3613,886 6318,1030 6314,926 5909,800 5475,868 5177,782 4933,857 4728,775 3609,800"/>
                <Baseline points="3627,847 3716,853 3806,865 3895,871 3985,871 4074,876 4164,882 4253,882 4343,882 4432,882 4522,876 4611,876 4701,882 4790,888 4880,894 4969,906 5059,906 5148,906 5238,900 5327,906 5417,912 5506,918 5596,924 5685,930 5775,930 5864,936 5953,942 6043,948 6132,954 6222,972 6311,990 6323,990"/>
                <TextEquiv>
                    <Unicode>allerte ertsch mich und die man</Unicode>
                </TextEquiv>
            </TextLine>
            <TextLine id="tr_1_tl_10" custom="readingOrder {index:9;}">
                <Coords points="251,1012 3031,908 3074,728 258,890"/>
                <Baseline points="274,990 304,984 393,990 483,984 572,984 662,978 751,972 841,966 930,960 1020,948 1109,942 1199,942 1288,936 1378,936 1467,936 1557,930 1646,918 1736,906 1825,906 1915,900 2004,900 2094,894 2183,894 2273,888 2362,876 2451,876 2541,882 2630,876 2720,871 2809,865 2899,865 2988,871 3078,876"/>
                <TextEquiv>
                    <Unicode>de un étude   ich</Unicode>
                </TextEquiv>
            </TextLine>
            <TextLine id="tr_1_tl_11" custom="readingOrder {index:10;}">
                <Coords points="3570,1091 6045,1141 6041,1044 5851,1069 5604,951 5335,1033 4520,929 4359,1015 3570,1019"/>
                <Baseline points="3591,1055 3680,1067 3770,1067 3859,1073 3949,1073 4038,1073 4128,1067 4217,1061 4307,1067 4396,1067 4486,1061 4575,1061 4665,1061 4754,1067 4844,1067 4933,1073 5023,1079 5112,1079 5202,1079 5291,1085 5381,1091 5470,1097 5560,1103 5649,1109 5739,1115 5828,1127 5918,1127 6007,1133 6049,1133"/>
                <TextEquiv>
                    <Unicode>nädte i che Ejurteil nehreten.</Unicode>
                </TextEquiv>
            </TextLine>
            <TextLine id="tr_1_tl_12" custom="readingOrder {index:11;}">
                <Coords points="330,1259 2436,1112 3067,1205 3107,965 2655,908 2084,1058 1126,1022 646,1144 466,1022 337,1062"/>
                <Baseline points="351,1199 423,1199 513,1199 602,1193 692,1193 781,1181 871,1175 960,1169 1050,1163 1139,1157 1228,1151 1318,1145 1407,1145 1497,1139 1586,1133 1676,1127 1765,1127 1855,1121 1944,1115 2034,1121 2123,1121 2213,1115 2302,1121 2392,1109 2481,1103 2571,1103 2660,1103 2750,1109 2839,1115 2929,1127 3018,1139 3108,1169"/>
                <TextEquiv>
                    <Unicode>me un vill depuis bestrefe.</Unicode>
                </TextEquiv>
            </TextLine>
            <TextLine id="tr_1_tl_13" custom="readingOrder {index:12;}">
                <Coords points="3631,1309 4291,1252 6070,1374 6063,1245 5973,1295 5718,1126 5561,1220 3796,1109 3623,1166"/>
                <Baseline points="3645,1234 3734,1240 3824,1246 3913,1252 4003,1246 4092,1252 4182,1246 4271,1246 4361,1246 4450,1246 4540,1246 4629,1252 4719,1252 4808,1258 4898,1264 4987,1270 5076,1276 5166,1282 5255,1282 5345,1288 5434,1288 5524,1294 5613,1300 5703,1306 5792,1318 5882,1330 5906,1324 5936,1342 6025,1342 6079,1348"/>
                <TextEquiv>
                    <Unicode>allerle veertrcte compte ind</Unicode>
                </TextEquiv>
            </TextLine>
            <TextLine id="tr_1_tl_14" custom="readingOrder {index:13;}">
                <Coords points="341,1503 2109,1349 2357,1439 2909,1410 2974,1220 2802,1180 2511,1299 2152,1216 1629,1356 1367,1227 689,1392 348,1370"/>
                <Baseline points="363,1443 381,1443 471,1437 560,1431 650,1431 739,1431 829,1425 918,1419 1008,1413 1097,1401 1187,1401 1276,1390 1366,1384 1455,1384 1545,1384 1634,1378 1724,1372 1813,1366 1903,1360 1992,1354 2082,1348 2171,1354 2261,1354 2350,1354 2440,1348 2529,1354 2619,1348 2708,1342 2798,1348 2887,1348 2976,1366"/>
                <TextEquiv>
                    <Unicode>soir - erwiderh - natu né du</Unicode>
                </TextEquiv>
            </TextLine>
            <TextLine id="tr_1_tl_15" custom="readingOrder {index:14;}">
                <Coords points="3631,1474 4847,1446 6149,1553 6145,1417 5966,1352 4922,1352 4786,1270 4179,1410 3623,1342"/>
                <Baseline points="3645,1407 3734,1419 3824,1425 3913,1431 4003,1437 4092,1443 4182,1443 4271,1443 4361,1443 4450,1437 4540,1437 4629,1443 4719,1443 4808,1443 4898,1449 4987,1455 5076,1455 5166,1461 5255,1461 5345,1467 5434,1467 5524,1473 5613,1479 5703,1479 5792,1485 5882,1491 5971,1497 6061,1503 6150,1527 6156,1527"/>
                <TextEquiv>
                    <Unicode>die wär uns Torvenstelle deut</Unicode>
                </TextEquiv>
            </TextLine>
            <TextLine id="tr_1_tl_16" custom="readingOrder {index:15;}">
                <Coords points="606,1557 746,1604 768,1604 807,1564 890,1589 929,1571 997,1578 997,1439 954,1449 915,1431 832,1460 775,1424 725,1460 671,1449 646,1471 606,1474"/>
                <Baseline points="626,1545 715,1545 805,1539 894,1545 984,1545 1008,1545"/>
                <TextEquiv>
                    <Unicode>debe</Unicode>
                </TextEquiv>
            </TextLine>
            <TextLine id="tr_1_tl_17" custom="readingOrder {index:16;}">
                <Coords points="326,1722 1080,1654 1360,1744 1661,1611 2066,1722 2838,1711 2988,1693 2999,1424 330,1589"/>
                <Baseline points="346,1694 405,1688 495,1676 584,1670 674,1670 763,1670 853,1664 942,1652 1032,1652 1121,1640 1211,1628 1300,1628 1390,1628 1479,1622 1569,1616 1658,1610 1748,1604 1837,1604 1926,1598 2016,1598 2105,1598 2195,1604 2284,1610 2374,1604 2463,1604 2553,1586 2642,1586 2732,1580 2821,1569 2911,1575 3000,1575"/>
                <TextEquiv>
                    <Unicode>envoirnt ne ceci toutes et de</Unicode>
                </TextEquiv>
            </TextLine>
            <TextLine id="tr_1_tl_18" custom="readingOrder {index:17;}">
                <Coords points="3562,1704 5665,1683 6414,1805 6407,1604 6264,1564 5582,1632 3555,1528"/>
                <Baseline points="3579,1622 3669,1628 3758,1640 3848,1646 3937,1652 4026,1658 4116,1664 4205,1670 4295,1664 4384,1664 4474,1664 4563,1664 4653,1670 4742,1670 4832,1670 4921,1670 5011,1676 5100,1676 5190,1676 5279,1676 5369,1676 5458,1676 5548,1676 5637,1676 5727,1676 5816,1688 5906,1700 5995,1712 6085,1718 6174,1742 6264,1753 6353,1771 6419,1777"/>
                <TextEquiv>
                    <Unicode>we  a  gewohn c.d. been hak i.vd.</Unicode>
                </TextEquiv>
            </TextLine>
            <TextLine id="tr_1_tl_19" custom="readingOrder {index:18;}">
                <Coords points="1492,1952 2038,1840 2260,1887 2465,1840 2576,1901 2848,1833 3064,1898 3064,1693 3021,1683 2852,1758 2253,1790 1833,1665 1496,1693"/>
                <Baseline points="1515,1837 1551,1831 1640,1837 1730,1819 1819,1813 1909,1819 1998,1825 2088,1831 2177,1831 2267,1831 2356,1831 2446,1825 2535,1825 2625,1831 2714,1831 2803,1819 2893,1813 2982,1813 3072,1825"/>
                <TextEquiv>
                    <Unicode>I am in</Unicode>
                </TextEquiv>
            </TextLine>
            <TextLine id="tr_1_tl_20" custom="readingOrder {index:19;}">
                <Coords points="3552,1891 6188,1948 6185,1826 5862,1873 5625,1776 4452,1740 4108,1848 3548,1751"/>
                <Baseline points="3573,1849 3663,1855 3752,1861 3842,1867 3931,1873 4021,1879 4110,1879 4200,1879 4289,1879 4378,1879 4468,1879 4557,1873 4647,1879 4736,1873 4826,1879 4915,1885 5005,1897 5094,1897 5184,1897 5273,1897 5363,1903 5452,1903 5542,1903 5631,1903 5721,1903 5810,1909 5900,1915 5989,1915 6079,1921 6168,1944 6198,1944"/>
                <TextEquiv>
                    <Unicode>sins die in eodheit erfert dienst an das rege</Unicode>
                </TextEquiv>
            </TextLine>
            <TextLine id="tr_1_tl_21" custom="readingOrder {index:20;}">
                <Coords points="441,1952 542,1984 617,1930 692,1948 764,1909 1274,1934 1363,1898 1370,1736 1109,1790 1062,1761 886,1830 822,1797 764,1840 567,1772 448,1819"/>
                <Baseline points="465,1938 477,1932 566,1926 656,1921 745,1915 835,1903 924,1903 1014,1897 1103,1897 1193,1897 1282,1897 1372,1897"/>
                <TextEquiv>
                    <Unicode>by part?</Unicode>
                </TextEquiv>
            </TextLine>
            <TextLine id="tr_1_tl_22" custom="readingOrder {index:21;}">
                <Coords points="5711,2063 5744,2056 5765,2034 5805,2059 5833,2041 5851,2056 5869,2052 5858,1916 5826,1912 5812,1923 5797,1912 5758,1926 5744,1919 5726,1937 5718,1930 5701,1934"/>
                <Baseline points="5727,2016 5816,2022 5870,2028"/>
                <TextEquiv>
                    <Unicode>in</Unicode>
                </TextEquiv>
            </TextLine>
            <TextLine id="tr_1_tl_23" custom="readingOrder {index:22;}">
                <Coords points="3588,2095 3778,2056 3993,2163 4222,2084 4517,2170 4936,2106 5227,2188 5428,2117 5973,2206 5970,2052 5492,1991 5245,2045 4549,1941 4072,2059 3874,1948 3584,1977"/>
                <Baseline points="3603,2046 3692,2052 3782,2058 3871,2064 3961,2076 4050,2082 4140,2082 4229,2082 4319,2082 4408,2082 4498,2082 4587,2082 4677,2082 4766,2088 4856,2088 4945,2094 5035,2100 5124,2105 5214,2105 5303,2111 5393,2111 5482,2111 5572,2117 5661,2117 5751,2123 5840,2129 5930,2153 5983,2159"/>
                <TextEquiv>
                    <Unicode>willeg mir sein Wohd offent wilt</Unicode>
                </TextEquiv>
            </TextLine>
            <TextLine id="tr_1_tl_24" custom="readingOrder {index:23;}">
                <Coords points="316,2213 1119,2213 1916,2056 3064,2181 3071,1948 2457,1977 2120,1873 1500,2009 839,1980 574,2127 323,2059"/>
                <Baseline points="340,2183 387,2177 477,2171 566,2171 656,2165 745,2159 835,2153 924,2147 1014,2141 1103,2135 1193,2123 1282,2111 1372,2100 1461,2088 1551,2076 1640,2052 1730,2046 1819,2046 1909,2046 1998,2046 2088,2046 2177,2052 2267,2052 2356,2058 2446,2064 2535,2064 2625,2064 2714,2076 2803,2082 2893,2082 2982,2082 3072,2088"/>
                <TextEquiv>
                    <Unicode>wieder sie dabei besser</Unicode>
                </TextEquiv>
            </TextLine>
            <TextLine id="tr_1_tl_25" custom="readingOrder {index:24;}">
                <Coords points="3530,2303 3953,2407 4825,2314 5668,2353 5894,2461 6170,2411 6163,2185 4337,2242 3523,2138"/>
                <Baseline points="3549,2302 3639,2296 3728,2296 3818,2296 3907,2302 3997,2308 4086,2308 4176,2308 4265,2308 4355,2308 4444,2302 4534,2302 4623,2296 4713,2296 4802,2296 4892,2302 4981,2308 5071,2314 5160,2320 5250,2326 5339,2332 5428,2332 5518,2338 5607,2344 5697,2344 5786,2350 5876,2356 5965,2362 6055,2374 6144,2380 6180,2392"/>
                <TextEquiv>
                    <Unicode>kla jemmh habe heraus buerlyk</Unicode>
                </TextEquiv>
            </TextLine>
            <TextLine id="tr_1_tl_26" custom="readingOrder {index:25;}">
                <Coords points="373,2422 678,2472 2192,2321 2852,2396 2917,2152 2178,2249 1596,2163 1259,2300 377,2335"/>
                <Baseline points="393,2410 411,2410 501,2404 590,2410 680,2404 769,2404 859,2398 948,2392 1038,2386 1127,2380 1217,2368 1306,2362 1396,2356 1485,2350 1575,2350 1664,2344 1753,2338 1843,2344 1932,2332 2022,2332 2111,2326 2201,2320 2290,2320 2380,2320 2469,2314 2559,2308 2648,2308 2738,2308 2827,2314 2917,2314"/>
                <TextEquiv>
                    <Unicode>it in to him as we</Unicode>
                </TextEquiv>
            </TextLine>
            <TextLine id="tr_1_tl_27" custom="readingOrder {index:26;}">
                <Coords points="3570,2651 4434,2518 6142,2648 6138,2547 5844,2429 5715,2483 5345,2350 4775,2440 4545,2328 4276,2490 3566,2497"/>
                <Baseline points="3585,2535 3675,2529 3764,2535 3853,2541 3943,2541 4032,2553 4056,2548 4056,2548 4152,2529 4241,2529 4331,2529 4420,2517 4510,2517 4599,2511 4689,2511 4778,2517 4868,2523 4957,2529 5047,2529 5136,2529 5226,2535 5315,2541 5405,2553 5494,2559 5584,2565 5673,2571 5763,2577 5852,2583 5942,2583 6031,2595 6121,2607 6150,2607"/>
                <TextEquiv>
                    <Unicode> Sevise w - (Meeb kind + nelem</Unicode>
                </TextEquiv>
            </TextLine>
            <TextLine id="tr_1_tl_28" custom="readingOrder {index:27;}">
                <Coords points="416,2712 718,2791 1033,2655 1510,2734 2088,2594 2831,2673 3085,2597 3092,2457 2723,2393 2099,2518 1593,2393 1119,2551 420,2605"/>
                <Baseline points="435,2690 501,2678 590,2672 680,2666 769,2660 859,2660 948,2654 1038,2648 1127,2636 1217,2625 1306,2613 1396,2601 1485,2607 1575,2607 1664,2595 1753,2589 1843,2583 1932,2583 2022,2577 2111,2577 2201,2571 2290,2571 2380,2565 2469,2571 2559,2565 2648,2559 2738,2559 2827,2559 2917,2565 3006,2571 3096,2583"/>
                <TextEquiv>
                    <Unicode>gleichtlich Auffor zu einen Malen</Unicode>
                </TextEquiv>
            </TextLine>
            <TextLine id="tr_1_tl_29" custom="readingOrder {index:28;}">
                <Coords points="4090,2637 4147,2662 4208,2648 4380,2734 4434,2716 4542,2737 4581,2709 4574,2576 4535,2594 4431,2558 4402,2579 4330,2561 4283,2583 4251,2561 4086,2594"/>
                <Baseline points="4110,2619 4200,2619 4289,2625 4378,2625 4468,2630 4557,2642 4587,2648"/>
                <TextEquiv>
                    <Unicode>einzug</Unicode>
                </TextEquiv>
            </TextLine>
            <TextLine id="tr_1_tl_30" custom="readingOrder {index:29;}">
                <Coords points="3562,2805 4276,2895 4692,2773 4940,2859 5331,2762 6145,2809 6142,2687 5876,2752 5209,2612 4840,2694 4649,2630 4484,2726 4061,2612 3559,2655"/>
                <Baseline points="3579,2750 3669,2750 3758,2756 3848,2762 3937,2762 4026,2762 4116,2762 4205,2756 4295,2756 4384,2750 4474,2750 4563,2744 4653,2744 4742,2744 4832,2750 4921,2750 5011,2750 5100,2750 5190,2756 5279,2756 5369,2762 5458,2768 5548,2768 5637,2774 5727,2780 5816,2786 5906,2786 5995,2792 6085,2803 6156,2815"/>
                <TextEquiv>
                    <Unicode>in he can be j fiter - We so</Unicode>
                </TextEquiv>
            </TextLine>
            <TextLine id="tr_1_tl_31" custom="readingOrder {index:30;}">
                <Coords points="355,2999 1987,2831 3103,2924 3143,2669 362,2744"/>
                <Baseline points="375,2959 459,2953 548,2935 638,2917 727,2911 817,2905 906,2899 996,2899 1085,2893 1175,2887 1264,2881 1354,2875 1443,2869 1533,2857 1622,2851 1712,2845 1801,2839 1891,2833 1980,2821 2070,2821 2159,2827 2249,2827 2338,2827 2428,2833 2517,2827 2607,2827 2696,2833 2786,2839 2875,2851 2965,2863 3054,2875 3144,2899"/>
                <TextEquiv>
                    <Unicode>beind, die sichs ved 5 Tages kein</Unicode>
                </TextEquiv>
            </TextLine>
            <TextLine id="tr_1_tl_32" custom="readingOrder {index:31;}">
                <Coords points="3573,3064 6178,3089 6174,2931 5998,2881 5449,2942 5058,2870 4567,2967 3570,2859"/>
                <Baseline points="3591,3030 3680,3024 3770,3018 3859,3012 3949,3012 4038,3012 4128,3012 4217,3006 4307,3012 4396,3012 4486,3006 4575,3012 4665,3018 4754,3012 4844,3018 4933,3024 5023,3024 5112,3030 5202,3024 5291,3024 5381,3018 5470,3024 5560,3024 5649,3024 5739,3036 5828,3036 5918,3042 6007,3042 6097,3042 6186,3048"/>
                <TextEquiv>
                    <Unicode>full House glasbe &amp; fable, Sepr</Unicode>
                </TextEquiv>
            </TextLine>
            <TextLine id="tr_1_tl_33" custom="readingOrder {index:32;}">
                <Coords points="398,3236 1478,3290 1876,3175 2084,3254 2716,3128 3128,3189 3132,3085 2859,2992 405,3067"/>
                <Baseline points="417,3221 453,3215 542,3203 632,3197 721,3191 811,3185 900,3185 990,3173 1079,3167 1169,3167 1258,3161 1348,3155 1437,3155 1527,3155 1616,3155 1706,3155 1795,3150 1885,3150 1974,3144 2064,3138 2153,3132 2243,3126 2332,3120 2422,3120 2511,3120 2601,3120 2690,3120 2780,3120 2869,3126 2959,3126 3048,3132 3138,3144"/>
                <TextEquiv>
                    <Unicode>Mit ein Abgarn wegen, weil wie</Unicode>
                </TextEquiv>
            </TextLine>
            <TextLine id="tr_1_tl_34" custom="readingOrder {index:33;}">
                <Coords points="5704,3193 5769,3171 5794,3189 5808,3175 5873,3200 5905,3189 5941,3218 5984,3193 6045,3204 6027,3060 5966,3085 5887,3074 5837,3100 5805,3085 5758,3107 5718,3089 5693,3100"/>
                <Baseline points="5715,3150 5804,3150 5894,3167 5983,3179 6049,3179"/>
                <TextEquiv>
                    <Unicode>nall</Unicode>
                </TextEquiv>
            </TextLine>
            <TextLine id="tr_1_tl_35" custom="readingOrder {index:34;}">
                <Coords points="3541,3257 3684,3329 4556,3247 4811,3329 5421,3275 6077,3351 6077,3207 5525,3100 4219,3186 3896,3071 3541,3150"/>
                <Baseline points="3561,3251 3651,3245 3740,3251 3830,3251 3919,3251 4009,3251 4098,3251 4188,3245 4277,3251 4367,3251 4456,3245 4546,3245 4635,3245 4725,3245 4814,3251 4903,3251 4993,3257 5082,3251 5172,3245 5261,3245 5351,3245 5440,3251 5530,3251 5619,3263 5709,3257 5798,3263 5888,3281 5977,3287 6067,3299 6085,3305"/>
                <TextEquiv>
                    <Unicode>er M. eigentlich 1 Kild mehr</Unicode>
                </TextEquiv>
            </TextLine>
            <TextLine id="tr_1_tl_36" custom="readingOrder {index:35;}">
                <Coords points="380,3505 1388,3394 1729,3476 2199,3383 2587,3419 2770,3365 2773,3232 1912,3315 1632,3218 1141,3336 818,3240 387,3329"/>
                <Baseline points="405,3454 447,3448 536,3442 626,3436 715,3424 805,3418 894,3418 984,3412 1073,3412 1163,3406 1252,3400 1342,3400 1431,3394 1521,3400 1610,3394 1700,3394 1789,3394 1879,3394 1968,3388 2058,3382 2147,3376 2237,3370 2326,3364 2416,3358 2505,3364 2595,3358 2684,3364 2774,3364"/>
                <TextEquiv>
                    <Unicode>de Vous a en Aupant tant il</Unicode>
                </TextEquiv>
            </TextLine>
            <TextLine id="tr_1_tl_37" custom="readingOrder {index:36;}">
                <Coords points="3527,3541 3656,3480 4553,3562 4811,3476 6016,3537 6013,3394 5797,3347 5044,3437 4520,3322 3523,3365"/>
                <Baseline points="3543,3472 3609,3472 3698,3472 3788,3478 3877,3472 3967,3478 4056,3478 4146,3472 4235,3472 4325,3466 4414,3466 4504,3466 4593,3466 4683,3466 4772,3466 4862,3478 4951,3484 5041,3484 5130,3490 5220,3490 5309,3490 5399,3496 5488,3501 5578,3507 5667,3513 5757,3519 5846,3525 5936,3537 6025,3543"/>
                <TextEquiv>
                    <Unicode>at d Turll diece hn vulon</Unicode>
                </TextEquiv>
            </TextLine>
            <TextLine id="tr_1_tl_38" custom="readingOrder {index:37;}">
                <Coords points="459,3796 1101,3684 1679,3756 3049,3695 3049,3573 2472,3480 2045,3616 1693,3631 1406,3498 1058,3616 926,3512 463,3577"/>
                <Baseline points="483,3716 554,3698 644,3692 733,3686 823,3680 912,3680 1002,3675 1091,3675 1181,3675 1270,3669 1360,3669 1449,3663 1539,3663 1628,3669 1718,3669 1807,3669 1897,3669 1986,3669 2076,3669 2165,3669 2255,3663 2344,3657 2434,3651 2523,3645 2613,3645 2702,3651 2792,3651 2881,3657 2971,3675 3060,3680"/>
                <TextEquiv>
                    <Unicode>of Erwe kon in</Unicode>
                </TextEquiv>
            </TextLine>
            <TextLine id="tr_1_tl_39" custom="readingOrder {index:38;}">
                <Coords points="3552,3699 3928,3785 4140,3724 6052,3828 6045,3681 5869,3634 4599,3681 3788,3501 3544,3570"/>
                <Baseline points="3573,3692 3663,3698 3752,3698 3842,3704 3931,3710 4021,3716 4110,3716 4200,3728 4289,3734 4378,3734 4468,3734 4557,3734 4647,3740 4736,3746 4826,3752 4915,3752 5005,3752 5094,3758 5184,3764 5273,3764 5363,3770 5452,3782 5542,3782 5631,3788 5721,3800 5810,3818 5900,3812 5989,3818 6055,3818"/>
                <TextEquiv>
                    <Unicode>I'm to hbte in dei ne weurte Jug</Unicode>
                </TextEquiv>
            </TextLine>
        </TextRegion>
    </Page>
</PcGts>
