6680 4232
2899 168 3100 379 1m
3550 175 6242 450 Oul de Cus aar Amerik njaagh
2928 354 3189 536 171-
3439 465 5920 697 Beun tart.. - to y ud he.....
343 465 2849 711 mill, ob de Regier, der ne voyeut
3786 626 6292 926 Wei idse hove  adt Fz trind -
207 686 2932 901 billeid we orte Avyst, daß der Junge
5112 790 5434 951 cret
3536 865 6199 1072 - esquillich wir in a fescheinte tep. al
272 851 3021 1055 che wie wieder in die Tage liege wur¬
3443 1065 6263 1355 Et ist hall and our R gel with gegang
522 1072 3028 1312 Wo wohust de der apill tragh ie
1226 1280 3024 1498 & H in leel de fiaile
3432 1308 6160 1584 aurez aujourd'hui en ceux avait en tous
358 1283 1162 1502 Elvi... Et
1072 1398 1748 1566 fehle w
3439 1469 6203 1734 wird, - de bal cent un Skitgelassen - nicht
272 1480 2771 1716 will, but heim tot, sagt ca... do.
3446 1655 6206 1934 I... And til wt ghar was with in bed wld
272 1691 2949 1966 stralle Joh se haut lu il me gia¬
3446 1855 6238 2131 betre, w we auf ci Schiff will, at en
261 1859 2999 2131 a but he is in the said
3450 2013 6271 2377 a fait vers l'aff est un sch cin, a tout
218 2074 3085 2360 komest... hie wvotr til
3482 2224 6106 2542 si weis M bine de gestorben
225 2295 2806 2578 Wie in qua; - dai kan hell ri
268 2435 3146 2774 pest, wia it in en i ugde brug. so built.
3500 2460 6246 2763 est lui avec devant un très, ce temps
307 2681 2953 2985 Et i ball a Mr.. Dont, etc...d.
3511 2742 6124 2964 est euil de Reis bepive... Seit
6364 2953 6474 3232 We
254 2914 2810 3235 de ighor ik vult be...
3511 2957 6349 3232 so hat die wieder da... fast er lange.
240 3082 2810 3450 Sullertet on 11 jany bort. Ch..
3732 3203 6231 3453 Ich ihm zu meisteler, wenn ich u wird
218 3418 2735 3686 wird en ja heimt hacht...d werk
3596 3439 5702 3689 vom tödige Sache..., nach nach¬
3865 3607 5738 3736 and in aister - so a -. Auch of hell; -
332 3636 2860 3879 2 llef lasse. de 1 get in wil he
3904 3739 5084 3857 not be a Bekannler. Mr
6042 3725 6346 3861 1st
3757 3729 5974 3907 200 fl (en 10o) - -  monsilite a pr oli hannt.
