<?xml version="1.0" encoding="UTF-8" standalone="yes"?>
<PcGts xmlns="http://schema.primaresearch.org/PAGE/gts/pagecontent/2013-07-15" xmlns:xsi="http://www.w3.org/2001/XMLSchema-instance" xsi:schemaLocation="http://schema.primaresearch.org/PAGE/gts/pagecontent/2013-07-15 http://schema.primaresearch.org/PAGE/gts/pagecontent/2013-07-15/pagecontent.xsd">
    <Metadata>
        <Creator>prov=READ-COOP:name=TrHtr:version=2.1.0:model_id=51170:date=14_08_2023_19:13</Creator>
        <Created>2023-05-10T14:36:15.223+02:00</Created>
        <LastChange>2023-08-14T19:13:09.091+02:00</LastChange>
        <TranskribusMetadata docId="1428642" pageId="55424080" pageNr="244" tsid="132822457" status="IN_PROGRESS" userId="64420" imgUrl="https://files.transkribus.eu/Get?id=AAAWVATEPTMVMSVZAEPXJMWK&amp;fileType=view" xmlUrl="https://files.transkribus.eu/Get?id=BCELTTWTVSKQRFCOHYOESDZK" imageId="44698158"/>
    </Metadata>
    <Page imageFilename="1428642_0244.jpg" imageWidth="6888" imageHeight="4408">
        <ReadingOrder>
            <OrderedGroup id="ro_1711817241585" caption="Regions reading order">
                <RegionRefIndexed index="0" regionRef="tr_1"/>
            </OrderedGroup>
        </ReadingOrder>
        <TextRegion id="tr_1" custom="readingOrder {index:0;}">
            <Coords points="376,248 6713,248 6713,3946 376,3946"/>
            <TextLine id="tr_1_tl_1" custom="readingOrder {index:0;}">
                <Coords points="3000,383 3030,379 3048,387 3066,368 3081,372 3096,357 3107,364 3122,353 3184,361 3173,202 3147,210 3133,202 3111,214 3100,202 3074,202 3063,214 3033,210 3030,217 2993,221"/>
                <Baseline points="3016,298 3105,298 3189,310"/>
                <TextEquiv>
                    <Unicode>2</Unicode>
                </TextEquiv>
            </TextLine>
            <TextLine id="tr_1_tl_2" custom="readingOrder {index:1;}">
                <Coords points="6398,512 6442,508 6494,468 6523,475 6538,464 6586,497 6593,486 6608,493 6634,464 6659,468 6678,449 6704,449 6696,306 6641,294 6623,309 6600,302 6582,320 6490,317 6442,350 6387,339"/>
                <Baseline points="6414,424 6504,430 6594,436 6683,441 6713,447"/>
                <TextEquiv>
                    <Unicode>761.</Unicode>
                </TextEquiv>
            </TextLine>
            <TextLine id="tr_1_tl_3" custom="readingOrder {index:2;}">
                <Coords points="2978,604 3015,611 3030,596 3059,615 3103,615 3144,593 3210,622 3243,604 3284,618 3324,604 3309,350 3265,364 3240,350 3173,364 3118,353 3107,372 3070,368 3048,390 3015,375 2967,383"/>
                <Baseline points="2992,489 3082,495 3171,507 3261,507 3326,501"/>
                <TextEquiv>
                    <Unicode>26 I</Unicode>
                </TextEquiv>
            </TextLine>
            <TextLine id="tr_1_tl_4" custom="readingOrder {index:3;}">
                <Coords points="3766,633 6634,629 6534,464 5735,375 5367,479 5084,324 3766,515"/>
                <Baseline points="3786,561 3876,561 3966,561 4055,561 4145,561 4234,561 4324,561 4413,555 4503,555 4593,549 4682,543 4772,543 4861,543 4951,543 5041,543 5130,549 5220,549 5309,549 5399,543 5489,537 5578,537 5668,537 5757,537 5847,531 5937,543 6026,543 6116,555 6205,561 6295,567 6385,567 6474,567 6564,573 6641,579"/>
                <TextEquiv>
                    <Unicode>I have but Sklafevder st to get in</Unicode>
                </TextEquiv>
            </TextLine>
            <TextLine id="tr_1_tl_5" custom="readingOrder {index:4;}">
                <Coords points="375,803 839,699 1196,766 1550,677 2279,744 2441,659 3008,666 3004,589 2610,453 1469,456 699,622 383,493"/>
                <Baseline points="394,686 418,686 507,686 597,686 686,686 776,692 866,692 955,692 1045,692 1134,692 1224,686 1314,686 1403,680 1493,668 1582,662 1672,657 1762,651 1851,651 1941,645 2030,639 2120,639 2209,633 2299,633 2389,633 2478,633 2568,639 2657,639 2747,645 2837,651 2926,657 3016,662"/>
                <TextEquiv>
                    <Unicode>elarivelle blanc. Colléz toujours</Unicode>
                </TextEquiv>
            </TextLine>
            <TextLine id="tr_1_tl_6" custom="readingOrder {index:5;}">
                <Coords points="3755,780 6593,858 6534,666 6262,725 5776,622 5599,714 4697,604 3990,718 3755,626"/>
                <Baseline points="3774,746 3864,746 3954,746 4043,752 4133,752 4222,764 4312,758 4402,764 4491,758 4581,764 4670,764 4760,764 4849,764 4939,764 5029,770 5118,770 5208,770 5297,764 5387,764 5477,770 5566,770 5656,764 5745,764 5835,764 5925,770 6014,770 6104,770 6193,776 6283,776 6373,782 6462,788 6552,794 6600,794"/>
                <TextEquiv>
                    <Unicode>is you in it. Beleel but, oh she is it.</Unicode>
                </TextEquiv>
            </TextLine>
            <TextLine id="tr_1_tl_7" custom="readingOrder {index:6;}">
                <Coords points="5676,887 5765,909 5835,872 5953,872 6063,913 6196,884 6229,913 6431,917 6424,828 6335,806 6188,854 6037,784 5993,821 5930,784 5908,806 5791,769 5669,799"/>
                <Baseline points="5692,860 5781,860 5871,866 5960,866 6050,872 6140,878 6229,878 6319,895 6408,901 6438,907"/>
                <TextEquiv>
                    <Unicode>salles si der</Unicode>
                </TextEquiv>
            </TextLine>
            <TextLine id="tr_1_tl_8" custom="readingOrder {index:7;}">
                <Coords points="409,983 2271,924 3232,1031 3232,821 409,791"/>
                <Baseline points="430,913 519,919 609,919 698,925 788,931 878,931 967,931 1057,925 1146,925 1236,925 1325,925 1415,919 1505,913 1594,907 1684,907 1773,907 1863,901 1953,895 2042,895 2132,907 2221,901 2311,901 2401,901 2490,907 2580,913 2669,919 2759,931 2849,937 2938,943 3028,949 3117,955 3207,943 3243,943"/>
                <TextEquiv>
                    <Unicode>will a 1/2 d trege tinfemnts</Unicode>
                </TextEquiv>
            </TextLine>
            <TextLine id="tr_1_tl_9" custom="readingOrder {index:8;}">
                <Coords points="3832,976 5345,1057 6034,990 6523,1079 6519,902 3832,858"/>
                <Baseline points="3852,961 3942,955 4031,961 4121,967 4210,967 4300,967 4390,967 4479,967 4569,973 4658,973 4748,973 4838,973 4927,985 5017,979 5106,979 5196,973 5286,979 5375,973 5465,973 5554,973 5644,973 5733,973 5823,967 5913,973 6002,973 6092,973 6181,979 6271,985 6361,991 6450,1003 6534,1009"/>
                <TextEquiv>
                    <Unicode>die Thea cheiit soll. og it geaveit</Unicode>
                </TextEquiv>
            </TextLine>
            <TextLine id="tr_1_tl_10" custom="readingOrder {index:9;}">
                <Coords points="390,1252 928,1193 1734,1333 2327,1163 3147,1255 3147,1108 2706,994 2165,1115 1623,998 1414,1145 1263,1042 1005,1145 390,1034"/>
                <Baseline points="412,1152 501,1152 591,1158 680,1164 770,1170 860,1176 949,1176 1039,1176 1128,1176 1218,1176 1308,1176 1397,1176 1487,1170 1576,1164 1666,1170 1756,1164 1845,1164 1935,1164 2024,1164 2114,1164 2204,1164 2293,1164 2383,1158 2472,1152 2562,1152 2651,1158 2741,1158 2831,1170 2920,1182 3010,1188 3099,1200 3153,1200"/>
                <TextEquiv>
                    <Unicode>lui e de Broglé son Civie</Unicode>
                </TextEquiv>
            </TextLine>
            <TextLine id="tr_1_tl_11" custom="readingOrder {index:10;}">
                <Coords points="3880,1200 5772,1299 6442,1222 6416,1079 4878,1104 4535,972 4314,1064 3880,1034"/>
                <Baseline points="3900,1182 3989,1176 4079,1176 4169,1182 4258,1176 4348,1176 4437,1176 4527,1176 4617,1176 4706,1176 4796,1182 4885,1176 4975,1176 5065,1176 5154,1176 5244,1176 5333,1176 5423,1170 5512,1176 5602,1182 5692,1176 5781,1176 5871,1170 5960,1170 6050,1164 6140,1158 6229,1164 6319,1170 6408,1176 6450,1182"/>
                <TextEquiv>
                    <Unicode>of ue et leur ci O2 fliste soll.</Unicode>
                </TextEquiv>
            </TextLine>
            <TextLine id="tr_1_tl_12" custom="readingOrder {index:11;}">
                <Coords points="2481,1325 2592,1318 2621,1296 2684,1303 2728,1325 2757,1307 2779,1311 2776,1171 2743,1174 2728,1189 2650,1174 2595,1207 2540,1178 2529,1189 2514,1178 2477,1182"/>
                <Baseline points="2502,1272 2592,1272 2681,1272 2771,1278 2789,1284"/>
                <TextEquiv>
                    <Unicode>ert</Unicode>
                </TextEquiv>
            </TextLine>
            <TextLine id="tr_1_tl_13" custom="readingOrder {index:12;}">
                <Coords points="3873,1447 5194,1369 5467,1458 6063,1410 6427,1550 6612,1509 6608,1255 5544,1340 5382,1252 4314,1233 3869,1325"/>
                <Baseline points="3888,1367 3977,1361 4067,1361 4157,1361 4246,1361 4336,1367 4425,1361 4515,1355 4605,1355 4694,1355 4784,1361 4873,1361 4963,1361 5053,1367 5142,1367 5232,1361 5321,1367 5411,1361 5501,1367 5590,1373 5680,1379 5769,1385 5859,1385 5949,1391 6038,1391 6128,1397 6217,1391 6307,1397 6396,1403 6486,1409 6576,1421 6617,1415"/>
                <TextEquiv>
                    <Unicode>kauft auf u. sol nicht erfach¬</Unicode>
                </TextEquiv>
            </TextLine>
            <TextLine id="tr_1_tl_14" custom="readingOrder {index:13;}">
                <Coords points="390,1513 803,1447 987,1557 1631,1406 1947,1502 2419,1425 3221,1509 3195,1314 2993,1377 1992,1255 1557,1344 1428,1259 387,1241"/>
                <Baseline points="412,1409 501,1409 591,1409 680,1409 770,1409 860,1409 949,1409 1039,1421 1128,1415 1218,1421 1308,1415 1397,1415 1487,1415 1576,1409 1666,1409 1756,1415 1845,1415 1935,1415 2024,1415 2114,1415 2204,1421 2293,1427 2383,1421 2472,1427 2562,1433 2651,1433 2741,1427 2831,1439 2920,1445 3010,1451 3099,1457 3189,1463 3225,1463"/>
                <TextEquiv>
                    <Unicode>Dessel getobd d tell in it we</Unicode>
                </TextEquiv>
            </TextLine>
            <TextLine id="tr_1_tl_15" custom="readingOrder {index:14;}">
                <Coords points="3773,1668 5614,1576 6641,1693 6523,1513 5827,1432 4660,1439 4303,1565 4105,1465 3773,1502"/>
                <Baseline points="3792,1618 3870,1606 3960,1600 4049,1600 4139,1600 4228,1600 4318,1594 4408,1582 4497,1588 4587,1582 4676,1576 4766,1570 4855,1570 4945,1576 5035,1570 5124,1570 5214,1558 5303,1564 5393,1558 5483,1558 5572,1558 5662,1570 5751,1576 5841,1576 5931,1576 6020,1576 6110,1582 6199,1588 6289,1594 6379,1600 6468,1606 6558,1606 6647,1612"/>
                <TextEquiv>
                    <Unicode>soll.... Mart aif. &amp; bort geleernt.</Unicode>
                </TextEquiv>
            </TextLine>
            <TextLine id="tr_1_tl_16" custom="readingOrder {index:15;}">
                <Coords points="357,1708 3228,1727 3228,1561 2905,1531 357,1542"/>
                <Baseline points="376,1672 465,1666 555,1666 645,1666 734,1666 824,1666 913,1672 1003,1666 1093,1660 1182,1660 1272,1660 1361,1654 1451,1648 1541,1648 1630,1648 1720,1648 1809,1648 1899,1654 1988,1654 2078,1648 2168,1648 2257,1648 2347,1654 2436,1654 2526,1654 2616,1654 2705,1666 2795,1666 2884,1672 2974,1672 3064,1678 3153,1678 3237,1678"/>
                <TextEquiv>
                    <Unicode>bekannt. - in ein klagliche klaglede</Unicode>
                </TextEquiv>
            </TextLine>
            <TextLine id="tr_1_tl_17" custom="readingOrder {index:16;}">
                <Coords points="3814,1807 6424,1819 6571,1796 6575,1697 5422,1616 4970,1741 3817,1708"/>
                <Baseline points="3834,1797 3894,1797 3983,1797 4073,1797 4163,1803 4252,1803 4342,1803 4431,1797 4521,1797 4611,1791 4700,1791 4790,1791 4879,1785 4969,1785 5059,1779 5148,1773 5238,1773 5327,1767 5417,1762 5507,1762 5596,1762 5686,1762 5775,1762 5865,1762 5954,1756 6044,1756 6134,1756 6223,1756 6313,1762 6402,1767 6492,1773 6582,1785"/>
                <TextEquiv>
                    <Unicode>fier uit de Guillitteil.</Unicode>
                </TextEquiv>
            </TextLine>
            <TextLine id="tr_1_tl_18" custom="readingOrder {index:17;}">
                <Coords points="405,1955 788,2036 1495,1911 3258,1951 3122,1833 2334,1767 405,1852"/>
                <Baseline points="424,1923 513,1935 603,1935 692,1935 782,1929 872,1929 961,1917 1051,1917 1140,1917 1230,1911 1320,1905 1409,1905 1499,1905 1588,1899 1678,1905 1767,1899 1857,1905 1947,1905 2036,1905 2126,1911 2215,1905 2305,1905 2395,1899 2484,1905 2574,1899 2663,1899 2753,1899 2843,1899 2932,1911 3022,1911 3111,1923 3201,1929 3267,1929"/>
                <TextEquiv>
                    <Unicode>2. Ist erzeich zutragen bevielen, - ein</Unicode>
                </TextEquiv>
            </TextLine>
            <TextLine id="tr_1_tl_19" custom="readingOrder {index:18;}">
                <Coords points="3751,2036 4977,2091 5422,1984 6483,2003 6523,1870 5820,1918 5393,1789 4513,1969 3755,1907"/>
                <Baseline points="3774,2012 3840,2012 3930,2012 4019,2012 4109,2012 4198,2012 4288,2012 4378,2018 4467,2018 4557,2012 4646,2012 4736,2012 4826,2006 4915,2006 5005,2006 5094,2000 5184,1994 5274,1988 5363,1983 5453,1977 5542,1977 5632,1971 5722,1965 5811,1965 5901,1965 5990,1959 6080,1959 6170,1959 6259,1959 6349,1953 6438,1959 6528,1965"/>
                <TextEquiv>
                    <Unicode>Und ein auf wen sich bewehr. Ich</Unicode>
                </TextEquiv>
            </TextLine>
            <TextLine id="tr_1_tl_20" custom="readingOrder {index:19;}">
                <Coords points="909,2047 1207,2036 1288,2095 1392,2032 1484,2065 1642,2021 1981,2047 1981,1944 1830,1981 1693,1925 1583,1955 1531,1925 1355,1995 1226,1922 1126,1914 1001,1969 909,1944"/>
                <Baseline points="931,2036 1003,2036 1093,2030 1182,2024 1272,2024 1361,2018 1451,2018 1541,2018 1630,2018 1720,2024 1809,2024 1899,2018 1988,2018"/>
                <TextEquiv>
                    <Unicode>with - h</Unicode>
                </TextEquiv>
            </TextLine>
            <TextLine id="tr_1_tl_21" custom="readingOrder {index:20;}">
                <Coords points="5209,2087 5238,2087 5312,2142 5375,2102 5467,2142 5515,2109 5555,2135 5632,2124 5636,2021 5596,2021 5570,1992 5511,2003 5467,2032 5426,2021 5400,2036 5371,2021 5323,2047 5213,2010"/>
                <Baseline points="5232,2078 5286,2084 5375,2084 5465,2084 5554,2078 5644,2072"/>
                <TextEquiv>
                    <Unicode>ayant</Unicode>
                </TextEquiv>
            </TextLine>
            <TextLine id="tr_1_tl_22" custom="readingOrder {index:21;}">
                <Coords points="361,2223 2555,2128 2709,2223 2860,2120 3133,2154 3136,2080 2319,1981 2010,2073 364,2069"/>
                <Baseline points="382,2174 453,2186 543,2186 633,2192 722,2192 812,2186 901,2180 991,2180 1081,2174 1170,2168 1260,2162 1349,2162 1439,2162 1529,2162 1618,2162 1708,2150 1797,2150 1887,2144 1977,2144 2066,2132 2156,2126 2245,2126 2335,2120 2424,2120 2514,2114 2604,2114 2693,2114 2783,2114 2872,2120 2962,2126 3052,2126 3141,2132"/>
                <TextEquiv>
                    <Unicode>kundt,</Unicode>
                </TextEquiv>
            </TextLine>
            <TextLine id="tr_1_tl_23" custom="readingOrder {index:22;}">
                <Coords points="3748,2341 4049,2396 4303,2249 4565,2323 5500,2201 6472,2238 6472,2150 5805,2025 5570,2139 5025,2065 3751,2190"/>
                <Baseline points="3768,2257 3792,2257 3882,2251 3971,2251 4061,2245 4151,2245 4240,2245 4330,2245 4419,2245 4509,2233 4599,2227 4688,2221 4778,2215 4867,2209 4957,2209 5047,2209 5136,2209 5226,2209 5315,2204 5405,2198 5495,2198 5584,2198 5674,2198 5763,2192 5853,2192 5943,2192 6032,2186 6122,2192 6211,2192 6301,2198 6391,2204 6480,2198"/>
                <TextEquiv>
                    <Unicode>as for us that that in t'inweker -</Unicode>
                </TextEquiv>
            </TextLine>
            <TextLine id="tr_1_tl_24" custom="readingOrder {index:23;}">
                <Coords points="4962,2400 5132,2341 5220,2378 5257,2352 5441,2330 5540,2360 5640,2349 5643,2231 5544,2227 5511,2253 5459,2223 5319,2297 5110,2235 4966,2253"/>
                <Baseline points="4981,2323 5070,2335 5160,2341 5250,2335 5339,2335 5429,2329 5518,2323 5608,2329 5650,2335"/>
                <TextEquiv>
                    <Unicode>due not.</Unicode>
                </TextEquiv>
            </TextLine>
            <TextLine id="tr_1_tl_25" custom="readingOrder {index:24;}">
                <Coords points="387,2430 2588,2349 3254,2452 3302,2304 1712,2319 1384,2231 390,2312"/>
                <Baseline points="406,2395 441,2407 531,2407 621,2407 710,2407 800,2407 889,2401 979,2395 1069,2395 1158,2389 1248,2383 1337,2383 1427,2383 1517,2377 1606,2371 1696,2371 1785,2371 1875,2371 1965,2365 2054,2365 2144,2365 2233,2359 2323,2359 2413,2347 2502,2347 2592,2347 2681,2353 2771,2353 2861,2353 2950,2353 3040,2365 3129,2371 3219,2371 3308,2371"/>
                <TextEquiv>
                    <Unicode>der durch Sch. geschen a, geheimelt.</Unicode>
                </TextEquiv>
            </TextLine>
            <TextLine id="tr_1_tl_26" custom="readingOrder {index:25;}">
                <Coords points="2396,2477 2415,2477 2430,2459 2466,2466 2507,2448 2536,2463 2562,2448 2603,2463 2647,2463 2643,2360 2588,2352 2562,2378 2547,2367 2503,2367 2481,2382 2466,2371 2415,2408 2389,2404"/>
                <Baseline points="2413,2430 2502,2424 2592,2436 2657,2448"/>
                <TextEquiv>
                    <Unicode>be</Unicode>
                </TextEquiv>
            </TextLine>
            <TextLine id="tr_1_tl_27" custom="readingOrder {index:26;}">
                <Coords points="3795,2492 4465,2547 4653,2459 5235,2547 5430,2448 6299,2500 6387,2382 3795,2408"/>
                <Baseline points="3816,2460 3888,2466 3977,2466 4067,2466 4157,2466 4246,2460 4336,2460 4425,2466 4515,2460 4605,2454 4694,2454 4784,2454 4873,2454 4963,2454 5053,2454 5142,2454 5232,2454 5321,2454 5411,2448 5501,2448 5590,2448 5680,2448 5769,2448 5859,2442 5949,2436 6038,2436 6128,2436 6217,2436 6307,2436 6396,2442"/>
                <TextEquiv>
                    <Unicode>nen - die sich unverstliche nur ein</Unicode>
                </TextEquiv>
            </TextLine>
            <TextLine id="tr_1_tl_28" custom="readingOrder {index:27;}">
                <Coords points="379,2691 2017,2573 3306,2643 3339,2459 383,2533"/>
                <Baseline points="400,2651 477,2651 567,2651 657,2645 746,2640 836,2634 925,2634 1015,2628 1104,2616 1194,2616 1284,2616 1373,2610 1463,2610 1552,2598 1642,2598 1732,2592 1821,2574 1911,2562 2000,2562 2090,2568 2180,2574 2269,2568 2359,2568 2448,2568 2538,2568 2628,2568 2717,2562 2807,2568 2896,2562 2986,2568 3076,2568 3165,2574 3255,2580 3344,2592"/>
                <TextEquiv>
                    <Unicode>No ein Tg will ont de andes</Unicode>
                </TextEquiv>
            </TextLine>
            <TextLine id="tr_1_tl_29" custom="readingOrder {index:28;}">
                <Coords points="3806,2702 4914,2787 5364,2684 6214,2717 6490,2680 6494,2606 5724,2522 5518,2628 3810,2614"/>
                <Baseline points="3828,2699 3900,2693 3989,2699 4079,2699 4169,2699 4258,2705 4348,2699 4437,2699 4527,2699 4617,2699 4706,2699 4796,2693 4885,2693 4975,2693 5065,2693 5154,2693 5244,2693 5333,2687 5423,2681 5512,2675 5602,2663 5692,2657 5781,2657 5871,2657 5960,2651 6050,2651 6140,2651 6229,2651 6319,2651 6408,2657 6498,2657"/>
                <TextEquiv>
                    <Unicode>Ende nicht wußt... Er nicht in</Unicode>
                </TextEquiv>
            </TextLine>
            <TextLine id="tr_1_tl_30" custom="readingOrder {index:29;}">
                <Coords points="416,2952 1594,2824 3195,2893 3280,2731 836,2680 420,2768"/>
                <Baseline points="441,2878 507,2890 597,2890 686,2878 776,2872 866,2866 955,2861 1045,2849 1134,2849 1224,2843 1314,2837 1403,2831 1493,2831 1582,2825 1672,2825 1762,2825 1851,2825 1941,2825 2030,2819 2120,2825 2209,2819 2299,2813 2389,2813 2478,2807 2568,2813 2657,2807 2747,2813 2837,2813 2926,2813 3016,2819 3105,2825 3195,2831 3285,2843"/>
                <TextEquiv>
                    <Unicode>Wortl. da. - wie wir nach</Unicode>
                </TextEquiv>
            </TextLine>
            <TextLine id="tr_1_tl_31" custom="readingOrder {index:30;}">
                <Coords points="3788,3041 6291,2971 6531,2934 6534,2805 5750,2772 5544,2871 5253,2761 5099,2857 3792,2794"/>
                <Baseline points="3810,2932 3852,2938 3942,2932 4031,2932 4121,2932 4210,2932 4300,2926 4390,2926 4479,2932 4569,2932 4658,2926 4748,2920 4838,2920 4927,2920 5017,2926 5106,2926 5196,2932 5286,2926 5375,2920 5465,2920 5554,2920 5644,2920 5733,2914 5823,2914 5913,2920 6002,2920 6092,2920 6181,2920 6271,2914 6361,2908 6450,2902 6540,2908"/>
                <TextEquiv>
                    <Unicode>for uulle jugesulles. In to  will</Unicode>
                </TextEquiv>
            </TextLine>
            <TextLine id="tr_1_tl_32" custom="readingOrder {index:31;}">
                <Coords points="468,3155 814,3107 990,3210 1565,3066 1767,3195 1988,3092 2415,3162 2768,3078 3170,3195 3173,2967 2982,2927 2584,3033 1296,2849 961,2971 471,2930"/>
                <Baseline points="489,3087 573,3099 662,3099 752,3099 842,3105 931,3099 1021,3087 1110,3082 1200,3082 1290,3076 1379,3076 1469,3064 1558,3070 1648,3070 1738,3064 1827,3070 1917,3064 2006,3076 2096,3076 2186,3082 2275,3082 2365,3076 2454,3076 2544,3076 2634,3076 2723,3076 2813,3076 2902,3076 2992,3076 3082,3082 3171,3093 3177,3093"/>
                <TextEquiv>
                    <Unicode>leibe fest kauf gehabt, - in weit</Unicode>
                </TextEquiv>
            </TextLine>
            <TextLine id="tr_1_tl_33" custom="readingOrder {index:32;}">
                <Coords points="3821,3188 4679,3125 5411,3177 5559,3114 5691,3181 6137,3140 6137,3063 5754,2949 5489,3044 5319,2967 4745,3066 4454,2989 3821,3100"/>
                <Baseline points="3840,3165 3906,3147 3995,3135 4085,3135 4175,3135 4264,3129 4354,3129 4443,3123 4533,3123 4623,3123 4712,3123 4802,3123 4891,3123 4981,3129 5070,3129 5160,3129 5250,3129 5339,3123 5429,3117 5518,3117 5608,3111 5698,3117 5787,3117 5877,3123 5966,3123 6056,3123 6146,3135"/>
                <TextEquiv>
                    <Unicode>Ihr. den nach wenigst der</Unicode>
                </TextEquiv>
            </TextLine>
            <TextLine id="tr_1_tl_34" custom="readingOrder {index:33;}">
                <Coords points="361,3475 618,3365 1509,3413 1749,3317 3181,3383 3221,3206 1631,3247 1237,3155 957,3265 364,3188"/>
                <Baseline points="382,3368 447,3368 537,3362 627,3356 716,3350 806,3350 895,3344 985,3344 1075,3338 1164,3326 1254,3320 1343,3314 1433,3308 1523,3308 1612,3308 1702,3308 1791,3308 1881,3308 1971,3308 2060,3308 2150,3308 2239,3308 2329,3314 2419,3308 2508,3308 2598,3314 2687,3314 2777,3320 2866,3320 2956,3326 3046,3326 3135,3326 3225,3326"/>
                <TextEquiv>
                    <Unicode>soll in aller zuver. seit mit von</Unicode>
                </TextEquiv>
            </TextLine>
            <TextLine id="tr_1_tl_35" custom="readingOrder {index:34;}">
                <Coords points="3806,3416 6435,3394 6435,3159 5489,3133 5157,3284 4473,3306 4035,3166 3806,3258"/>
                <Baseline points="3828,3356 3918,3356 4007,3356 4097,3356 4187,3356 4276,3356 4366,3350 4455,3350 4545,3350 4634,3350 4724,3350 4814,3350 4903,3356 4993,3350 5082,3356 5172,3356 5262,3350 5351,3338 5441,3338 5530,3338 5620,3332 5710,3338 5799,3332 5889,3338 5978,3338 6068,3338 6158,3344 6247,3344 6337,3350 6426,3356 6444,3356"/>
                <TextEquiv>
                    <Unicode>I am in so an tum untellt</Unicode>
                </TextEquiv>
            </TextLine>
            <TextLine id="tr_1_tl_36" custom="readingOrder {index:35;}">
                <Coords points="3873,3615 5404,3556 6586,3659 6615,3530 5246,3354 4498,3501 3869,3409"/>
                <Baseline points="3894,3565 3983,3565 4073,3565 4163,3565 4252,3553 4342,3553 4431,3547 4521,3547 4611,3547 4700,3547 4790,3547 4879,3547 4969,3547 5059,3553 5148,3553 5238,3553 5327,3553 5417,3553 5507,3559 5596,3559 5686,3565 5775,3571 5865,3571 5954,3571 6044,3583 6134,3589 6223,3595 6313,3601 6402,3607 6492,3613 6582,3619 6623,3625"/>
                <TextEquiv>
                    <Unicode>I dont I don't do tell my first.</Unicode>
                </TextEquiv>
            </TextLine>
            <TextLine id="tr_1_tl_37" custom="readingOrder {index:36;}">
                <Coords points="398,3648 2702,3586 2952,3729 3320,3655 3317,3490 641,3405 394,3501"/>
                <Baseline points="418,3595 507,3595 597,3589 686,3583 776,3583 866,3583 955,3577 1045,3577 1134,3577 1224,3571 1314,3565 1403,3565 1493,3565 1582,3565 1672,3565 1762,3559 1851,3565 1941,3565 2030,3571 2120,3577 2209,3577 2299,3583 2389,3583 2478,3583 2568,3583 2657,3577 2747,3583 2837,3589 2926,3595 3016,3601 3105,3607 3195,3607 3285,3613 3326,3613"/>
                <TextEquiv>
                    <Unicode>bales - wie es je eben dergleich</Unicode>
                </TextEquiv>
            </TextLine>
            <TextLine id="tr_1_tl_38" custom="readingOrder {index:37;}">
                <Coords points="652,3869 1962,3806 2452,3976 3210,3932 3203,3770 2695,3799 2209,3641 644,3689"/>
                <Baseline points="668,3792 758,3804 848,3810 937,3810 1027,3810 1116,3804 1206,3798 1296,3804 1385,3810 1475,3804 1564,3804 1654,3804 1744,3798 1833,3798 1923,3798 2012,3798 2102,3810 2192,3810 2281,3816 2371,3816 2460,3822 2550,3840 2640,3852 2729,3870 2819,3882 2908,3888 2998,3906 3087,3918 3177,3924 3219,3936"/>
                <TextEquiv>
                    <Unicode>Ihr zu leitärt in i.m.</Unicode>
                </TextEquiv>
            </TextLine>
            <TextLine id="tr_1_tl_39" custom="readingOrder {index:38;}">
                <Coords points="3825,3884 5360,3806 6531,3928 6523,3766 5283,3707 5176,3781 4778,3626 4384,3751 4053,3593 3817,3615"/>
                <Baseline points="3840,3798 3930,3798 4019,3804 4109,3804 4198,3804 4288,3804 4378,3804 4467,3798 4557,3792 4646,3792 4736,3792 4826,3792 4915,3792 5005,3792 5094,3798 5184,3804 5274,3810 5363,3810 5453,3810 5542,3822 5632,3828 5722,3828 5811,3834 5901,3840 5990,3846 6080,3852 6170,3864 6259,3870 6349,3876 6438,3888 6528,3906 6540,3906"/>
                <TextEquiv>
                    <Unicode>J. A. c. in Decoyay, une c'est se servi</Unicode>
                </TextEquiv>
            </TextLine>
        </TextRegion>
    </Page>
</PcGts>
