6920 4344
6399 136 6722 368 220
3755 213 6711 541 zu nehmen; - aber, und einer leistgenotst.
2865 268 3214 541 (2)
3718 430 6642 780 schot er deverlige, fisamentensfli inne¬
360 371 3218 783 for de Luftwitt, tres ziget - ne
3744 680 4943 916 une e si nous.
360 629 3233 1052 I don't - that - in de this to day
3740 861 6483 1140 Verese mar komt a
272 879 3207 1261 barentine in lief; - und sich noch
3773 1103 6461 1434 so nicht entforscht; - ne werke
309 1162 3229 1475 bei sind in u nach lus, der¬
3707 1317 6380 1681 om erit, dif ne nieuwe
349 1412 3166 1813 d a kld mit hie gebl ihr
3711 1585 6399 1898 wille geglebt hält; ne komme
393 1732 1258 2067 elzuert
3689 1817 6469 2140 [illegible] to terer Motsits
434 1905 3306 2265 No me we ri can a allein...
3751 2096 6476 2464 teepe. - Suf et jemant cin rut
548 2232 3019 2567 so wll allen, nie nie me
1876 2468 2067 2600 la r
3703 2394 6318 2688 imposfue têter bei dien un
390 2526 3063 2927 adresse.   Sie hatt in un gelieb.
3913 2618 4214 2784 in
3696 2663 6509 3016 trouvé - daft. en de Stapart
397 2780 3210 3152 une été - a même Chasse, une
3678 2927 6009 3192 in Bild - Verhülst.
379 3119 2993 3442 we schwergled quetsk we en; -
3674 3174 5869 3442 Sturm. Kildemar
360 3402 3078 3722 def dei thin sich nie-
3795 3380 6417 3725 to Sepahar tall in kjemokr.
625 3663 3148 4005 offern - off wollt, en offnet
