6937 4440
2849 163 3164 451 in
3726 315 3980 488 r l
6260 281 6551 491 Wm
3787 342 6416 630 Mes Unruhe, du karke nackplasse...
2761 464 3052 657 Dd
888 498 1375 708 aller
356 556 2771 898 at allen bei der Kranken
3784 559 6203 840 Sie lag.. Und als u der Blut auf
457 803 2774 1135 Alfred nicht inder u
3787 799 6263 996 ihn ein Creile auf ihn Hein, ich
423 999 2751 1280 ein Eylschaivert lag. Er
3757 1006 6294 1236 half Auge Guilletholl-telt
484 1226 2822 1484 setzt Allver zu recht sich an et
3757 1196 6477 1497 jedoch in weitere - xxx de
481 1446 2608 1694 Rett. uir hielt die stor.
3747 1446 6216 1707 Rehrte Cungie wieder. - Die Einz, dies
572 1609 2818 1927 to fiehll/e ould hande
3750 1653 6440 1951 Auge die bisher noch wenn mein
542 1836 2805 2124 de nimmt, und schand. inricht
3757 1924 6148 2232 hiert, in einmalen die Augen
589 2043 2978 2337 a, ibinal sera.....  Und notaire
3719 2121 6182 2419 dee tote, au cin in poffsul une
633 2239 2659 2605 Und x x
3747 2354 6263 2720 offent un les nemen p entre
705 2446 2988 2724 Une nie, als jus m de Roulus
3764 2612 6121 2903 viewer tell - officie
637 2703 3127 2971 ders ewigst gelebt Haus - eine
3757 2788 5948 3188 Weile seit in allme
674 2913 2961 3157 ze cive m gehe c im Wochen
3767 3008 6037 3293 invent Beweplin - : -
627 3096 3133 3374 ain, die ander gleschzilly in
3770 3235 6179 3553 rein de selvi. du veilleur
5457 3245 5884 3425 verclaren
603 3343 2574 3614 eage verigt mer - kon
3780 3442 5674 3689 ... mieux
630 3523 2778 3838 die Aiger der Raube
3862 3655 6196 3865 in der gleichen ouvri mennen seye,
667 3736 3194 4068 Leiden hald  ein schon duleit
