6856 4248
3728 183 3915 420 be
6276 157 6616 406 16.16
3648 281 6539 614 Iaf vie thl tenl def ne beut - con
402 366 610 643 61
727 417 3279 702 einmal ich taktrill wo -
3692 534 6542 899 Ailel.
420 632 3143 921 entier H Vollin - en kon in
3717 768 6557 1111 Gewandt; - so dritt in
391 841 3074 1217 de Babn - halle Bild begleitet —
3812 987 6499 1360 Ober Parle. v. Heil mit einem
417 1075 3180 1393 ne we in pite Guldest at ne
3688 1235 6425 1612 afin -; - (und - u lekend zu jedoch
409 1363 3257 1667 beahich; -c iwe en hirbet dingen
3757 1451 6385 1835 I beant in der Opern - de u c
373 1542 3008 2014 Tleyran it sette at it jette
3717 1645 6539 2124 Receisant gi - af Bild.
413 1857 3352 2259 yikim. ad - ne stelle uit was
3688 1981 6341 2343 in a fy in Holle... bin in
504 2182 3202 2471 reltand was überlegen et in
3710 2127 6082 2569 M. Tali ad bergh jegent
2573 2394 3286 2708 - zu tot
512 2442 2489 2778 Geschäftig und
3666 2409 6608 2789 Ibenell de... Obe no trans. avec lu
450 2730 3352 3026 sche ball de televe woll witt geler.
3688 2621 6415 3118 da wä - es gel unichmäße.
486 2964 3304 3246 aber Thild in tette en we gelartt in
3739 2979 6232 3355 ut eux velle, ick lubes, cet
486 3231 3037 3567 We going wll geworden in des of
3816 3125 6458 3578 erfreulich zu erzählen.
526 3501 3187 3787 tipp prangeln a She geringe
3834 3498 6466 3845 over wohl wol nun we
588 3772 3209 4050 men - in ihre geles, - und deli
