6856 4264
406 341 3291 675 ne oud uul de Hintjeul & d Kiterre
533 562 3041 875 keines ihr Lehrkaffert wollten.
432 813 3175 1114 ou peut évolle. Ne coeur un de il
446 1052 3262 1408 in it I half a
435 1259 3219 1626 de d'Unterrutile    so compties in
443 1549 3077 1833 will much  gewat it is
432 1742 3106 2065 œhred... (to we not. pau sche
403 2003 3077 2315 fait gewort ici -) j'bueil ils
1448 2159 1680 2348 Wm
2083 2188 2678 2435 uyt slag
428 2282 3208 2613 Trinde... .  rohvin.   ƒ
461 2540 3190 2816 is to be in a
2351 2722 2769 2881 o/cll.
457 2765 3074 3055 le lupfett un at u de cent
457 3005 3168 3262 Syl in pai twee Tge... ihr i in
501 3211 3411 3534 Serti in nt riet jubbrgebe herter
537 3473 3248 3836 ageling with us - etat in it
3723 265 6452 617 he saitlyte...
3669 515 6427 827 nach, wie sie nicht zu verst.
3665 787 6550 1100 unternt infiné sur les mêmes
3669 1031 6568 1324 nécolle quelque défé le de ce peur
3712 1241 6368 1579 deriute. daft sie ein rvauwelx
4485 1415 5545 1600 fel. mit werten,
3741 1506 6495 1818 gepleste sammt die Jähren, und
3944 1691 6499 2028 - Er wollte, daß nie schon in de uitel
3738 1941 6492 2297 Tage ihr Leilwe beym in Leilen¬
3738 2203 6499 2500 englischer; - de Ruis etc etc -
3738 2420 6517 2754 me not in at wil it verlott belast
3796 2660 6361 2990 -dürfe es wohl in es böter bef
3723 2907 6339 3157 in or theil the Town about we, as
3741 3117 6423 3451 estirt gescheb nie; - de kussins
3810 3367 6499 3629 nent and in will day. and
3930 3603 6528 3901 wein; - Ja in erklach ist, daß
