6712 4136
1605 137 2038 395 9-10
2959 308 3267 509 60t
6220 275 6471 516 60
3643 335 6126 630 ne dieu kha ein Opf for
362 352 2952 620 Mrs Wollte selbst en Ausspruch
3593 509 6015 875 W de Cuillus il y serait peu
372 600 2879 875 beekopft In w gewin
3593 731 5982 1032 kne Überum bereitet de sie
359 808 2979 1079 zu reden; - doch g in der tiefen
3609 1002 5851 1247 Ia Ie sie will uberkry
385 1042 3066 1334 Region ne ne spint glait mieux
3569 1149 5918 1431 will  jestorf over - 2 d/ on
345 1284 2996 1518 der Lähnlichert u. Unerspfuhrheiten
3569 1351 6083 1689 wie er leen der vielerleit gehen
338 1518 2852 1766 et versage, une
3566 1565 5576 1897 zu glauben... (sie in tuss)
359 1696 3050 1971 von unbeugliche als sie seit dort
3653 1793 6123 2074 Is der fort is soll, daß weit u de kler
3703 2007 5546 2252 merk sog d Cilly in een twee, met
436 1890 2966 2239 sere unple Tafs n de Tup
3713 2192 4923 2376 our cluis, was no
409 2172 2973 2467 at Siele (bezah schwohl) wohl
3948 2329 6026 2617 Ihr das auf- viel Streich - für weite -
395 2399 3066 2731 der Bild nicht das je hopf moi
3740 2463 5982 2745 be by fort – J.y. at us in bed with B. L.
3696 2614 4668 2845 Rein - Chant...
406 2654 2554 2906 mit zu ige etwa überreden wie
3881 2825 6136 3113 Mr. Echland. - Abert - we go bin - fils kant -
452 2862 3147 3140 my kloms, we neretht with
3774 2976 5060 3210 Hoff - no can in under
3928 3130 5489 3358 it : le Reise! - Weltrein
422 3107 2855 3378 wollte, - und daß sie akt, &
2346 3294 2869 3472 as was in
3777 3301 4293 3495 jes lint-
476 3355 3016 3750 ne jaar der Kollegel with licht
3827 3442 5754 3639 (1 a kro tern - wulf et hinam; wil
4112 3562 4578 3737 Nordl...
4266 3660 5342 3871 Ekol. trank. (then).
