6760 4200
422 349 785 556 1662
472 414 2918 756 Erwär gesche x nie his
320 665 2816 992 in diuhl Exist fihre i.it d
396 912 3038 1145 me coein win, ou will miss
407 1119 3001 1414 wolle... a du matin  une
1294 1323 1973 1493 in s toirs
294 1323 3154 1661 Weil durch hau forschip
360 1628 2972 2017 I have not well &c if
2326 1886 3198 2079 ... erretl
378 1875 2674 2224 in eine da jure gelich so heute
356 2133 3278 2456 ne in noveter and with angehebrs
352 2304 3060 2722 at 9 or is his jell get in allest
400 2620 2962 2958 was ne toste wil ihre Soh
374 2874 2907 3289 dens geen heill... Anfang, specie
403 3110 3005 3485 wohl, so wollten so nicht
411 3347 2994 3706 acpectu ete peu leit bonts
618 3637 2809 3957 - je lège c'il suhait
3587 171 3895 407 1 + 1
6010 262 6432 476 1663.
3539 352 6439 698 nur wie wie an Willerd rep;
3492 650 6279 934 le sœur.  Jahr és überhaupt de des
4288 803 5454 974 at hi
3459 879 6275 1170 a ce pher je aient eu t'aventes
3496 1170 6403 1414 könne... es werk j mots... wie
3514 1388 6435 1719 wie es i h alle. Ed. end wongt.
3492 1635 6148 1875 is beschon it's [illegible]
3488 1890 6272 2202 es unglücklich, wie ihr alle
3503 2148 6199 2431 nigte ich i wylher. ich in heit
3463 2395 5967 2678 behagliche Mordesch beförder
3488 2631 6305 2896 wihie sie    an alle ich in alle
3572 2878 6366 3205 van der notwurfs Libensität
3612 3147 6112 3445 in der ich es
3572 3441 6225 3626 bei bei aber nur u.
