6824 4280
639 364 960 565 6 & '1
452 441 3055 710 him -  Augt  so alle
484 671 3100 975 forkunft an deier Mai schur
494 900 3009 1208 zu een, den ne wohl zugethe-
403 1091 3242 1405 Weil du ik abe dat den
427 1363 3213 1624 l'itheil  ne ete woonhviel denen
886 1564 1275 1674 bene
420 1547 3238 1836 fiberbage, in his excell gla hils.
494 1787 3072 2009 moins me will là etalut.
427 1981 3030 2271 in an jus. and de Kan u.. der
445 2158 3076 2369 widermart was -  Oh we
1868 2316 2313 2468 all
480 2422 3192 2648 en vous sujet vor leuventer les
470 2663 3019 2853 dabei, die iich gerade in
410 2825 3175 3203 Au blaf a  de tote ial
494 3086 3182 3369 she is in
441 3284 3153 3605 a teil it Sotne droh huit-
629 3542 3249 3877 in ome but till... deven to be
1402 3920 1578 4029 m
6303 191 6614 459 671.
3704 307 6360 569 Dich Therese bestelte; - aber ihr Lächeli
3701 526 6494 869 wa slare (selben sian.) -; je do en ai.
3676 731 6314 1052 nur. Da gleich das ich dacht.
3665 900 6293 1289 kein reineuves gebelende (flich). Wie
3676 1218 6321 1501 was not in Jugend tage da fteil wok
5784 1391 6088 1511 aber
3676 1363 6310 1624 vntellen mag; in dille in ihre
3672 1642 6183 1889 ritje fladt – und trottsten tolli-
5145 1780 6113 1970 duift erinale
3701 1787 6233 2143 jein tolle (alle) je veux je auprèche
3694 2045 6197 2338 daß Steiere nur eine
3672 2256 6084 2546 on be tillere bubert si du cœur.
3651 2493 5996 2818 est deux Nellteil, du doch on
3754 2751 5943 3055 Für, weil jeugst aus den
3715 3002 6098 3323 en Heiratsaat. et deese eten
3701 3220 6017 3538 darin hättein; - ein erinnert
3711 3535 6335 3803 mit ein wenig, wie er allentr.
