6616 4104
319 115 631 273 761
6056 212 6292 477 5
305 255 556 463 565
3394 222 6282 596 weil in da l diene kleine mittverlige
574 276 2970 588 dafo esotne ce tranle and you
3365 445 6217 836 Brenle; - in huis Somma iaa
326 520 3074 822 gut jete. Bis zu weig sehr kalt in
3394 710 6278 1015 Bild be a lutt passe;
301 735 3089 1076 in Lyre besucht; jetzt werbe ich derbin
5109 922 5302 1105 the
3365 911 6088 1205 Sector: - in derf ne de home
301 961 2938 1238 Klaverständen; und der eorlic Lehrer
344 1155 3139 1492 jus sie 1/2 weil spazien (2zn) Theren
3344 1205 6135 1535 will want, do fort there.
269 1399 2974 1740 beveedell chei Engler deum) ;-
3401 1413 6099 1718 part or jouy qu'ils ne liebte en
280 1625 2963 1941 de Velé; miweal der lerste best ne
3390 1679 6145 1995 beslaich zu den und keren Jahl
2217 1776 3135 1984 le cem victui Bika
3397 1837 5984 2167 auch, daß sehr die Frage. in welche
280 1869 2852 2213 Mordes bichthlleite Vortrag -& freil
301 2077 3143 2422 Ses ne des jusqu'h.- un viel deu t'Vile
3469 2088 6235 2536 selbe    ugendun umla fl geen
1830 2289 2213 2440 Sparier
326 2332 3139 2662 mak iie Sintage plein wisly, oock u
3415 2353 5955 2691 We is..... No du fflegari.. We
269 2569 2877 2884 Cmierte gete la ciel et -dineble
3422 2594 6081 2992 subs vett given... abe on 4. Te.
269 2802 3003 3143 perinlich nicht sch musikalien.
3408 2838 6145 3229 hall was in negget it. - as we
298 3024 3125 3440 xxx). - - Das mark ne ploktent.
3394 3135 6170 3537 nach ihm gewesen, allein uerste.
273 3300 2970 3562 in der....... (ham.)    of  of Dr.
5363 3422 5973 3702 where B is
3462 3361 6257 3828 - Will je liegen, und je lesen¬
298 3541 2899 3853 Tahann ved elme in de Seulshor
