6776 4200
6246 186 6523 499 204
4557 229 5067 430 we it
491 211 834 430 6bre
3542 291 6199 571 allen mar, sie nicht an wollte
2857 298 3192 571 105
295 466 3058 764 so Wagen war es hvil
3491 568 6159 823 bunde uit de ppril né u
288 666 3079 1023 jong hell. Ich sie nicht lästell
3531 761 6359 1154 in ett gewine f  d stukke
284 906 3145 1219 tibenpfl klingen lore c
5100 990 6254 1245 gleich zukauf
277 1187 3119 1420 sien u het, at ne gere jost, da ne
3505 1150 6414 1398 befonden in der artstge de ce with
4605 1303 5551 1496 ent u Pein
284 1383 3003 1631 in l kom uch kupfl the man
3571 1449 6301 1616 in oolea Promistäten verhändet
255 1529 2978 1849 bei der Gefälle mei auch teuln
3571 1660 6341 1911 in d’ h
284 1805 3058 2075 at iher Burg for No 2-10
1511 1977 1896 2126 ut
3571 1842 6377 2199 bussicht, if is emplatzt
349 2046 2952 2282 An lebile Sie wert in kone to
3505 2166 6297 2432 Mogerband beurige un pt, - empfe
357 2271 3134 2552 Woll den, - je kann ud selbst, daß
3982 2359 5271 2501 will get.
3596 2391 6519 2726 in it in him [illegible]
328 2508 3039 2770 werden zu gelieben, dass er nie er
3611 2606 6363 2970 We is it i de letst fit y wpattie
309 2654 3101 3036 zugestelle - auch nach der Trennung,
339 2905 3007 3240 in i eige troken p oeible bei.
3578 2992 6406 3225 gerner - nicht um ein seiner
3574 3149 6061 3483 I lemst weill, silver de
320 3163 3203 3418 it de la weil je gebre...  ind mei
255 3374 2879 3702 vis in telle & till, soll, we
3655 3422 6166 3724 mentive in [illegible] on met
258 3636 3105 3971 Ude a gi compt sein Wie in
