6760 4200
6156 164 6500 445 22
2904 254 3222 434 220
3577 269 6201 576 eln nebenen..  5- 5-3 Uflos Cicu
288 381 2878 624 – Obe néritul uit gar will see
3678 534 6384 815 - - Buer vat ein Schleit Co in
277 613 3009 837 halt mit einem günstigen
3595 744 6294 1017 En haut of Co her kan, in alld Hen
224 792 3068 1073 dese elver.. fuit.. 1    J... .
3539 990 6230 1308 & in tell yourtaing - in the
206 1032 2960 1252 is we chereus fil pouse.. Laute
3644 1289 6294 1555 wirreste. es istiel mit ersah
213 1286 3080 1547 ritum wohl. Soe a wn ikt mitt en
3644 1454 6298 1790 lieve... is with - and delay
254 1502 3263 1861 mal sonst nicht. Ich wenn nie Müller
3584 1701 6204 2015 de 1 bveil  -t que
262 1772 2826 2063 obvei oulendet gevl zi sein
3592 1988 6260 2299 is a 1 bevel je, - darll et de Hon
389 1996 3147 2317 - And den T. das das ctho
3562 2257 6130 2497 1st was. 1 bel. Es est jusdl
269 2250 3050 2601 him, place in the swester -
3779 2519 6178 2751 in vermeantet... he schweltell
254 2568 2960 2837 ark j - minchering g veb iti...
3551 2743 6410 3001 thea.. Il lout au beierd Han
295 2814 3050 3151 you... Woll he with the nehwee
3618 3046 6253 3255 in weill un eod. tat. es in
250 3057 2859 3326 Paul Petiaus    houte rest
3625 3203 6111 3592 skevel in tuh shillings...
333 3289 2885 3592 therese, not went, ab. all rich
3704 3468 6294 3790 He is her. He verles t hain
310 3577 3050 3921 n den Name. Der Rechteil stell
3894 3756 4115 3917 /c
4694 3741 5599 3909 Tit. Tal
