6824 4248
3746 193 4088 374 6s &
469 305 927 520 690
3768 229 6421 578 aher né spint ewer Stunden, ein
2729 432 3187 680 681
694 476 1126 759 Den
3710 487 6312 818 foel in m die mervon males
425 636 3263 948 Trolvée s'etol ne de Besoit en franque
3725 789 6541 1054 kunn.  H. Möhl sei -
429 861 2976 1130 get ; in dable it dein so nateicul
828 1003 1105 1156 till,
392 1036 2972 1392 notewilud de Jevarke as nich for
3670 1021 6232 1414 de leur en Féloti.
1541 1257 1810 1395 ui.
411 1315 3198 1592 He was, - it's nivere udies, Leben
3656 1308 5887 1635 Himlbeant-meist
367 1443 3285 1868 seli zu dürfen, zu allen - sie halte Art, solange
3666 1577 6283 1926 Mai. Mout et tuon fégli vie
367 1711 3103 2002 (de)is terrever - kein Scheen h noch
3739 1795 6446 2158 nail with  No 6th
389 1991 3205 2300 oben. - Puische etc. Csoff. Secr.
3721 2035 6315 2416 tet e un de..... Sie xxx
363 2217 3245 2594 sulof ntit will darube gegenosten
3728 2282 6156 2624 I have - of m nahr sf or it.
334 2467 2896 2794 Abeatich ebe auch die F 2. d
3754 2580 6519 2871 in Lourgang & beruchen.
367 2729 3158 3081 Hilzeit zu erwarte, de Fr vie
3696 2838 6439 3147 eine und siciaver aus der 14
360 2998 3110 3372 mird, nicht beitet – wohren...
3757 3118 6468 3398 de nie jelen in jener. Nacht-de
378 3169 2929 3539 nahm. de Verbel qu'il etre
3750 3379 6188 3583 sie in wie vorgeführt und ihnen
338 3467 3158 3808 ea but in offin the tter an
5313 3612 5581 3775 P7
3801 3517 5127 3805 une criemerte
385 3750 3020 4015 maheen e lisher wish wit it
