6888 4408
6307 145 6613 326 281
2774 199 3083 330 2csh
3072 298 3299 468 1er
6144 263 6449 578 P51
2884 454 3189 621 t5
3696 312 6148 681 Erieue Totir un dari sehr
5580 568 5946 759 Mrs.
298 546 2962 844 bald den in der Erfahrt jegenbe-
3736 649 6180 922 in An selbst d Bewepla
362 763 3129 1032 - immer de febri de vak, - une der. Einf.
3682 890 6382 1196 dreis Zusammenlags wachzuriefen.
390 1004 3054 1231 in den belei meine u unbeter habt
3838 1125 6311 1408 - Und ne merkte TefS E. E.A.
397 1192 3079 1451 schaft der Gebäude;- ein erschliebe ich auf
2178 1362 2423 1465 ail
3750 1345 6556 1561 Sie hatt der dit wie eine (gehen-
376 1394 3154 1674 ne den  so ihr in theil I t'agang
3689 1511 6478 1841 volle) Verpflicht empfiele? - gegründ
312 1664 3051 1948 beld dis Betruthes in by halle.
3732 1742 6428 2001 -dine dee befullung ny
5456 1919 5939 2068 bedient.
337 1909 3030 2132 und und schon überlegt ne, ob wir
3725 1930 6442 2189 in Bois.  aoge for
390 2104 2987 2387 zu beil de Sant nicht entget - en
3753 2168 6386 2480 wir I. uit loie wenn, der ich der
2753 2281 3218 2469 des viellz
351 2341 3207 2625 en and bal - nen hanci, in geys
3771 2370 6357 2586 Mimie her tebras las -
3821 2597 6439 2852 ihr dort geeven als halte nie -    No tine
380 2540 3164 2866 Stimmung wied. Brinsolle - o
3941 2774 6520 3072 So we put in in to the pen is der habe
451 2799 2994 3058 noch drie hal mollte noch...dai
5843 2941 6272 3090 Hann
3980 3012 6467 3225 in imptum in et habe de
412 3019 3157 3303 wieder dankt né, dit en ces juin
4009 3168 6286 3469 i inerfäll. Doch erbet ue mit,  -
440 3218 3019 3477 zwar schon entfunt ne sich etwa
4055 3388 6311 3668 roleher gevanker of the maner to
404 3466 3157 3746 in dem Geb. I. weil er wen
4119 3615 6403 3888 inter, inden beschieden Hufte — ein
475 3700 3054 3984 -incle -gé lekent en fout
475 3906 3083 4168 sie sich ein wissers u d sehr be,-
