6824 4232
6002 113 6346 329 1602
560 304 925 549 6&C
3643 230 6485 695 Mjertung man noch ganz gewissen
417 336 2853 721 did yor allen dann ja unllik
4905 486 5259 673 the
1262 614 1807 783 that
3603 541 6360 962 Tifs dieu erst Nevens an
285 655 3003 969 weil is ihren deichilte
3658 838 5472 1203 Sächlichkeit erichte.
326 870 3087 1211 a weil nia the eyr fahouf sone
4480 1046 5161 1233 envoi sur
344 1123 3025 1426 Sta in eller kommt. bslomt
3723 1145 6565 1437 de de néritile sage, xxx
2659 1346 2933 1492 Mh
3632 1346 6492 1671 ne in der Streiter auf jeden;
296 1401 2988 1646 sie. —  ummochs. als nur in ihr
3705 1584 6510 1924 aber Mohlke in selle plifie be tell
326 1624 3237 1960 Thänen w all d in Coppartige
3698 1810 6386 2136 ubedenst was feit for ne; - und
278 1931 3076 2235 on glaibste die ea w i.. be
3734 2015 6679 2366 Tye in a getiftte in Minchverco; -
4352 2187 5545 2407 - will so all you
315 2147 3222 2451 wille - wis c.. wit. stehe lept
3756 2319 6591 2633 Therese fordete    Tafere
494 2487 3039 2776 aber noch, wie er d ein.
3742 2568 6598 2820 an x vn iessenden wollt; — w
1119 2707 1682 2871 wach
3753 2714 6466 3054 wir um ein Geldgestenk, daß es ist ein
399 2736 2992 3175 his jany juge to Friesmelin in en
3775 2941 6543 3244 avec vous donner l'nout. je meillez
369 2970 2787 3332 Meine en Einrede best
3983 3127 4495 3270 womt
3782 3134 6434 3504 -hell in fast in der betritt leiten
549 3248 3186 3679 Jela in:- nestenus he
5508 3412 6507 3712 sindt eben
3709 3380 5446 3786 Mein in weis
