6744 4104
2862 230 3299 433 10:-
4301 245 4862 384 weil
3691 237 3936 377 6 26
3619 316 6320 591 frubste eog kr beschrieben Blill; den
422 350 663 625 60
810 399 3115 689 am 1. Uhr. prechtigetl, vor wieder¬
3623 493 6297 742 ni de toute nouvelle très de La
422 727 3198 904 som tr und empfall war, in gedin
3574 701 6335 1002 de Biderdiche enfleveit telle; -
399 825 3134 1111 weil beviel sie immer viel 2 Tagen
3585 923 6293 1152 beantwortet eine Frage keren nach
5924 1104 6211 1258 a. c.
395 1088 3024 1405 nisselled & arreuse. J
3612 1190 6538 1401 du nord tout le de Brot.. jouilait
392 1311 3164 1627 übrigen. Sie überfragte er
3552 1409 6580 1721 seil, un véritable bejourc,
350 1522 3058 1827 der tochl. Rein, wege ne de Bek
3570 1650 6207 1974 i Sue kurcketut; in vieft in oft
335 1823 3005 2166 bevolly, fryle sie, ueetoupt u will
3638 1868 6150 2143 Tante or, mit einer vorländlich
354 2045 3134 2331 Mev. un et Vorler, un et Bail
3649 2090 6297 2388 tebliftheit so in am Teil samt
343 2320 3258 2640 weil ihren Raad, und schuld mir, in einer
3665 2365 6365 2670 in Nadla. Heu gegenit, on den
335 2523 3273 2855 sells, beinweglos utein in den klein
3619 2621 6098 2915 in Fiscort -    m
362 2783 3235 3096 de alltitul hvort befls in Deig; No der
3578 2847 6248 3231 bege de plagled wis einen in vor;
331 3054 2990 3307 Covine and des gleichzell bailla
3680 3077 5789 3307 bege den ein pas Wort - nod.
3744 3311 5924 3540 2. Capt in vid gebr. 8d0 in gereghall
373 3280 3103 3597 Blat Gerieth. 4- jegt in
3830 3480 6180 3762 Tort; Au Beien glaichzilly... Albrea. (erer of Fra
395 3521 3134 3834 Bereas d have it neu Iman
4007 3631 6128 3872 abtied -   - he
