6632 4104
3604 180 4606 400 eld Frau Bonse
6070 250 6294 426 17
385 184 3108 565 tœdikinastjegange, ein den immer
3464 305 6411 554 die Lawje und mit den Tiel schon."
312 459 2859 752 mogebehat, en will je fait,
3446 525 6272 749 has sent she, we istlesul, -
701 694 1380 844 en dem
327 708 3116 998 Kauwer -; was so syl this.
3431 756 6250 976 M Beare, begau Rild Gent.
3494 925 6250 1204 (I. ronlant tail  as a Haren...
349 973 3164 1244 I. Vat ick on jd j Hove - was
3486 1145 6235 1435 N. 1/2 8 sur celle folge,
2022 1189 3090 1468 F.Truby
286 1222 2705 1549 Munar forl x   en
3409 1340 6122 1626 und ihr; - es unter... Man in
349 1479 3175 1740 stilx halle en infarte plec an; - the
2129 1629 2378 1824 up
3446 1574 6202 1850 etwas veblich -? Nein, ich Blatt, das
316 1666 2918 1919 Mais, et il a été de
5945 1747 6122 1872 in
3927 1802 4239 1941 any 2
3479 1784 6254 2107 unt till a son, in or House or tell
290 1883 2991 2202 pflegt; - ne sot eije leit ginge
3490 2030 5611 2338 wir... eine ganz ich Gericht.
264 2129 3031 2352 konden aus, at wast,- in hin
3608 2235 6268 2565 Yr Wohlsbein that ond hebursia
595 2323 873 2477 by
264 2408 2980 2631 de Haare, die it triube de Sifil
3486 2514 6092 2749 eir; -t, ernée en ville de
297 2598 2870 2914 herelful offe, wehren ne ud
3475 2675 6122 2962 will not  eben en et enleerit, at ich
316 2826 2943 3182 it in her like me in a
3486 2877 6129 3171 woll und trok der zwei Illaf noch zuge¬
246 3031 2998 3365 Uhr zu derenlafte Fusse geschre¬
3531 3120 6070 3365 minetend Hen, wil sive
3571 3274 3861 3398 dent
3509 3384 5960 3619 dicke Ihm sait im sch hellen føllen
250 3318 3086 3692 hall. Es von eer leib Arbeit
3450 3472 5982 3850 Augen. E der Er heute Neese der Staa¬
261 3615 3031 3909 die Somma wy - wd w bravel
