6936 4408
6103 191 6488 353 1st
2965 300 3209 555 soe
6258 343 6545 583 Ces
466 385 795 671 29
647 474 3074 781 sofert i dem jure, selt. it
3710 449 6393 816 dass neelen geerbt hatte;
495 707 2848 1011 Vereitung im wie kocle nie
3714 795 6541 997 sandte iben wortlos.... de sonst Steil.
3813 954 6336 1286 -in beeil isit; Tg darif in
555 915 3057 1212 entpriciel ouwartt; - ind ou les
527 1159 2880 1484 fond isit in hos zu sver¬
3703 1173 6301 1459 A un blut - (5m). - de toutes
481 1375 3142 1668 illegt by all Seelion - in my
3732 1403 6368 1703 zu tögende. Sie alhier antwort
481 1604 3149 1901 auf Verstärt. I. dien seit -
3647 1742 4979 1954 re a jette m...
2629 1802 2876 1947 nay
406 1834 3046 2141 kan une cinual en B. Bote
3792 1887 6488 2180 Au Falle Auswie w in Fribler
2308 2028 2735 2251 Tayin
505 2113 3113 2491 Franz; - Es war eine Entre, Berliner
3760 2152 6598 2421 da in, in uit nd bicn themen
435 2297 3043 2664 died. Thee hantli is not an
3710 2368 6361 2672 Tren, der die Tjes - gern wohl
498 2576 2813 2876 es tolt wie e einmal eine stelle
3668 2551 6453 2912 konl ballykeit a, sigler cui traurigheit
474 2778 2802 3057 Armelt - in Auch fahll - ab
3714 2884 6361 3127 inliegen Art. als no in gegekent
491 3018 2693 3293 univer fand -ne coll -
3668 3028 6318 3332 hatte. Der alles von i
572 3173 2975 3502 lett bel... is from wit 180 fil
3696 3325 6219 3491 unbeu en celle en vont bonne, non
530 3378 3117 3718 Eerste..  "   In Twe erschied
5665 3495 5944 3749 F.
3675 3513 5548 3746 wie ihr wird Erleichter
4947 3675 6018 3838 not - & receive
3774 3728 5428 3968 nach in mit leisten.
583 3668 2898 3930 vie -  -    e un pffuil winc -
