6712 4216
6172 162 6433 312 570
2899 231 3273 441 572
309 309 3126 514 shier kortwerk stam nach auf den Szeich.
3534 283 6260 606 Jusqu'à ses toutes plus. Aucune dernière beu
1278 448 1918 614 fast pr hie-
279 518 2976 757 entet er sch wit en leit Wich auf den
3538 551 6212 764 unheen sie, wie erschuld allein zu Hause sehr
4126 647 5044 819 in ich Kle Hausstatt
3497 676 6187 974 Ihre Märde in Ordin geb Laubt, und es ihr
327 724 3035 974 Elle mit kein Mittl... Jetzt Engel
3497 841 6275 1106 me sich besteidene Abrovene boe le
345 922 3049 1198 It is to be therese were that in this
3523 1062 6176 1330 halle, wurde zu spale. Stadt a der Thie
353 1176 3031 1396 Bill regt h und mit la et en a si
3519 1282 6190 1525 jelentel. Es war Fraaz, de dans Unstand.
298 1356 3049 1664 dacht tell Hester. - nt
3468 1484 6278 1675 ohne Wiederweit, oder Wollersst¬
309 1569 2796 1841 Strral    Bill igl  ne...  Et luf ei
3468 1650 6242 1940 ab ersienen Augnung, der gegen
279 1774 1436 2061 will jwel i
1793 1789 3086 2149 J. der klt Litter
3475 1888 6308 2101 einen wortliche clagirte Schurtt... Sein Hove
309 1984 2928 2274 Cappelit... ogl. ...   était en
3486 2057 6374 2329 auf der untens thuiflachen bei, wir pment
287 2204 2763 2550 Stilleter, an  ahr. -. -
3519 2263 6403 2517 er gesteitelt; - im ersten Handlaut in Fischert
3527 2483 6146 2722 wyl nie wit weepen Spilz en den
356 2447 3082 2752 Ah - di list weeder da ragh. There
3516 2693 6154 2902 Restleat bevor...  Et celle même
294 2693 3001 2976 we fstllt it Blosse...  Untt aif dem
3468 2899 6003 3174 en jege sten; - inde halb sehr eing
279 2880 3244 3328 mandate trany and elle lea (kiscond)
3486 3112 5955 3336 endre, et de une v de talb. En
382 3156 3023 3461 c-est aussi en een berenkliche...
3497 3314 6128 3523 Gang ander, at der ne in i/2 I
268 3339 2946 3688 de l'aupl littes; - est en
3519 3483 6146 3777 n lel. hat genti; -
276 3560 2583 3854 nemlich komt waren auf de Cn
