6712 4216
6156 177 6508 372 601
3090 264 3379 452 60, -
3786 317 6236 623 no uit witt. eene,    in
585 317 3087 672 je veut voulleil avai encle
6278 334 6563 640 665
418 578 1500 825 en Troim,...
3918 564 6299 901 "Berton verite collt. Jn
727 675 3069 1051 Ihr tage wird kalt, Teil Tete
3738 842 6365 1208 alle Telle... Aber wen i syn -
480 985 2311 1263 myt Rild... Thee
710 1134 2968 1458 Siehilld Loffel ik Haar bb
3706 1162 6438 1448 Ort.. was a lost dowet namt Auest
522 1375 3268 1601 ein viel... auch blückt an sich.
3640 1409 6236 1743 to... lo in wes sonel geldhett
710 1552 3250 1803 Sre and hall all, it, even beginn...
5168 1646 5484 1844 Be
3539 1670 6327 1952 in ita a Billet je nehmen...
578 1747 3003 2046 die so H.J.F. X
508 1987 3142 2234 de uit zu quell hd......"    Wohlwein
3612 1973 6358 2206 Ike da eerst we d ouil dapiscoup
776 2140 3205 2373 to bep the Trerre their litlle
3623 2189 6309 2530 dass is wisthut auf de
595 2321 3348 2582 Eulche Sire... Iil hal....d Bide dort
3640 2433 6438 2680 onf de Stif gd door fehir
578 2492 3042 2801 zugesandten. Auf Schild blieht zu¬
3637 2669 6316 2955 Une-ci de Ces. très ci
612 2728 3059 3017 2ten bis... Liebler. siell nicht über¬
3612 2895 6337 3139 Uhr in diese
619 2944 3202 3209 as... We Lorde is but I
619 3177 2346 3396 d weil den soll. Man in Har
3640 3149 6302 3480 Augenblick at nt ploflel car
1810 3181 3160 3456 Hollbli Trubl
602 3355 3268 3539 t Eslandt in der Tone, and de Hinwere
3647 3386 5888 3644 n'il - m̄e une alpétique lors
665 3522 3153 3741 Ce publics ind da rott hand Cen
3710 3602 6421 3901 tue R Muiller auf einer Fraft aus
727 3731 3048 3915 Miescoren drat. Ein lein Meer
