6712 4088
441 137 686 334 561
486 259 3035 515 Uitwee verlet, was er in seil
460 367 3039 760 beinschet. - Une dieser Augenblick,
437 604 3080 953 in den Thilck, nach ihrer achtlagen
411 830 3169 1138 Obwesenteit, etwa zu viel kund, wie
411 1156 3247 1423 geinstulirt, - mit einen annehmigen Jah¬
460 1301 3176 1631 m. puee het, ihre Stell
460 1512 3310 1853 gleich an der Tisch wirkt, und der der andere
493 1783 3187 2031 5 ihr terendepen - was wir einfor
434 1983 3299 2283 unmerblich willdower heften Reese
423 2190 3087 2450 demabhielt, duis een i lebtafli
415 2379 3236 2724 Begrifting, den Unterricht zu erwehren
415 2702 3254 3047 me ew in denis (de wewren), da
471 2906 3147 3232 Bereseos in der letzt seit stel deren
448 3143 3243 3514 veräurende Seele eines Lichtschen¬
423 3302 3147 3732 empfing,- in andure, de ne
6182 274 6490 482 562
3506 289 6390 615 wehr in de beu etc un den weu stet
3547 537 6423 938 Neptunge begriff at rond- und in den
3562 730 6408 1134 a gefühlsmahlige Besichtung zwischen
3536 990 6516 1457 she is Tild in for all hel wil in abechge
3528 1164 5615 1497 S. Seiteil Klangestellt wie
3539 1379 6441 1861 Nach Beendig der Unterrückstunde, sich
3499 1586 6290 2042 es is it wie in selbst (ganz nahmels it),
3502 1868 6375 2313 dass Stilde dieswal eine Weile (chere lange
3517 2035 6249 2472 at die onder beide schuen pruitbliel
3499 2294 6249 2706 Une nt ei gewort ils entspare, de un
3502 2479 6193 2932 des vuflorene Brantsheitslage se we
3462 2687 6178 3161 Auszug nahm. In Tage lang Fall Th
3510 2998 6130 3399 Es were eigentlut Sr, a Mr FaryFello e
3502 3276 6375 3584 sang bevürklich ausgeschaut - es mir esge
3491 3391 6189 3814 eine Pflegen und Haus gewi — von
3640 3621 6156 3914 yor - de kein A de Willer wth
