6728 4120
1617 128 2047 437 A.M.
1990 334 2313 451 Ern
3031 341 3277 540 601
6034 320 6304 583 60b
1855 387 2441 547 Geverter
3522 391 5992 725 Daf e selbst dier Heirat u de
508 409 3166 761 sich in de wfort oder wiederum Hoffmann
423 672 3234 920 dass den Heisst nicht zwyl in Übiger¬
3515 697 5967 974 Myn gebiet, une ouil en de
473 892 3127 1247 Aild nach Holland fernil
3582 860 6272 1187 Telvit zi retten... Sie hebt
451 1116 3099 1404 muss er das re wenigst will
3671 1105 6219 1411 leib, daß Schild - en kon¬
469 1340 3120 1642 not beustated - Dieu Hoffnen wie
3582 1372 6340 1656 besucht; - diesen in man - 25.Jat
426 1581 3216 1844 the  ersul - with. - In Henetcolle.
3561 1621 6048 1898 alles bei - en unanlassen
423 1816 3145 2111 2 Wege d Heilst stoffel - in die
3532 1844 6393 2175 eine beyweilig kein wiederte
402 2036 3038 2438 Oufenttalt ist de huft besprittell
3568 2072 6137 2374 but a a wertlich liebte;
444 2214 3205 2562 de Soan sollte Amsteri sein.
3532 2353 6073 2637 ne bemerkte sich, das tolz. zum
522 2498 3330 2804 Witwen St ld t de urable, je ne
3614 2640 6194 2985 ser bons a Opfe ou prets, dat
522 2797 3237 3063 Buren seltst en innbstorten
3621 2907 6276 3159 sich ihre Schicksal an mit
473 2974 3142 3273 tadeli in di tipper -
1119 3198 1962 3408 sulxter him
3568 3117 6102 3479 bewiss rei.. J. fai jours flichl
4979 3337 5526 3504 ther
519 3259 3202 3550 une als terets jusd flickiony
3657 3401 6287 3671 Sondt ken to der Asfell.
458 3504 3060 3795 der wits
3664 3586 5977 3874 mit Thil jement, nog eenam
