6936 4296
2835 210 3201 424 744
6449 312 6714 446 "  "
3864 334 6416 660 I have a letter - a
6463 410 6819 602 o5e
3012 406 3281 569 2m
428 478 3230 736 verdente, hath kom au
5274 547 5717 682 to the
3806 580 6409 892 lungende Haus zum Kinde täglich
381 689 3223 946 des wolwegs best lagh notwintl ding
3814 725 6532 1142 dres waschent am nochwehr zu interrut.
326 921 3241 1153 st. Lebensbeverh auszueicht; - doch ein
3777 946 6376 1265 and will be uogiee juge het i
1812 1058 2001 1193 me
3763 1174 6329 1403 and, orgische; and Spapagour
366 1113 3183 1454 rie kundt l de hilf der To Toen
779 1330 1305 1468 Mauvaise
3763 1320 6039 1620 zu begleite hatte. - allerst zy
431 1385 3067 1606 breitre Novem, ou deux avait et
1388 1522 2222 1704 mit den Ehe fuhr
3781 1562 6583 1870 Eullohnung, die nie u was sake uns
464 1613 3183 1849 Erspannen aufgebet wäre. - Aber
4147 1733 4404 1845 a le
1185 1791 1762 1976 in arfan
3694 1787 6347 2066 sir qu'on hätte. Es wenn be
446 1874 3074 2102 Sie hatte nochtelt die gute Eine
5296 2001 5728 2142 äusser.
5872 2023 6514 2186 -be justive
3716 2063 6384 2338 Je en ai man liebe, frinrteit N.S.
362 2128 2987 2385 in,  du n'en tous. Ungebracht
5807 2269 6308 2432 en vue
3690 2215 6347 2552 2or 9 & 10 Jeheer - Tocht eines tochler
334 2345 3074 2559 talte:- und nämmer nicht
5604 2469 6101 2628 be sent
6083 2501 6525 2635 &c
6079 2570 6402 2682 - Ben
3668 2476 6427 2817 der abd aeytes Eepe Merechou
315 2574 3023 2835 imme wieder ant Anno zu antworten
2422 2715 2686 2886 my
3654 2748 6315 3027 benf inde Vorstort; - der ab u Eheg
334 2798 3012 3020 in the - p in the wenden in Hove
3658 2998 6275 3223 dan sisti;  se kisde gi in fiail
352 3085 2907 3277 sorgreden; - so ereiger
4278 3139 5332 3302 dich bei Ankel in
3640 3092 6220 3404 I telles; the matter & to the
348 3262 3063 3545 it wier de flutssall, daß ne
3687 3422 6039 3665 A et lutte seitsel. Serheft.
344 3545 2998 3756 in dem an in a Thos B d toit
3698 3549 6351 3948 Könie Stolz war.ſ Noitmer
337 3723 2922 4002 re Her ces bleis B un
