6840 4280
6123 139 6448 391 661
3588 234 6247 552 66l in und des überrielles Stück
4729 443 5314 633 s et acte C
501 457 728 779 6
3628 486 6090 808 untene kosten
721 450 3197 794 wie in der Fewe lebt und
6178 640 6496 867 G. A.
3727 713 6178 1028 . am - Steaen offiels : en une tollé
724 761 3167 998 in't i un sebre mais à je
3625 903 6437 1233 Gsolvde in.. Oct. C. F. L. W.
607 969 3098 1236 Schönicht nertgeb - ich jetzt
3621 1112 6496 1470 hecret  Heim    -   was
614 1141 3145 1441 [illegible] & will... un Re-
1646 1375 2004 1606 bei.
3588 1346 6419 1661 Wt Zumöffnete is  ƒ
603 1434 3178 1748 we we ce tient indul. for
4718 1569 5344 1763 I tell to
3639 1617 6199 1851 egs. Es mais j'est'il les béclai.
614 1715 3186 2041 tat iit gesagt uitweilet, wie
1536 1814 3328 2154 unterdienstheil. (ambt sieur)
3540 1829 6463 2110 2217 (and of timonium) T.F.
2999 1938 3288 2052 war
636 1938 3211 2279 est ai colite huye zeible.-
3504 1990 6448 2323 I in ett Jolland Gordad at
713 2231 2995 2520 und darin rechtert. eine
3954 2271 6379 2502 Bue dort leitelu in ladd.
3610 2385 3866 2520 — —
691 2447 3072 2725 de brul... in ses des nichts
3562 2509 6496 2805 bell ciel Seidl. Sep avril hingar
4217 2681 4861 2849 out of tust
721 2728 2904 2955 beweut. mit wie einen
3658 2714 6445 3069 T.F. will fiklle - and a : So
724 2867 3138 3164 n'apret. Ils en fai est une
3647 3006 6265 3270 habe... That cle faisrs la jemail
753 3113 3116 3442 ret fois de lui.
5036 3134 5505 3343 tive.
3632 3171 6488 3544 lice et bevogin re he liep-
885 3350 2995 3698 — Uhrgerei. Sich mit
3625 3398 6412 3764 Oh. du lixe laiget breit - dii la
845 3584 3105 3943 verjem... he is not in or
2019 3767 3347 3976 l'ont de la bue. la
885 3822 3054 4071 abundt Tochter.. in de
