6760 4088
3594 261 4475 516 6 W
2961 311 3283 537 v/6 23
372 394 2979 662 Doch es kümmeile veresi nicht sch
3573 397 6444 709 [illegible]des unk. Eine Freury Reit
340 623 1031 902 (som cil et
3587 659 6415 902 drücken, nebgefeil sembli sich über¬
483 802 3064 1053 An raibder Morgen ihn sich in vorl.
3637 888 6265 1249 Therese... Spats, al cinq Jant
458 977 2950 1271 Engbart. So ich das klein Ort bis¬
3566 1142 6430 1475 sef ne in dem Wollstub des gartt
433 1206 2996 1411 en wesden seit fal jete schu
401 1382 2982 1597 tell in it will with betreten. Sie
3555 1411 6337 1686 n'est pas à écrire etc. que les ci
1590 1590 2191 1729 de F. h.
354 1557 3107 1940 nicht dass der beiden stellen Treuen
3573 1622 6387 1958 Weile in ) to do we will tell
358 1811 3068 2073 protest die t. Müller u in netgelegen
3566 1901 6247 2134 de une été formée ou pr
347 2030 2868 2295 [illegible]bord Oststof geheugt tat
2016 2205 2438 2320 Puy
3609 2134 6329 2449 nite. Heelne wth...
379 2184 3050 2474 Apl und in der Stadt auf Dechtl.
369 2416 3132 2696 Weg quelt even.  Ses byz = — klein
3584 2370 6326 2671 doe on nal du ferly. at der Had
3641 2570 4002 2810 Gott
440 2599 2882 2850 In welceten Siebstel giert daie
3619 2606 6383 2864 Laz. A Rarauld in H. M. hiervoir
448 2785 3168 3050 Gevicht be komenden d Bonn
3609 2803 6387 3136 die Plüstere, die Trost. Jyrägeil.
379 2939 2885 3258 du inkemnt ici nlle prouvent
3594 3090 5961 3390 schleifde kannels, d ne im
351 3201 2800 3419 in weelt, ofe of nie, but da
3627 3297 6036 3619 it published to the the
419 3390 2853 3677 serait, uux écriven de
3666 3541 4328 3834 I think
558 3598 2918 3884 sond sekowle in to nok
