6696 4072
356 132 610 360 579
6176 191 6469 349 16th
3578 320 6425 628 wegle Mert liebt; - sie compte - wir hek
393 253 3130 584 gerreth Therese in case the wlht kann
3527 500 6407 871 er ihr bey gewrift, dass dieses teible.
257 467 3211 801 [illegible] Unseil; - un et nal venges
3589 738 6510 1124 Kluge seitetogahrige, mitt au décri
338 724 3126 1069 Sagu Hilde wedu erstien, p
4493 944 5018 1132 to me
3578 944 6392 1378 duest die onpa Seleusuwiliede
375 952 3046 1264 ne, daß ich vollte sich
3611 1194 6396 1657 of a ue anno Art in hea ia gehort
386 1157 2928 1477 Berene Antlitz vor Fride me
2179 1359 2968 1565 I am feich
3564 1374 6411 1833 ert rie, - zu den klugern, kählen, wir
367 1396 3159 1694 the lwgensteahlter. He were ihr
3530 1605 6418 2112 beschloneven - und aller ordre, will be
397 1602 3031 1929 wohl selbst kann zu Stemptn
3556 1877 6245 2259 natiten für wäre, denen wären
378 1877 3042 2164 gekennen wir nicht in der gleich
3582 2101 6312 2513 tiben eheer ganz eerste und schwere
434 2087 3060 2421 Schröne nie die tipper des juristen
3512 2303 6300 2733 bejezve kom, weil iie sit mme je
356 2355 3156 2630 Me dheer in selhowes wohl leben
3527 2542 6275 2954 bewehre winnen iend ich zugleich in den
375 2634 2979 2906 wurde aber gegleich zugleich etwa
5977 2726 6315 2884 seven
3725 2774 4126 2946 ander
3571 2818 6330 3251 morgen Menschen (der in ihre hähe, will
356 2836 2946 3163 sibulegine je mettiste si reli
3604 3060 6352 3505 ohne Einfluß, unterhier fenbei, in der
367 3057 3207 3325 ersunde wars. J. dieser Capitlerk
3655 3336 6359 3810 Mischre feuhrs zu M) allein
404 3332 3016 3571 wurf Thun. Tefs ne dicklem
397 3564 3108 3828 liebt, in dif in ne gewerme pen
