7024 4280
2961 160 3189 376 21
6385 142 6671 432 tée
3710 186 6459 548 ye eine ebestimmt Hoffnung ein
3025 291 3364 596 724
380 354 3036 641 If Mr. Blugldreise, die w ult
3714 428 6552 812 fast uga ein leese Heil in Jlad
410 626 3006 894 torti, niemat it beve ien
3714 734 6604 1021 erwertt:- und ganz in ihnen, an
2257 801 3289 1017 or due sempber
596 872 3095 1188 home ovrigté; -dre Mme jet
1017 1088 1740 1289 mehr et leur
3699 980 6582 1375 Orn ihre vteilleste ferets.- so
600 1136 3282 1416 Ne eu Freugheil in een Tiefs, dieses
3729 1330 6720 1598 zullte auch ihn geschwägt, - wie sich
499 1408 3163 1702 me jechet h.M... Sorgewochter, Sorgbell
5237 1497 5539 1680 in
1650 1564 1933 1725 2
3732 1561 6493 1889 Stitet heren sich erzullen was
410 1632 3237 1896 in Torper hatt sie verlant keine:- sie
3948 1784 4299 1967 wlt
708 1840 965 2030 also
3729 1862 6541 2142 nsteller kunne - hee Seren
298 1889 3259 2228 hall not eenige Geld; - ist - der Leilern unter
3759 2101 6496 2421 in eben und durch den Freitlop
298 2183 3095 2444 tant ceci un de cœur teilen de
350 2414 3107 2686 ne un tell, cette ni esseil ence en
3759 2418 6385 2794 schreite geschr —; und
350 2652 3077 2991 j. ici fusil wollt.. def ihr
3766 2693 6388 2954 am T. uart de Begrekens in man
328 2913 3211 3285 ap le Cupfehlung en Bjets
3703 2965 6485 3300 butre if yeven - hatte There
339 3207 2961 3490 had nbe ein veve and Hove
3699 3230 6396 3606 in - Nertwill in de pglayeiss
339 3502 1289 3680 d. kr. -
3669 3531 6448 3807 berecher sollen... Fälber Bver
771 3624 3006 3908 Eine Abends-critie A
