6712 4088
399 304 2875 579 Zu der angekündigte Stench Alfreds kam es
399 502 2600 736 nicht. fand mitt statt. dem Frauf
1194 634 1820 795 will be
363 674 2776 923 halle sich aus der Notierung entfernt und
363 835 2732 1110 war im überleg mit wiederheben.
2161 1007 2509 1165 toutes
363 1040 2589 1311 enige flüchtige Zeile für
366 1271 2688 1458 lance soherde wortlant teubelone
355 1461 2545 1663 Lieb bette. I will die weit
366 1655 2674 1952 Cayer que hart falles un ouri de
1828 1824 2040 1952 to 7
399 1897 2542 2154 aussi m wen flurk.-
366 2143 2670 2373 Augen blick was es thueren,
366 2384 2274 2582 et de Sers notaires, - dans
440 2523 2707 2751 Breslur und Regierung und, un
418 2699 2520 2967 Polizei zu begeben und die Solen
450 2915 2597 3084 in den Verschieden des Sohnes
429 3095 2469 3348 Rece [illegible] - aber sie
418 3282 2373 3553 stand dann ab, vor allen an
352 3483 2626 3805 Aupt, daß sie bei den Behörd
3626 121 6435 502 Wm de Til F. mit der Frage will
6321 128 6567 370 566
2886 227 3197 509 usx
3586 352 6442 714 recht erklaren konnte. - erinwint Thild
3604 568 6340 905 vie clare. Tif je dic Towilu... de tol
3666 743 6219 1121 Tation qu'a luberecht en Fourni-
3586 1015 6223 1311 empholle habe... Nie, u tebe a
3641 1253 6296 1527 die zur Mädchen seit konnte u. h
3593 1469 6014 1798 Hiebe   wohl in die gebart
3483 1721 6197 1974 not whatout keiu sut un huisduit
3575 1963 6241 2274 me horelt je n'etwais eigenkent nicht
3564 2201 6267 2553 sglue. -  Une ganz évouvellel
3556 2469 6508 2908 ne in pnilut fort 1/2 Shd degebecke
3608 2666 6494 3128 -nugt in going le M de Kopf - Beren
3553 2923 6354 3326 verloren nicht einmal glaub, daß ich er
4970 3241 6358 3505 The cicen set ein Hendrik
3545 3153 6083 3619 Ortschiedgraf we were in there
3545 3388 4278 3666 de cifs en
