6760 4200
311 343 513 607 6
3644 318 6229 581 zind... hell in selbst der erzulle
524 365 2842 668 ne - dut i heint de 2
506 603 2820 888 mit in der große Schranken
3539 542 6121 859 dien all elin gewötzlicher Herrn
3507 784 6410 1112 je met çes chez un en Koulocken
462 849 2965 1123 behandleb - glaubte nedre
914 1047 1708 1264 aigt. a e
376 1065 2864 1351 Schuld bei und zu fiel. - In
3543 993 6089 1293 verspint?  Eiune 2 F.p. en
5778 1206 6038 1379 Yours
3564 1278 6190 1520 at St. Lein... de ein to the
368 1307 3012 1564 we will me schon, will you
5879 1463 6146 1589 at
386 1499 3023 1853 mehr - and it Serb - de
3539 1510 6204 1827 for in faklt and halle cie ae
4102 1705 4835 1885 a septement.
383 1701 3192 2134 if will knowit -
3525 1715 6211 2098 belleid erzählet. Je 2 Tage
437 1990 3062 2344 a celtus - schie it kan me
3539 2044 5428 2344 ne dus gut ckulle
5662 2116 5868 2257 Ce
1073 2192 1625 2387 in the
4897 2203 6377 2387 Sell. Thi our at Parloui.
386 2235 2856 2604 Gewärt zu reigen wirck¬
3546 2304 6276 2651 heran rgennue    M half
419 2434 2950 2777 will abven.. in it de Neilen
6031 2506 6497 2658 I am
3618 2539 6461 2846 ne ist de qui euschl' et.T)
2676 2582 3070 2763 allad
441 2726 3098 3033 erpare... ach. we were
3637 2806 6294 3153 he was in feet; - but in d
488 2940 3037 3239 verpacht Schreib: - die alle
3680 3095 6226 3297 Turdevrbe, sd freil 8 jet als
477 3210 3048 3496 eilest. un wet etlett telle.
3647 3351 6128 3557 we kan in is it ging, fois de
444 3463 2943 3727 I will i sot in bel jure
3615 3496 6110 3832 Amen of or... a Trustitullor
