6904 4312
2854 228 3201 369 26th
6437 288 6736 586 tet
2829 344 3127 534 (46)
3836 323 6441 663 sive out in the partis, - in those or
488 463 3201 748 Mar in Hintaille collt der gestel
4373 569 4942 755 teilichnete
3829 586 6508 962 Mrch leben; - abe wer rolle ue the
456 656 3275 906 Wer er meine bericht centiene, -
948 832 1846 1018 ment a de forir,
6104 835 6651 1042 S.U.N.S.
467 842 3163 1144 in this impt jeben know - 2... I.e
3836 923 6511 1155 we in einmal krank wurde? - M
446 1046 3019 1376 niuged be nt der nart in
3780 1106 6357 1404 espeut votreur; - uit ja dier
453 1243 3233 1572 zweifel, ueher es in Strank nach
3812 1309 6486 1643 Till in the xxx og  Cet in
2039 1400 2590 1587 alles, au 1
832 1467 1243 1625 herin
449 1516 3096 1864 fel gerückt; -lief niger. Gemals
2664 1618 2969 1769 Wm
3826 1548 4963 1832 Reile ouples,
5019 1601 6458 1804 " ugen etwa bereit
432 1730 2969 2036 Malsted in it befiell.
4984 1755 6314 1909 die duisend hilwintg
3840 1797 6529 2053 sitable - et es n'epatimos -
807 1966 979 2099 Wm.
453 1987 2959 2225 entillem, et même même. Je
3829 2018 6346 2320 Niciaal tathche hall ne
537 2152 2924 2510 this teremplan. - a c - i.
3773 2246 6508 2566 en hier du uns cinq Hilf ausleg
537 2401 3324 2720 nop sollte wieder in kann
3773 2496 6367 2808 in ne fehlt daft u den
512 2643 3075 2955 Vm Von Brud; ud Schwerlin
3759 2759 6381 3089 ne in dus luguill stil.
586 2819 2959 3163 is not a - than heom namen
3773 3001 6388 3352 aode obse du leur Nossers et
565 3054 3296 3426 ne werauf sich unter darüber; - aber
3833 3212 6416 3598 Theil gewal arzahl je Nous
562 3317 3124 3693 die Sorgen " schliebe i ich
3854 3542 6265 3865 nul was al eu cet telle.
512 3573 3215 3907 où ici beças... ƒive..
