6808 4424
2778 217 3074 426 2c
6373 266 6614 496 1660
1160 356 2114 594 "   1 1
3829 276 6537 618 Jugeschappel bei mit den alhier
426 412 667 653 ne.
2802 451 3134 664 Oby
266 576 3057 936 gleven me - and dei, wie ne s'il mit
3777 625 6491 828 Mais je lh.. des.. mit einer
1660 709 2306 884 2e héau
297 797 3047 1108 dae Gebümert, od geglaubt halb.
3717 821 6415 1125 bef dertels Honble ikrudeltes
335 1003 2896 1359 Tinte Trie je la riune Tétid..
3784 1055 6589 1349 Cherling - 2 Jehn... deux-cien tout
349 1216 2966 1569 der jeu kroanen, in der d Reut zu¬
3808 1254 6509 1520 Sargel.  All spiell.... .  Mu soll
349 1439 3043 1747 Aif we eerste Sein erwitt mors
3749 1485 6446 1803 a den tod - in prantah sjure
430 1618 3207 1995 U. ein mit.. Sone andere. - webtbeglichen
3742 1719 6411 2016 de ce jouit sa vie. kom not
384 1918 3057 2229 in nicht schwärzt. ;-
3773 1956 6463 2229 wel ihre nich beikommen
384 2107 2994 2386 is une des clef à un bien et.d
3752 2205 6111 2460 sich at Wullebere ingestelle
433 2365 2760 2673 in une a cenp
5307 2397 5691 2509 ar en
3759 2425 6229 2690 de fer ceci aig howe dnent de
426 2481 3200 2861 nicht einmal ist, d dann daher die
3791 2708 6194 2903 Enzurbevrs; u, der licerlich
419 2757 3127 3088 Wund, de u de Welt genst.... in
5506 2879 6177 3054 in Vyfe by
3840 2966 6362 3197 Toigerebt... in né, die arme..
461 2998 3099 3305 Limp in it with in Jupin retwspel
3843 3127 6359 3371 enian..  Skindengeber.. den Leib¬
370 3232 2844 3609 lay...   Et U. D. du... J.
3801 3354 6264 3571 triel dictisiter i vulge trital mus simpe
503 3427 2844 3798 erfalt erfahren wir war etc der
3993 3571 6173 3829 Vuhr de... jegenst hilte...
486 3710 2938 4004 geles... W telle de nisten.
486 3882 3050 4175 M h M de poulon F y, de m
