6744 4104
584 83 754 276 ...
6199 181 6489 428 140
399 279 580 424 11
3589 279 6358 613 Alleu manié (wes mais ne) überhaupt wie
620 366 2762 638 - is still in heave.
4742 475 5140 638 oboue
3603 511 6420 754 Lazugeknien; - ob man i Morgelau fort, we
526 544 2965 845 Steen uit 12 schier, de ne
2092 750 2614 924 appellent
3531 714 4850 1044 Mouil or Jutues,
457 812 2886 1026 es will eu-stuler Hefels
3694 874 6286 1189 Si ce pe nul je crois – vous voit avec de
330 1011 3070 1294 bensitt, i we wie der Abach¬
3621 1153 6474 1403 Stärke verzogen, es wollden, in die die
4165 1301 4919 1468 (à C-ilui)
417 1258 2516 1504 helle. En selle uit keine
3592 1338 6503 1664 Gewas, uein in totes etmer je luge Brogln
591 1490 2494 1754 (Ol hee feil, keu folierem -
3578 1559 6398 1863 herenlut, jene Forfuhr ausgefüge.... Ein
768 1700 2411 1918 we pr es selber nicht.
3589 1747 6260 2084 klar (Et, t i, A, fort en cinq eslamt)
743 1881 2980 2066 Thil. gons as da, teest it waren...
2690 2023 3009 2190 self
613 2044 3081 2298 Wöhlich wieren;  u. Guldenst - Aus¬
3552 1990 6376 2298 ohne Theresse noch bei seiner Tochter
4466 2179 5042 2334 Rein c
645 2262 2113 2472 thüsenden nicht ein mit.
3534 2229 6297 2469 Ontraf sie unschleibt uder
863 2440 2313 2603 [illegible]
3640 2469 6452 2791 E wtholdgning on - aber ce jusdumbe
754 2566 1410 2759 re pdt -)
3578 2650 6409 2911 hie weg - krind wie Tuchl auf der
837 2704 2450 2936 n.d. Werk -
787 2842 2628 3056 in a t h i d fallee -
3679 2856 6275 3157 the    sagte, daß er so 2 Stad
1718 3002 2081 3139 (eben
703 3034 2965 3299 Frany.. cesdient.- ewije bal geleden
3629 3081 6119 3382 in Riffe Weitbel get, in Act p  c u
768 3190 2766 3440 will geer - bekantt - - sest on
830 3360 1700 3582 in iit -  )
3647 3284 6344 3571 [illegible] in 8 tok or Okeis
1037 3531 2306 3719 in Herr - an Holland -.
3650 3574 6318 3842 daten xxx../. Un A. - mandé c
845 3632 2501 3850 Ml and indrts a d Mynberg
2715 3527 3056 3853 F. W.
1189 3795 2342 3944 Erteille - Flötter wie
