6936 4440
6152 85 6369 281 14
3044 242 3343 449 2-1
6276 239 6611 473 dor
3649 303 6429 648 eenig Retnung zu zehle hebt.
2798 392 3126 605 C 25
456 534 3037 787 memal in hu jemand in the...!
3681 559 6550 847 und - zuwiderum zweifelt... Er zuer
463 733 3062 1018 Siebereichte in Schwerlitz Schurver¬
3674 751 6212 1054 soe nicht, daf es treis wein. Ia
513 911 3044 1168 die in stellend... blad i de privil
3734 940 6404 1271 de l'un de mère dans - Ses
2353 1061 3243 1242 net à deux
541 1125 2969 1328 E was it in dieven Frauen Ewren
3777 1164 6184 1445 schaurend gi - Capiekere
534 1303 3019 1549 as it bei eine Leberte junie
3752 1388 6394 1659 Krege ws it bekommen wollte
559 1520 2887 1769 Mar - aus ein schweren in
3745 1574 6365 1844 des fas alle Telle hollt in dei
555 1705 2869 1958 selbe dankte ich geset
3784 1801 6394 2068 sel er aussell verlerx. I
477 1873 3015 2253 wendlg Cresendert blieb it
3848 2015 6554 2300 e a ci cinarluit sca Mme
3937 2154 6344 2421 Das Teul-offe - u ein entallen xxx
513 2250 1107 2481 wort
3777 2289 6429 2524 Und so offneti ne den kei
584 2431 1314 2652 En m'en
3809 2467 6319 2720 ihre Sohn - in einem gefühl¬
580 2496 3133 2770 An einem Oetend Abco in No +
3848 2674 6202 2980 same & after S. Auteit.
534 2727 2973 3040 van Fry wieder. klanget
566 2941 2965 3200 estime ciml besihi... Le
3984 2916 6276 3197 netend in in eien
2560 3051 3062 3240 su c'est
3902 3126 6180 3414 besser Esclaves Ecrter
580 3158 3204 3428 Guéri au dit en fait que je
634 3386 2748 3656 heute selt in eine der
3891 3393 6419 3610 in this, so can be
598 3542 3054 3827 Dost seldets zu Hove; das in
3920 3546 6394 3845 geblendet, als die ihr je peut
598 3766 3094 4101 algetobe, veit en ou ne tils
