6728 4088
3681 225 4040 369 D..
6270 277 6570 604 6 59
3675 413 6167 690 is den. butiend pfehlt - iyor en
550 348 3145 744 Petalk halle wie vor em-
3637 673 6297 943 Sti ceux Je drayb tté. du cet et m
516 666 3029 980 Hoppel etc; deren tril ambassadeur
3705 833 6178 1205 tésert geschwertlose bezeugt
495 912 3159 1182 îha ue eu du inte trolle beru
3716 1124 6253 1414 gebrb - dH eik in lieben
533 1171 2923 1458 Wurle... So kan sie auf
4682 1410 6154 1667 L'a n'e fait
512 1393 2951 1626 nenr. Stunde da die Kulou
3671 1407 4545 1673 Werle
4016 1612 4296 1783 en
3709 1608 6109 1967 we is it get 5th in the
464 1643 2903 1936 Vitrutge de de Kiloméon
512 1800 3193 2179 in wil bevond Fustrelerke
3668 1899 6236 2179 in it sheil werh wbel in de
512 2131 3005 2421 überkommen, und einfall ihr
3668 2162 6413 2459 m. il a Brief du prie fait jours
2609 2387 2985 2531 mei
3914 2370 6249 2677 Un ne en prot. A et con
512 2414 3056 2660 I hear to do nt will es wal
3661 2616 6157 2944 eine peuvent Curel, glimpft
488 2650 3159 2893 out 1/4 Stud - meet - ville et
540 2906 2653 3176 Moyel the kind
3681 2940 4446 3289 algelauf
628 3101 3193 3442 Weil s'en kle theuilpogen
3808 3244 6215 3528 H. geschäft is... en Nachtung
738 3384 2865 3688 an Morgen nach alsen
3811 3504 6185 3852 at und in slavor
560 3630 3033 3924 de Straf unveill in a -
