6680 4040
6093 166 6381 385 5 56
2906 263 3266 519 1822
3630 245 6324 522 Sie lette rolle, ecoppoyen, mede Mutter ont Brou de
411 259 3075 695 Casieurs erifie - een andere sich sein
3630 486 6389 828 kümmerte ist um he, auf in Alfred ka¬
382 583 2989 886 melt einmal ni - Casive totis
3558 691 6432 1059 Reue Nacherut; nad né jus so ereug wophit
411 767 3025 1102 in blut is in Feb 2d. - a 1st
3569 926 6090 1289 an de Haire    un compt is so
443 1062 3180 1304 prinit - dès un que ce qui
3518 1131 6396 1581 Ungsrichte, Taf6 in raui anke i ompeetal
475 1242 3086 1520 zugestandt et u sieret... Unsgehöhlen
3500 1325 6234 1718 être née trouv. Aileure et je jeber t elle
400 1462 3288 1639 ne whercant -
3551 1513 6165 1945 sⱥk jesch et c, daft né ai ageur eine
403 1657 3083 1858 wird indes et de ich will itteill.
3518 1757 6320 2175 ihre Stilm eie perrulud Juleen at
403 1775 3212 2024 der Hofowen! – – Sie verlehren will glad –
389 2002 749 2139 et sept
3518 1995 6410 2424 das über die Dank der Unterrichtschaffen
400 2024 3288 2276 der    et ci de noitde Sibin
1750 2190 2009 2337 Nots
3490 2218 6140 2611 An au moyen vail, une lay d'en me
439 2244 2913 2496 Ctrumul in said no so hall is in of
2132 2413 2870 2568 in uit to be
3500 2427 6144 2795 andire The lorbindrysted in the
504 2517 2924 2733 speftast genart  a u de ciel
1653 2625 1811 2773 r.u
3529 2669 6331 3090 ourd wehr de Uwde Stuh, dit pfall
483 2647 3277 2971 Stoal... do in the begegnet. in
3504 2874 6396 3310 wert der gingen Nied des Reine.
501 2863 3115 3083 très rue de uit... de et inpril....
364 3021 2917 3349 in any Jahre... Aber Sie shall
3526 3176 6313 3529 und in eigener eine Greise ausgeschrieben
429 3245 3241 3536 Ist wenige erinclut at ne jeines.
3562 3331 6327 3778 der beworttet; — eben sollte also.
490 3461 3284 3745 .... U. F. de ni vidt  n. et ƒ... Theren-
