6878 4376
2769 181 3148 365 26th
6374 191 6643 411 761
3800 248 6601 592 'Tender's et T l Rioes; une je Eur will.
2953 291 3201 571 Geo
3839 482 6516 780 & j' uneresement est ouif allut et
1127 525 1836 698 in a tpital
3013 560 3322 755 26:
613 627 3120 872 2nd in t p tres ja rückpiel „ den
3793 716 6377 993 Spann.. und verstatt ich überne¬
1241 776 1595 932 that
624 830 3130 1106 ne sich selbst zu Neitels von Noth
3783 890 6580 1195 do him for part.. Til does als wih
599 1081 3311 1326 augely ved 20 zyl nes... Nag. wenn 1
3765 1138 6580 1446 Seel in geben – un co witn mit
1585 1227 1928 1361 Titel
596 1266 3198 1563 ihm nicht besucht wollen; - einlaar
3740 1379 6519 1634 mit terlor gehn..  - ne - uod da wn
578 1489 3120 1730 is de hui l'j omt p a be de
4098 1549 4807 1695 here I
3754 1560 6601 1882 ballen Überaschung, wie ich den
617 1705 3261 1971 wegelt aber damit. tat u... wahr be
3818 1875 6494 2216 Franz de nien in de we teux
599 1889 3169 2166 heit will gerede und he
635 2127 2935 2414 tet aus. mitt er alb. der
3832 2095 6381 2400 lieg seh - und es bat sich auch
3829 2368 6385 2669 schreibt - wie ihr nur nie will er d
748 2457 1237 2645 der
815 2581 3020 2762 Ich teil verst gewicht. Sehr ei¬
3804 2623 6388 2925 that of aller no  alle Siel viele
830 2825 2694 3035 Yours not is...
3747 2822 6310 3084 will - -  -   nd in Mars
4608 3031 5016 3162 in a
798 2978 3198 3272 No. cet 1.. Sd jeanf... Es we
3772 3077 6377 3393 d and pb bal, - beiled the ffr
730 3162 3098 3517 J. de Zufall...
3772 3315 6182 3623 it will hape. we beur
716 3474 2957 3744 I am just here in her he
2386 3605 2712 3744 all
3790 3598 6296 3839 kann - und zw. Theile einigen
812 3662 2949 3963 Nachen Ich sel. in Fr Frau
886 3850 3052 4148 so ihr dort fernstt. - bist
