6792 4216
6291 73 6487 240 :or
6167 254 6429 483 14.
2955 301 3260 479 761
3641 305 6378 704 unte deese Hoyel ziekte, vor com
3075 446 3343 686 ce 17
392 490 3260 868 defue dortt - ue weir. ou lont
3670 668 6436 998 Ulnk mit bezahlt. - willig los
370 802 3031 1133 Lückert. in Wiltmeck
3623 911 6262 1252 evl die on claw in Av ver
367 1056 1300 1394 schlaf...
3652 1154 6287 1525 no bell heure beim Riau Jn
5136 1412 5369 1612 Cer
396 1459 3031 1761 Obe is le of men as it is it.
3623 1503 6418 1826 the  du né gelt evente, -du cœur
421 1742 3263 2051 Je suivre comme allerai de Sorges.
3637 1753 6200 2142 sein viele erste. in Ra ja
479 1964 3151 2291 Ecipe tren that liegen Ju
3597 2080 6516 2349 du, ad, die man ja sie selbst
428 2196 3180 2410 He ntst Mutter is darnt wast loup, in kow
392 2316 3118 2592 des Sesge unede. Je ne "j’ un trelte
3626 2367 6058 2617 -  n kai Thies de Sibwerse
399 2595 3086 2813 sich durch die wen seiligen, und durch
3586 2592 6374 2846 is in them. die on the other
294 2733 3086 3096 du El tels du wevig Siléon at deuil
3608 2824 6407 3231 Clonen... .   He will me we
298 2940 2879 3187 die kleine zu tünfelen mit breit
3692 3122 6022 3485 t- und wie nicht
319 3191 3067 3394 bele vor her son a hee kan hall
319 3430 3046 3670 ne vie veroient ici en neuf
3826 3416 6240 3757 her wich ia - is am
2414 3655 3082 3804 mit ouet
334 3590 3067 3982 Soupe : que jel me un a; en dee le lui
