6936 4344
4830 147 6195 361 in all. - is a I
6471 283 6659 478 et
2663 346 2954 578 $14
3918 327 6673 655 we we will is it you sent in the
320 475 3230 780 stellte mr. h. saude de Heim verstand th
3870 592 6386 942 sitich werde; - wolle er
372 710 3326 1034 [illegible] uill. Den. Frl. Schou, - dit laufuhrt
3877 865 6508 1137 Ausweile - bei Polize. Stn.
445 890 3315 1214 in Klle... Da arme kier iagte.. de Hen.
3837 1118 6589 1383 heiten. Me komt it an Eure
508 1133 3307 1468 There he not Chited - her hielt us with
416 1387 898 1681 mrich.
3907 1387 6570 1722 gericht? Je fusst hatt in
3793 1633 6695 2005 Etatr, t cemp. Miepe
438 1751 3189 2049 Sie wert den Sistenbegangnis bei i In¬
1707 1979 2215 2123 dée au 1.
3789 1880 6533 2200 daß ne eine ingerettene Soh
408 2064 3204 2277 seiner lebteillig Versigungen halbe anfangt,
3782 2207 6666 2491 bette; - en ny de cope, ils je veux
368 2251 3057 2461 deße ein ganz erfante Bezelvis um
1681 2402 2020 2542 Hild
346 2454 3105 2645 mivie; aber er hatt, avait cinq L. gelé
3782 2435 6346 2770 Uer -; weivem auf de Eilf
361 2693 3248 2888 waren ausgesetzt ja wohlte gefwerke;
3830 2656 6541 2965 [illegible] I am
368 2836 3116 3086 in our uberdies ineren for die p. A. wie
372 3013 3057 3267 Si- we aussi eben gingt; de Buckels
3811 2972 6294 3285 not evited in the life
372 3197 3079 3410 hath i in ombrig. Betr geeitt; - oirt on
1280 3359 1795 3524 Augustal
3815 3252 6416 3590 eigend der. Tafs nie be
397 3399 2980 3705 Cogar Heileaidel de Telvit
379 3653 2914 3852 will ongenen, was a kort, d
3888 3546 6309 3896 & ich nicht mit
434 3815 3046 4043 Levenstraße a und bette; - an
