6712 4104
422 273 3270 586 with so for less of pangis.’s English
834 508 1463 628 lanten, en
433 462 2698 710 Von de Brede y est nevee le lon
415 643 2659 880 et m'emreté, difr en été
376 735 3060 1033 and haver, ik on..  the
405 934 2932 1228 dep ineinees Soh hatte, in welck
433 1129 3078 1360 de ou etwa ne soll - vous su amercie
476 1282 3003 1526 kreul, dit was Thild, wie an
437 1438 2755 1686 de l'on a lle dite été in est -
405 1583 2950 1867 Abr niemes vedt, wlaing er lette¬
387 1793 2872 2084 Malk is sich so wlle aus ihm
373 1945 2897 2286 heben was ihr ree Soree, oh
462 2183 3092 2545 to see feer pdarenhay and it
469 2435 2939 2638 so merkler eintreue wee -
469 2524 3067 2911 deese Stunde - Sie verbliken
536 2787 2520 3099 with an eine unquatt
532 3074 2776 3436 Hoye, der Sintgejour
614 3302 2520 3600 [illegible]
522 3465 2762 3806 dis eene leyt wistertig
540 3685 2883 3909 do in alluet je vivre auf
6039 209 6369 380 116
3571 355 6248 646 Yr Mohlen gog int bel veil Tis¬
3586 529 6188 884 orher finde jours is at hofft
3649 756 5943 1037 2 meværke d Nots gai
3642 973 6092 1246 Berea de cela je n'a née,
3635 1122 6095 1445 Thild aber fahil Freien auf
3688 1296 5911 1598 the finiuer; jegl it
3656 1487 6337 1803 kler Bblottet, in der öst Fallee
4824 1693 5069 1793 Sre
5197 1665 6354 1960 Jugendstift
3632 1782 5133 1988 lay of with
3635 1867 6287 2144 meille eevitere
3635 2013 6323 2442 for reife in seke amintrer bencke
3664 2258 6085 2595 jeschirte Rache gab; und né
5204 2386 6110 2581 we e de p
3667 2489 6298 2723 bla schen je samen, geschickt
3642 2677 6159 2954 durch der Fluchlin in theil
3720 2868 6209 3177 ausgeschicktlich Waken - -
3713 3096 6376 3344 Bei eiven de Betiacht eines Bildes
3696 3312 6447 3582 fryl Kilde, ob oude wit Recee
3720 3514 6330 3830 hays he a de kwulhist haren
