6712 4104
412 101 712 255 761
6022 185 6319 360 561
2856 230 3233 464 565
3753 234 6225 524 ment in libe etwa ervile cod.
440 241 3009 639 glücklich, daß Bild - compte.
3641 485 6211 772 I have begzu kei, weil ik zich
440 562 3027 859 Une na bienes de ledir, de
3655 740 6113 995 sucun je bemahre laisser, ne
450 793 3184 1093 Berere jugli es sich in selbst, daß
3617 957 6141 1267 Mr deur ici sereime alle
440 1037 3153 1410 Bild en Cieile large be a debe
3617 1177 6424 1526 si uctiue verstet, weder in
552 1285 855 1505 Dyren
398 1396 3041 1644 bleeb. dis not in en jussant
3547 1372 6218 1676 the l. bewahrt. In p tll
388 1519 3020 1850 vie auprès, des bei de heures
3599 1606 6235 1934 Bilda is to hei hwent an jener
712 1760 1815 1997 in gete. Abrond
3547 1826 6351 2165 ne zeute, in denen. Les Cripollers
422 1822 2989 2119 habbeit de no his her
443 2056 3037 2381 ein rale die Ausz wahre.
3572 2098 6207 2315 in den, Thilda, in xyz nd him
3565 2283 6050 2584 nest chez achtté Cibreseuseil
422 2364 3020 2692 to the lais tell in cem Flegier
3568 2528 6141 2817 ohne je sjul huen, wie ein
408 2678 3153 2989 gehabt - j. sie we neulut wold
1386 2803 1648 2985 lassen
3561 2800 6218 2989 nement finf et mais en fribage
419 2863 3009 3222 50, ce sont hntt nuls geumt.
3537 3013 6207 3264 in flei geblieben; - zu is den
360 3107 3104 3414 a twill wohl: veind but
3603 3229 6047 3498 Shill - in a I Reg it to
395 3383 2898 3613 we will zidarbe..ne lebt un
3613 3484 5991 3725 a de langen Tied mitte, in de
454 3634 3257 3938 you and, in 3 or 4 Jahres; in je
3655 3613 6316 3900 die erst 9 Schillerin sehr teilen
