<?xml version="1.0" encoding="UTF-8" standalone="yes"?>
<PcGts xmlns="http://schema.primaresearch.org/PAGE/gts/pagecontent/2013-07-15" xmlns:xsi="http://www.w3.org/2001/XMLSchema-instance" xsi:schemaLocation="http://schema.primaresearch.org/PAGE/gts/pagecontent/2013-07-15 http://schema.primaresearch.org/PAGE/gts/pagecontent/2013-07-15/pagecontent.xsd">
    <Metadata>
        <Creator>prov=READ-COOP:name=TrHtr:version=2.1.0:model_id=51170:date=14_08_2023_19:12</Creator>
        <Created>2023-05-10T14:35:55.568+02:00</Created>
        <LastChange>2023-08-14T19:12:35.488+02:00</LastChange>
        <TranskribusMetadata docId="1428642" pageId="55423153" pageNr="138" tsid="132822348" status="IN_PROGRESS" userId="64420" imgUrl="https://files.transkribus.eu/Get?id=HUGXQHJGVQQYWBPVWKAZWCMO&amp;fileType=view" xmlUrl="https://files.transkribus.eu/Get?id=MLRBFMLLBYHSWWDSYWPSPKFI" imageId="44697232"/>
    </Metadata>
    <Page imageFilename="1428642_0138.jpg" imageWidth="6856" imageHeight="4248">
        <ReadingOrder>
            <OrderedGroup id="ro_1711816808098" caption="Regions reading order">
                <RegionRefIndexed index="0" regionRef="tr_1"/>
            </OrderedGroup>
        </ReadingOrder>
        <TextRegion id="tr_1" custom="readingOrder {index:0;}">
            <Coords points="393,367 6664,367 6664,3905 393,3905"/>
            <TextLine id="tr_1_tl_1" custom="readingOrder {index:0;}">
                <Coords points="6318,463 6340,455 6388,485 6410,470 6476,470 6527,492 6583,455 6601,466 6627,452 6597,206 6535,206 6498,180 6436,198 6410,191 6366,213 6285,202"/>
                <Baseline points="6330,417 6419,435 6509,441 6598,453 6640,465"/>
                <TextEquiv>
                    <Unicode>6 x</Unicode>
                </TextEquiv>
            </TextLine>
            <TextLine id="tr_1_tl_2" custom="readingOrder {index:1;}">
                <Coords points="2937,532 3007,529 3047,507 3102,536 3157,507 3212,518 3264,503 3256,330 3220,312 3194,319 3091,290 3084,305 3021,312 3003,330 2981,319 2930,349"/>
                <Baseline points="2953,441 3042,435 3132,441 3221,447 3269,453"/>
                <TextEquiv>
                    <Unicode>6 of</Unicode>
                </TextEquiv>
            </TextLine>
            <TextLine id="tr_1_tl_3" custom="readingOrder {index:2;}">
                <Coords points="3708,642 5154,580 6660,672 6660,496 5367,301 3708,463"/>
                <Baseline points="3728,572 3818,584 3907,578 3997,578 4086,566 4176,566 4265,560 4355,560 4444,554 4534,554 4623,554 4713,554 4802,554 4892,542 4981,536 5071,536 5160,536 5250,531 5339,519 5429,513 5518,513 5608,519 5697,513 5787,513 5876,519 5966,525 6055,536 6145,548 6234,560 6324,560 6413,590 6503,608 6592,632 6664,650"/>
                <TextEquiv>
                    <Unicode>d. Herretweil nicht zu meinen</Unicode>
                </TextEquiv>
            </TextLine>
            <TextLine id="tr_1_tl_4" custom="readingOrder {index:3;}">
                <Coords points="444,635 1167,639 1421,536 2379,664 2985,602 2981,415 2735,360 1832,345 1322,485 1021,382 441,374"/>
                <Baseline points="459,542 548,542 638,542 727,542 817,542 906,542 996,542 1085,542 1175,542 1264,542 1354,536 1443,536 1533,536 1622,531 1712,531 1801,536 1891,542 1980,548 2070,554 2159,554 2249,560 2338,566 2428,572 2517,560 2607,566 2696,566 2786,572 2875,584 2965,596 2995,602"/>
                <TextEquiv>
                    <Unicode>(J’ai wei nul de Ruubyvig offre lang</Unicode>
                </TextEquiv>
            </TextLine>
            <TextLine id="tr_1_tl_5" custom="readingOrder {index:4;}">
                <Coords points="441,811 1065,870 2093,760 2805,866 2999,804 2999,661 2243,613 2071,687 1494,580 1076,687 606,639 441,727"/>
                <Baseline points="459,769 548,757 638,757 727,757 817,751 906,751 996,751 1085,751 1175,751 1264,757 1354,751 1443,745 1533,745 1622,739 1712,733 1801,727 1891,727 1980,727 2070,733 2159,733 2249,739 2338,739 2428,733 2517,739 2607,745 2696,751 2786,757 2875,763 2965,775 3007,781"/>
                <TextEquiv>
                    <Unicode>wollte. Daß Kilda eine klinge un</Unicode>
                </TextEquiv>
            </TextLine>
            <TextLine id="tr_1_tl_6" custom="readingOrder {index:5;}">
                <Coords points="3693,896 4156,819 4479,892 6337,841 6337,635 5235,609 5048,716 4556,595 3697,701"/>
                <Baseline points="3717,829 3746,823 3836,823 3925,817 4015,811 4104,811 4194,805 4283,805 4373,805 4462,805 4552,805 4641,799 4731,799 4820,793 4910,793 4999,793 5089,787 5178,787 5268,781 5357,781 5447,781 5536,781 5626,781 5715,787 5805,793 5894,799 5984,799 6073,793 6163,793 6252,799 6342,799"/>
                <TextEquiv>
                    <Unicode>in theol, de vie cinel, d</Unicode>
                </TextEquiv>
            </TextLine>
            <TextLine id="tr_1_tl_7" custom="readingOrder {index:6;}">
                <Coords points="433,1039 1913,1050 2287,955 2548,1054 3293,1039 3293,892 2662,789 433,885"/>
                <Baseline points="453,972 542,972 632,972 721,966 811,960 900,960 990,960 1079,954 1169,954 1258,954 1348,954 1437,948 1527,942 1616,942 1706,936 1795,936 1885,936 1974,936 2064,936 2153,936 2243,936 2332,936 2422,936 2511,942 2601,942 2690,942 2780,954 2869,960 2959,972 3048,984 3138,1002 3227,1014 3299,1026"/>
                <TextEquiv>
                    <Unicode>prahlint toen in and ao def og espulle</Unicode>
                </TextEquiv>
            </TextLine>
            <TextLine id="tr_1_tl_8" custom="readingOrder {index:7;}">
                <Coords points="3697,1134 4908,1160 5573,1054 6583,1149 6579,881 6208,977 5511,833 5151,966 4618,855 4380,955 3697,947"/>
                <Baseline points="3717,1026 3806,1026 3895,1026 3985,1026 4074,1032 4164,1032 4253,1038 4343,1038 4432,1038 4522,1050 4611,1056 4701,1056 4790,1044 4880,1044 4969,1044 5059,1038 5148,1038 5238,1032 5327,1032 5417,1032 5506,1032 5596,1032 5685,1044 5775,1044 5864,1044 5954,1044 6043,1044 6133,1044 6222,1050 6312,1056 6401,1062 6491,1073 6580,1091 6592,1097"/>
                <TextEquiv>
                    <Unicode>in irnuel wil it bem-, on nous</Unicode>
                </TextEquiv>
            </TextLine>
            <TextLine id="tr_1_tl_9" custom="readingOrder {index:8;}">
                <Coords points="396,1200 3267,1307 3267,1142 3073,1061 2353,1028 1993,1127 1759,1024 782,1167 565,1032 396,1145"/>
                <Baseline points="417,1199 507,1187 596,1193 686,1193 775,1199 865,1199 954,1199 1044,1199 1133,1199 1223,1199 1312,1205 1402,1199 1491,1193 1581,1193 1670,1193 1760,1187 1849,1181 1939,1181 2028,1181 2118,1181 2207,1181 2297,1187 2386,1187 2476,1181 2565,1181 2655,1181 2744,1187 2833,1193 2923,1199 3012,1211 3102,1223 3191,1240 3275,1264"/>
                <TextEquiv>
                    <Unicode>keir vernieslyer seyengaent</Unicode>
                </TextEquiv>
            </TextLine>
            <TextLine id="tr_1_tl_10" custom="readingOrder {index:9;}">
                <Coords points="3873,1340 4226,1421 5000,1303 5382,1388 5977,1325 6498,1454 6502,1175 6204,1131 5621,1186 5283,1072 4989,1215 4053,1131 3877,1200"/>
                <Baseline points="3895,1306 3985,1306 4074,1312 4164,1312 4253,1318 4343,1318 4432,1318 4522,1318 4611,1318 4701,1306 4790,1300 4880,1294 4969,1294 5059,1294 5148,1294 5238,1288 5327,1282 5417,1276 5506,1276 5596,1276 5685,1282 5775,1282 5864,1282 5954,1282 6043,1282 6133,1282 6222,1282 6312,1288 6401,1300 6491,1312 6509,1306"/>
                <TextEquiv>
                    <Unicode>Renter, on be it, d es une in</Unicode>
                </TextEquiv>
            </TextLine>
            <TextLine id="tr_1_tl_11" custom="readingOrder {index:10;}">
                <Coords points="1167,1336 1215,1355 1285,1329 1311,1351 1344,1329 1369,1344 1388,1329 1509,1344 1560,1325 1560,1278 1494,1278 1461,1252 1421,1248 1333,1296 1281,1267 1212,1300 1167,1281"/>
                <Baseline points="1187,1324 1276,1324 1366,1324 1455,1324 1545,1324 1569,1330"/>
                <TextEquiv>
                    <Unicode>Clui</Unicode>
                </TextEquiv>
            </TextLine>
            <TextLine id="tr_1_tl_12" custom="readingOrder {index:11;}">
                <Coords points="389,1450 2673,1531 3146,1465 3150,1340 1098,1303 977,1399 859,1329 389,1410"/>
                <Baseline points="411,1443 501,1437 590,1437 680,1431 769,1437 859,1437 948,1437 1038,1431 1127,1431 1217,1425 1306,1419 1396,1419 1485,1419 1575,1425 1664,1425 1754,1419 1843,1414 1933,1414 2022,1419 2112,1419 2201,1419 2291,1419 2380,1419 2470,1419 2559,1419 2649,1414 2738,1414 2828,1419 2917,1425 3007,1437 3096,1449 3156,1461"/>
                <TextEquiv>
                    <Unicode>sepische Vereille - einzutragen</Unicode>
                </TextEquiv>
            </TextLine>
            <TextLine id="tr_1_tl_13" custom="readingOrder {index:12;}">
                <Coords points="3671,1623 3906,1718 4402,1597 5154,1700 6351,1593 6355,1428 6025,1380 5518,1476 5121,1322 4670,1424 4350,1366 3866,1520 3675,1454"/>
                <Baseline points="3693,1593 3764,1604 3854,1604 3943,1610 4033,1598 4122,1598 4212,1593 4301,1593 4391,1593 4480,1593 4570,1598 4659,1593 4749,1581 4838,1575 4928,1575 5017,1575 5107,1569 5196,1569 5286,1557 5375,1557 5465,1551 5554,1551 5644,1545 5733,1545 5823,1545 5912,1539 6002,1539 6091,1539 6181,1539 6270,1539 6360,1545"/>
                <TextEquiv>
                    <Unicode>aufz nicht; das ersche er ist</Unicode>
                </TextEquiv>
            </TextLine>
            <TextLine id="tr_1_tl_14" custom="readingOrder {index:13;}">
                <Coords points="488,1659 3146,1707 3146,1593 2177,1586 2012,1487 1362,1505 1054,1612 488,1579"/>
                <Baseline points="507,1652 596,1634 686,1640 775,1640 865,1640 954,1634 1044,1640 1133,1640 1223,1634 1312,1622 1402,1622 1491,1622 1581,1616 1670,1616 1760,1610 1849,1616 1939,1622 2028,1622 2118,1628 2207,1640 2297,1640 2386,1646 2476,1646 2565,1646 2655,1646 2744,1646 2833,1646 2923,1652 3012,1664 3102,1676 3156,1682"/>
                <TextEquiv>
                    <Unicode>Ses " "    "  Ieresse, nach ei-</Unicode>
                </TextEquiv>
            </TextLine>
            <TextLine id="tr_1_tl_15" custom="readingOrder {index:14;}">
                <Coords points="2698,1810 2728,1795 2853,1814 2911,1777 3025,1843 3051,1821 3113,1854 3198,1839 3172,1707 3139,1722 3106,1700 3062,1737 2985,1703 2915,1718 2775,1667 2728,1703 2680,1703"/>
                <Baseline points="2708,1754 2798,1754 2887,1766 2977,1789 3066,1807 3156,1825 3203,1831"/>
                <TextEquiv>
                    <Unicode>Heir wd</Unicode>
                </TextEquiv>
            </TextLine>
            <TextLine id="tr_1_tl_16" custom="readingOrder {index:15;}">
                <Coords points="3704,1986 4894,1858 6608,1931 6616,1678 5540,1630 5041,1748 4809,1645 4233,1766 3715,1689"/>
                <Baseline points="3728,1927 3758,1927 3848,1921 3937,1915 4027,1909 4116,1903 4206,1891 4295,1891 4385,1885 4474,1879 4564,1873 4653,1867 4743,1861 4832,1855 4922,1855 5011,1855 5101,1849 5190,1843 5280,1837 5369,1831 5459,1825 5548,1819 5638,1819 5727,1819 5817,1813 5906,1813 5996,1825 6085,1825 6175,1831 6264,1825 6354,1825 6443,1831 6533,1849 6622,1885"/>
                <TextEquiv>
                    <Unicode>Mt M herbe... el a pereil</Unicode>
                </TextEquiv>
            </TextLine>
            <TextLine id="tr_1_tl_17" custom="readingOrder {index:16;}">
                <Coords points="455,1869 1847,1861 2368,2001 3117,1953 3113,1839 2915,1781 2456,1836 1788,1722 1439,1850 1087,1740 808,1836 701,1748 452,1784"/>
                <Baseline points="477,1867 566,1867 656,1867 745,1873 835,1879 924,1879 1014,1879 1103,1873 1193,1879 1282,1879 1372,1879 1461,1879 1551,1873 1640,1873 1730,1867 1819,1861 1909,1867 1998,1867 2088,1873 2177,1879 2267,1879 2356,1879 2446,1885 2535,1891 2625,1897 2714,1897 2804,1897 2893,1903 2983,1909 3072,1915 3126,1927"/>
                <TextEquiv>
                    <Unicode>Titlant Wm.... Wenn er ci vin Stil</Unicode>
                </TextEquiv>
            </TextLine>
            <TextLine id="tr_1_tl_18" custom="readingOrder {index:17;}">
                <Coords points="565,2104 1377,2085 1689,2250 1979,2126 3231,2225 3231,2100 2625,2019 565,2027"/>
                <Baseline points="584,2100 674,2100 763,2094 853,2082 942,2082 1032,2082 1121,2088 1211,2088 1300,2082 1390,2082 1479,2088 1569,2094 1658,2094 1748,2094 1837,2094 1927,2100 2016,2106 2106,2106 2195,2106 2285,2100 2374,2106 2464,2112 2553,2118 2643,2118 2732,2118 2822,2124 2911,2129 3001,2135 3090,2147 3180,2147 3239,2159"/>
                <TextEquiv>
                    <Unicode>in child. I am gefille j'arrive.</Unicode>
                </TextEquiv>
            </TextLine>
            <TextLine id="tr_1_tl_19" custom="readingOrder {index:18;}">
                <Coords points="3708,2210 3991,2280 6153,2159 6406,2306 6410,2089 5525,1850 4905,1938 4718,2082 3712,2122"/>
                <Baseline points="3728,2207 3734,2207 3824,2201 3913,2213 4003,2213 4092,2213 4182,2207 4271,2201 4361,2189 4450,2189 4540,2189 4629,2183 4719,2177 4808,2165 4898,2165 4987,2165 5077,2159 5166,2159 5256,2159 5345,2159 5435,2159 5524,2159 5614,2159 5703,2159 5793,2159 5882,2153 5972,2153 6061,2153 6151,2147 6240,2153 6330,2153 6419,2153"/>
                <TextEquiv>
                    <Unicode>enclut, - et il me mêchent</Unicode>
                </TextEquiv>
            </TextLine>
            <TextLine id="tr_1_tl_20" custom="readingOrder {index:19;}">
                <Coords points="463,2335 899,2335 1010,2419 1123,2331 1538,2335 1766,2430 3014,2372 3010,2221 2419,2313 1237,2258 1138,2173 767,2298 573,2173 459,2232"/>
                <Baseline points="483,2332 572,2332 662,2338 751,2338 841,2332 930,2338 1020,2338 1109,2332 1199,2326 1288,2326 1378,2326 1467,2326 1557,2332 1646,2338 1736,2338 1825,2338 1915,2344 2004,2350 2094,2356 2183,2356 2273,2356 2362,2356 2452,2356 2541,2356 2631,2356 2720,2356 2810,2356 2899,2356 2989,2362 3024,2356"/>
                <TextEquiv>
                    <Unicode>Ex 4. fast &amp; men bezulagen ube et 2</Unicode>
                </TextEquiv>
            </TextLine>
            <TextLine id="tr_1_tl_21" custom="readingOrder {index:20;}">
                <Coords points="3660,2518 5757,2394 6193,2485 6366,2324 5914,2177 5132,2284 4677,2203 4086,2353 3917,2247 3668,2284"/>
                <Baseline points="3681,2470 3687,2470 3776,2464 3866,2458 3955,2458 4045,2458 4134,2452 4224,2446 4313,2440 4403,2440 4492,2428 4582,2428 4671,2422 4761,2422 4850,2416 4940,2416 5029,2410 5119,2410 5208,2410 5298,2416 5387,2410 5477,2410 5566,2404 5656,2398 5745,2386 5835,2386 5924,2386 6014,2386 6103,2392 6193,2398 6282,2410 6372,2422"/>
                <TextEquiv>
                    <Unicode>the i in a beg ei lei cullary</Unicode>
                </TextEquiv>
            </TextLine>
            <TextLine id="tr_1_tl_22" custom="readingOrder {index:21;}">
                <Coords points="455,2544 3356,2585 3352,2405 3157,2383 455,2474"/>
                <Baseline points="477,2523 566,2523 656,2529 745,2535 835,2529 924,2529 1014,2529 1103,2523 1193,2523 1282,2517 1372,2511 1461,2505 1551,2499 1640,2499 1730,2505 1819,2505 1909,2511 1998,2517 2088,2523 2177,2523 2267,2529 2356,2529 2446,2529 2535,2529 2625,2529 2714,2529 2804,2529 2893,2529 2983,2535 3072,2547 3162,2547 3251,2553 3341,2553 3364,2559"/>
                <TextEquiv>
                    <Unicode>cher Navd..  Sis</Unicode>
                </TextEquiv>
            </TextLine>
            <TextLine id="tr_1_tl_23" custom="readingOrder {index:22;}">
                <Coords points="5411,2544 5496,2563 5551,2533 5621,2570 5650,2544 5727,2533 5760,2555 5812,2533 5848,2563 5907,2518 5962,2577 6043,2559 6050,2430 5962,2423 5859,2460 5672,2438 5639,2408 5580,2416 5503,2482 5466,2441 5415,2449"/>
                <Baseline points="5435,2523 5518,2529 5608,2523 5697,2517 5787,2511 5876,2511 5966,2511 6055,2511"/>
                <TextEquiv>
                    <Unicode>Benzu</Unicode>
                </TextEquiv>
            </TextLine>
            <TextLine id="tr_1_tl_24" custom="readingOrder {index:23;}">
                <Coords points="3690,2772 4090,2805 4494,2695 5176,2809 6098,2794 6109,2500 5544,2610 5294,2452 5041,2614 4182,2625 4020,2548 3693,2654"/>
                <Baseline points="3711,2756 3788,2744 3878,2726 3967,2714 4057,2708 4146,2702 4236,2702 4325,2702 4415,2690 4504,2696 4594,2690 4683,2690 4773,2678 4862,2678 4952,2672 5041,2672 5131,2672 5220,2672 5310,2678 5399,2678 5488,2678 5578,2678 5667,2672 5757,2660 5846,2660 5936,2649 6025,2631 6115,2637"/>
                <TextEquiv>
                    <Unicode>&amp; my ciue jem Aenplik</Unicode>
                </TextEquiv>
            </TextLine>
            <TextLine id="tr_1_tl_25" custom="readingOrder {index:24;}">
                <Coords points="452,2746 3267,2864 3267,2599 2867,2684 452,2669"/>
                <Baseline points="471,2738 560,2744 650,2744 739,2750 829,2756 918,2750 1008,2744 1097,2744 1187,2744 1276,2744 1366,2738 1455,2732 1545,2738 1634,2732 1724,2738 1813,2732 1903,2738 1992,2738 2082,2744 2171,2744 2261,2732 2350,2738 2440,2732 2529,2732 2619,2732 2708,2732 2798,2738 2887,2744 2977,2756 3066,2768 3156,2786 3245,2810 3275,2816"/>
                <TextEquiv>
                    <Unicode>avec dort</Unicode>
                </TextEquiv>
            </TextLine>
            <TextLine id="tr_1_tl_26" custom="readingOrder {index:25;}">
                <Coords points="3748,3073 4420,3106 4964,2970 6348,3029 6399,2768 5316,2911 4872,2779 4538,2952 3752,2970"/>
                <Baseline points="3770,3066 3806,3060 3895,3048 3985,3036 4074,3030 4164,3024 4253,3024 4343,3018 4432,3018 4522,3012 4611,3001 4701,2989 4790,2977 4880,2965 4969,2959 5059,2953 5148,2953 5238,2953 5327,2959 5417,2953 5506,2953 5596,2953 5685,2959 5775,2959 5864,2965 5954,2965 6043,2965 6133,2965 6222,2965 6312,2965 6401,2977"/>
                <TextEquiv>
                    <Unicode>2 ocripe... très er..  jusploflut</Unicode>
                </TextEquiv>
            </TextLine>
            <TextLine id="tr_1_tl_27" custom="readingOrder {index:26;}">
                <Coords points="374,3007 2797,2970 3238,3091 3234,2930 2541,2823 1626,2908 1248,2827 1098,2933 374,2952"/>
                <Baseline points="393,2983 483,2971 572,2971 662,2971 751,2971 841,2971 930,2965 1020,2965 1109,2965 1199,2965 1288,2965 1378,2965 1467,2965 1557,2965 1646,2965 1736,2965 1825,2965 1915,2959 2004,2959 2094,2959 2183,2965 2273,2965 2362,2965 2452,2959 2541,2953 2631,2959 2720,2965 2810,2971 2899,2977 2989,2995 3078,3012 3168,3030 3245,3042"/>
                <TextEquiv>
                    <Unicode>Wien mits bewert soll..  Ick en Beun-</Unicode>
                </TextEquiv>
            </TextLine>
            <TextLine id="tr_1_tl_28" custom="readingOrder {index:27;}">
                <Coords points="5052,3157 5239,3179 5397,3132 5544,3168 5687,3099 5859,3117 5918,3161 6076,3150 6072,2999 5918,3029 5760,2977 5628,3029 5540,2963 5342,3054 5154,2974 5048,2996"/>
                <Baseline points="5071,3090 5160,3090 5250,3096 5339,3090 5429,3090 5518,3090 5608,3096 5697,3096 5787,3096 5876,3102 5966,3108 6055,3108 6085,3108"/>
                <TextEquiv>
                    <Unicode>and Reale</Unicode>
                </TextEquiv>
            </TextLine>
            <TextLine id="tr_1_tl_29" custom="readingOrder {index:28;}">
                <Coords points="463,3212 624,3300 1212,3231 1369,3333 1770,3220 3080,3242 3146,3117 2236,3077 2016,3157 1377,3018 1234,3139 463,3154"/>
                <Baseline points="483,3209 572,3203 662,3203 751,3197 841,3197 930,3197 1020,3203 1109,3197 1199,3197 1288,3197 1378,3203 1467,3197 1557,3197 1646,3197 1736,3191 1825,3191 1915,3197 2004,3197 2094,3197 2183,3197 2273,3197 2362,3203 2452,3203 2541,3203 2631,3197 2720,3197 2810,3203 2899,3209 2989,3215 3078,3221 3156,3239"/>
                <TextEquiv>
                    <Unicode>"Wohl auf Ruen ihn</Unicode>
                </TextEquiv>
            </TextLine>
            <TextLine id="tr_1_tl_30" custom="readingOrder {index:29;}">
                <Coords points="3759,3348 4035,3418 4861,3271 6480,3367 6491,3062 6116,3161 5683,3099 3767,3212"/>
                <Baseline points="3782,3317 3806,3311 3895,3311 3985,3305 4074,3299 4164,3299 4253,3293 4343,3287 4432,3281 4522,3287 4611,3275 4701,3269 4790,3263 4880,3263 4969,3257 5059,3251 5148,3257 5238,3251 5327,3245 5417,3245 5506,3245 5596,3245 5685,3239 5775,3233 5864,3227 5954,3227 6043,3221 6133,3221 6222,3215 6312,3221 6401,3227 6491,3221"/>
                <TextEquiv>
                    <Unicode>u a. ein Famil. A.</Unicode>
                </TextEquiv>
            </TextLine>
            <TextLine id="tr_1_tl_31" custom="readingOrder {index:30;}">
                <Coords points="455,3411 2746,3422 3212,3521 3165,3267 2875,3352 2522,3264 2129,3341 1960,3253 1700,3363 822,3256 455,3374"/>
                <Baseline points="477,3406 566,3412 656,3406 745,3406 835,3406 924,3412 1014,3412 1103,3418 1193,3412 1282,3418 1372,3418 1461,3412 1551,3412 1640,3412 1730,3412 1819,3394 1909,3394 1998,3406 2088,3406 2177,3412 2267,3418 2356,3412 2446,3406 2535,3412 2625,3418 2714,3418 2804,3430 2893,3436 2983,3442 3072,3448 3162,3466 3221,3472"/>
                <TextEquiv>
                    <Unicode>in the</Unicode>
                </TextEquiv>
            </TextLine>
            <TextLine id="tr_1_tl_32" custom="readingOrder {index:31;}">
                <Coords points="855,3517 1072,3561 1898,3488 2060,3554 2111,3502 2203,3543 2375,3510 2375,3411 2225,3462 1498,3425 1274,3480 1010,3429 855,3491"/>
                <Baseline points="877,3514 954,3508 1044,3508 1133,3508 1223,3508 1312,3502 1402,3496 1491,3490 1581,3490 1670,3490 1760,3490 1849,3490 1939,3490 2028,3496 2118,3496 2207,3496 2297,3496 2386,3502"/>
                <TextEquiv>
                    <Unicode>by an in dus rynet</Unicode>
                </TextEquiv>
            </TextLine>
            <TextLine id="tr_1_tl_33" custom="readingOrder {index:32;}">
                <Coords points="3730,3616 4013,3690 4262,3572 5173,3524 6171,3598 6171,3352 5654,3403 5217,3319 4890,3418 4659,3333 4306,3429 4196,3348 4035,3414 3730,3352"/>
                <Baseline points="3752,3532 3842,3549 3931,3549 4021,3549 4110,3549 4200,3555 4289,3549 4379,3549 4468,3543 4558,3543 4647,3538 4737,3532 4826,3526 4916,3526 5005,3526 5095,3520 5184,3526 5274,3532 5363,3532 5453,3538 5542,3538 5632,3532 5721,3532 5811,3532 5900,3532 5990,3532 6079,3538 6169,3543 6181,3543"/>
                <TextEquiv>
                    <Unicode>d ne beit. elle lui plus</Unicode>
                </TextEquiv>
            </TextLine>
            <TextLine id="tr_1_tl_34" custom="readingOrder {index:33;}">
                <Coords points="488,3708 804,3627 2383,3653 3062,3803 3058,3587 2831,3550 2335,3616 1880,3488 1560,3590 488,3561"/>
                <Baseline points="507,3615 596,3615 686,3621 775,3627 865,3633 954,3633 1044,3639 1133,3633 1223,3633 1312,3633 1402,3633 1491,3633 1581,3627 1670,3633 1760,3633 1849,3639 1939,3639 2028,3639 2118,3639 2207,3645 2297,3651 2386,3651 2476,3657 2565,3657 2655,3657 2744,3663 2833,3663 2923,3675 3012,3693 3072,3705"/>
                <TextEquiv>
                    <Unicode>une marter ne evelit arithf wl</Unicode>
                </TextEquiv>
            </TextLine>
            <TextLine id="tr_1_tl_35" custom="readingOrder {index:34;}">
                <Coords points="3829,3836 4350,3906 5088,3796 6296,3851 6296,3690 5448,3745 4857,3539 4681,3539 4332,3737 3829,3693"/>
                <Baseline points="3848,3788 3937,3794 4027,3800 4116,3806 4206,3812 4295,3812 4385,3812 4474,3812 4564,3812 4653,3800 4743,3794 4832,3794 4922,3788 5011,3782 5101,3782 5190,3800 5280,3794 5369,3794 5459,3800 5548,3812 5638,3812 5727,3800 5817,3794 5906,3794 5996,3800 6085,3806 6175,3806 6264,3818 6306,3824"/>
                <TextEquiv>
                    <Unicode>is in your son man is you.</Unicode>
                </TextEquiv>
            </TextLine>
            <TextLine id="tr_1_tl_36" custom="readingOrder {index:35;}">
                <Coords points="455,3994 1292,3965 1513,3836 3282,3914 3278,3796 2842,3734 2140,3781 1406,3668 646,3763 452,3682"/>
                <Baseline points="471,3842 560,3842 650,3842 739,3848 829,3842 918,3842 1008,3836 1097,3842 1187,3830 1276,3830 1366,3830 1455,3836 1545,3836 1634,3836 1724,3836 1813,3842 1903,3842 1992,3842 2082,3848 2171,3848 2261,3860 2350,3860 2440,3860 2529,3854 2619,3854 2708,3848 2798,3854 2887,3860 2977,3866 3066,3866 3156,3878 3245,3884 3293,3895"/>
                <TextEquiv>
                    <Unicode>de Saint-Veullen et nout de titre</Unicode>
                </TextEquiv>
            </TextLine>
        </TextRegion>
    </Page>
</PcGts>
