6776 4216
6092 131 6296 237 Pr
6078 226 6362 390 6 E C
2882 233 3203 477 695
3615 332 6311 634 Turel Tangel.  Alloyielse... Mr
324 401 2930 740 je née ongef wollkme, été de ces
3578 590 6260 929 ist kunde... Sie sehr mit Wohleben.
273 700 3046 962 na Plutteoût von ihr...
3611 834 6322 1137 gan nel de Romp. - in Tiel; - ein
288 911 3097 1192 sess. a tule ihre Bde; -; - im
3629 1075 6449 1363 y i Vgleit hette ihr; - er ich derle
313 1155 3239 1501 de kra asich, da in schonque Uhr¬
3647 1326 6238 1560 schaft d ab wen ein.... Sie als d
383 1388 3017 1694 in H. Welt den amt, das fernere
3658 1516 6198 1796 fils a de ligne; - seul en-sols
5462 1683 5688 1829 alt
259 1651 3094 1942 we in Achter wer wllh; -  wd sie lalle
3640 1749 6260 1935 en; - es we, at jenen nie n
1428 1851 2059 2033 Hadelckin
306 1887 3185 2237 laut, als der Fraut et xxxx tiefer
3629 1946 6154 2194 ja in il her; - en betrachtet ui - d
430 2150 2864 2416 les al Vous de ferret si mais
3589 2135 6311 2467 K Wolle tien:... das andre, die in
292 2343 2339 2620 al Lors aort trinſiel....-
3640 2368 6326 2631 zu scheinig sehen; - wel wie
299 2565 3177 2926 Aber en p. Hieder spätte, unter dem
3615 2591 6398 2835 rheb in witt erkannt.... ..
1352 2740 2124 2882 in der Sämre
288 2795 3006 3090 in Nelle neben den Wohlt, dem mit off
3611 2806 6369 3145 in hage nord den negen kam
284 2988 2715 3290 hunde daß schlafene Wollheim; - l
3651 3134 6398 3349 ein als Toutumion; wie er ihr
321 3272 3196 3560 not in, - - d Herz that he wch.
3662 3319 6344 3600 Piere, in the Court dagestellt.
3695 3534 6034 3848 5 Therese, amus sich gar gut del
