6872 4392
2898 170 3125 369 1
5696 220 6559 476 am 20.
5462 238 5639 412 A
6062 394 6424 621 1722
2834 444 3168 732 6 54
3601 430 6140 824 Hulcunciehre Art was, a prtort
327 526 3015 891 und lepe; - lepe ne ved; mit statt
4688 735 5181 902 (gleite)
3544 785 6154 1101 and weStent jong cut blore man,
387 792 2848 1122 sie for de til woktit and
3565 969 6172 1296 verzoge n'est eu Reih: in Tagen. bis
369 991 2990 1325 u lecht wied a at vesgegleich
3576 1122 6303 1452 sie ihn Vestaber aufühnte se; - Weih¬
252 1257 2859 1623 hath - at ne scavlant daer
3594 1371 6041 1690 nachlaßen kommen und in h.U.
4556 1502 5824 1683 with him about
359 1502 2912 1818 dauct rtond i et filsl in
3718 1580 6346 1893 man uch, in der erhätte und nie auch
352 1719 2965 2049 nicht nicht gerecht; - einer
3661 1776 6137 2077 Sterr is a man and to
3676 1953 6247 2234 ihre in Sohn ungekommen tat für
316 1957 2756 2323 de Hagel n. M. Eedzel en
1733 2149 1982 2301 me
3661 2117 6339 2536 filder - obre cin Mout deber"
330 2180 2994 2507 wort und will zu schweissete
4389 2376 4620 2479 was
3711 2323 6137 2607 nist uut dee toe orste hatte en
334 2411 3182 2791 of the City be in to Juny.
3697 2486 6158 2837 all feet   gelubt, I af nie
3693 2706 5973 3029 che Soh berider wird.
426 2671 2869 3022 - ou de nimènes vurell et
3761 2859 6119 3200 tot tenir encore le
380 2869 2983 3271 up bies it let I habe
3718 3093 6083 3477 in tail beant uni; aber je
373 3146 2663 3516 d Val Bde byul la
3779 3395 6055 3736 sib de 1/2 kan, xxx
433 3402 2994 3711 Dès dorbl ou fait, et des
344 3647 1875 3949 ad der Rt
3768 3629 6279 3985 von Marich fühlt sie dagegen
1914 3654 3093 3963 - it plein
