6760 4216
6054 81 6291 244 1.
5988 211 6365 432 694
2824 229 3186 481 891
259 399 3053 684 was in ihr in und verschlussen; wie er
3615 395 6276 710 ui, von Rilde   kan    kein Geillar
255 628 3182 954 Intll. ue n dartl. in hovet cgese
3645 610 6106 976 Als sie nie : - auf it Vater, shall ich
3545 832 6184 1138 sauler herheitter -
240 869 2916 1124 wede Seand eer Gefühl zu äge,
3633 1109 6398 1401 d werft je nie ne est. un d
266 1087 3238 1405 we Plaibert bringen.  Die
1124 1301 1734 1475 am
3574 1364 6254 1685 offenbar entbrett de Briefe keine
285 1349 3042 1641 heil A tibenlage
3874 1582 4443 1756 Edlewyl
3534 1549 6228 1996 Ampülung auf Berust; - woll
207 1586 3042 1878 nul Consuire totiut.. mais ils...
3545 1785 6346 2133 will ci verel l'un je f.- de tels
362 1819 3005 2077 To viel..  Huiden ihr liawe i der
285 2059 3005 2343 ste jedst, en necht slaa - komul
3578 2055 6446 2366 the Mott her at wath bestellt; -
3574 2321 6365 2635 ie hatt ihr mein selbst er zwei ein
310 2369 3216 2598 ne isd w alle an werden moffver.-
3582 2584 6435 2872 mal zu huib; ich kass wer ihm
266 2617 3024 2857 mulle in mittelmclat alle
5400 2739 5744 2905 ohne
3578 2805 6509 3142 abas - gerade unter der Umstände im
274 2854 2902 3149 in ihr seelischen Inver¬
3637 3038 5881 3401 ric u d entricht hettes
285 3105 3064 3404 kleine. Vereine halle nicht begriffen
3656 3264 6295 3593 in hall in de reill for find
292 3349 2776 3693 and in dine tat anr lle
3663 3504 6276 3815 him - So might are all do
347 3648 3031 3929 (betare) : de me
1892 3892 2754 4029 you go
