6728 4088
3638 308 4010 547 her0
403 315 3211 631 in Sie wenn allen at ne h
3971 396 6169 669 Tutort ien land ongeren
473 554 3295 887 n es gewischt hatte; abe de wollen
3677 617 6432 869 Kernchen wiedrig und, sach
442 792 3063 1111 das ne estoffe wollt in and
3642 792 6256 1129 were low yet I will see
424 988 3063 1293 eudelle. Je fehlt en vot
3614 1048 6302 1300 gust de Vaters... will emplimes.
5913 1202 6474 1367 alt in wch
431 1237 3119 1518 dudigkeit, et ne va Haare kam
3642 1297 6407 1626 Rihe..... Siegund Eaux Frau
3596 1451 6341 1742 not p  ... .    It  untmall
463 1451 2951 1823 Ils partient, des et de billères
407 1700 3091 1963 troublg  bekond wer
3631 1703 6263 1994 1mum, dem der tte Eu alte
400 1952 3133 2205 in war;  crislh
3659 2026 6186 2268 Unevie zweckung
403 2135 3137 2468 me fichl nie nach der fränglichen Cofal
3638 2187 6260 2489 du laix & c'est lon will ont
386 2334 3081 2625 at Theres sebve up Heir difo
3726 2404 6491 2758 geben dt mer - d. acht nieme
435 2580 3130 2776 one seld is in de sathaltiss
3666 2678 6435 2993 Sterl. Mabefil ive
417 2772 3007 3081 i siel ik sebve auf Ners daß
3680 2955 6193 3235 1stende ant d Land, in jure
410 2958 3011 3253 are toon in and the Reise of us
2527 3190 3284 3424 Zuwärkt
3680 3183 6015 3473 der S. fer is de heusch
407 3249 3204 3494 wie ihr jetzt erst klar wurck, - wche
438 3452 3221 3761 a/c you.  Theilea    [illegible] das Buhe
3614 3407 6120 3729 a ue eidliept,, lebe
