6744 4040
584 270 3148 584 Ihrt er den in sehr frembe
578 530 2972 824 for mr Julié, do i it plint
578 767 3111 1050 son, emeinte jehren... de jehe
551 952 2905 1186 yuer hart fuchtbar handl
676 1186 3205 1422 versant avec le bille verathe,
1847 1307 2773 1500 fonte de six
645 1375 3107 1638 wurft weiter. An Sichtle
598 1601 2976 1918 schuld, die zugleich eine Eilnnts
645 1793 3077 2030 isre Sotee beveulen
679 1959 3259 2297 sollte...  Unterwirkt.. Ob nun
746 2239 3117 2489 Ob dieser fusouenhang nur vor
709 2398 3040 2705 eine tohen Macht himmlich
750 2547 3009 2884 of - even is out of Richter
750 2840 3131 3074 that. blid to Berton hath
723 2999 3286 3236 heb work; - for lese Sterbins
942 3236 3063 3445 dens ne wares, and iner
814 3445 2976 3712 h un scherdel de Loren
5458 263 5792 432 Rese
6184 247 6535 480 810
3624 345 6289 635 bestimmt waren. für die hütte
3661 578 6265 898 eine Sohnes die Schuld
3651 784 6046 1064 is in diessen bestand. Für
3614 996 6123 1297 einmal: - und gab ich Alter
5451 1152 5877 1270 Ney in
3638 1260 6353 1500 fühlte. Jahr diese Selbtbesteil¬
3692 1500 6380 1689 in deese Hunde u in nicht bedrei¬
3658 1672 6265 1885 and beheil -    nen
3661 1837 6262 2162 chrem Emde  aan Dein si und
3698 2155 6221 2401 ne hren Ende indem in Tafs
3705 2290 6414 2601 in lein M. de Eur. das in erlott soll
3712 2587 6245 2834 nicht unter sieuln untien.
3715 2759 6194 3097 - So ausiehle ex Spar nicht wil
3698 2938 6164 3334 Mark des Berats.. 5 Trostes
3722 3219 6005 3516 die - das in Worte. die es
3746 3465 6009 3759 (A du Uurlezde)  du
