6872 4296
576 378 3239 675 Cet côté est d'Eur so bei jebenst
209 417 477 633 66,
396 612 2917 955 «Riv d jaie - nappel -
297 813 3077 1117 er ist en w brlle Seer, wie we
311 1043 2779 1400 me n turop ja wilt for ik
343 1238 3151 1627 na de til ick glas i onzu phep
495 1510 2861 1768 in his next sort. St.
417 1690 3154 2090 Sell fo Sied binn 1  der
453 1956 3257 2284 Tant had it orit ew
682 2175 2956 2514 weis in bewissen halve
644 2383 2688 2744 Couleman have
442 2532 3299 3034 lanter - wie der, Feltahar
626 2903 3398 3310 goed in eine Neig i ploklud
527 3225 3066 3511 Entschlug bet - we amf
530 3501 3253 3865 aif alle Cnicht des inteertes
1489 3855 3218 4081 ... in the sera
3575 184 3971 453 660
3741 357 4689 629 sein:-
4802 481 5276 693 take
3741 566 6422 888 Hr Mott den korn - und 1er, den
3692 817 6379 1061 mit ein Schocke, in Sariner
5032 1043 5966 1216 beaf eis gens jet
3653 1068 6273 1411 any nillest witt jong one
3766 1333 6461 1708 nettlich; den w  gewill
3702 1620 6125 1910 gung des gegen wieder
3731 1782 6319 2086 Tent Tld mariute - Nunt
3717 2019 6309 2398 du Depuß zurück Reres
3727 2253 6379 2610 2. Iohn in alle Unbefangende
3724 2578 6238 2854 wil einen vertändigend
3748 2794 6549 3211 saille Mecjechet...
3798 3147 6613 3522 Sir wan is kein Gort zu gegen
3798 3437 6337 3752 Mr Man, in de Cette gène
