6712 4184
6255 190 6551 409 582
3006 233 3267 490 15/
3781 257 6121 518 gebeogt kath.- Er reich auch in de
476 469 3059 641 are in-fore, we I speak. - we is few
3686 476 6293 782 polite. Verteillie in Hollem, un cœur
476 662 3041 867 wilseder; - hod mit sogar, als ihr sehr
3658 712 6279 916 not ik [illegible] Fribskarthen
123 708 321 934 be
356 821 2985 1163 lange nicht zustehen, lassen, und
4979 860 5441 1054 De cette
3661 948 6459 1233 "Vieler u böhle/ Weise.. Les Schwattes
433 1064 2949 1311 Iul ertrale debe eine so, fille
3686 1180 6364 1406 to trothe hews rahr it Vllibor but
433 1269 2854 1568 abred ab toend wohlgefalt that He
3682 1413 6255 1667 is Iahitg;.. He kubilst gal at ai weil
109 1501 271 1660 d
451 1483 2805 1797 Ueckdeei auf sich gesichtet. -
3654 1582 6297 1913 je deße nährlich bei dem
465 1744 2484 2016 4 - k 4. Noctue foft
3654 1825 6131 2139 du ceci obufbstlut Reu lune
553 1984 3150 2262 An inctile 4. hoft vat in der glant
3619 2061 6156 2350 un de vierige surlercle en cas
483 2216 3048 2477 Mich noch ein Oferebesuch luneitet
3598 2347 5099 2509 in a ouwafte wolle.
5180 2308 6226 2488 aber u ttal ei
4725 2442 6262 2583 u. w. ich gewandt hat
483 2393 2815 2699 Sinde ofof enzuel in coolet, ua
3859 2470 4736 2657 mit hofe 1. hort; -
4725 2516 6265 2643 et d jusd'a cinq aif. Buree, gellene
6244 2586 6456 2703 of thea
3703 2569 6135 2805 as a[illegible].
6265 2667 6463 2784 hood.
500 2569 3016 2949 desir oft besproche mit wie zu An¬
6262 2756 6477 2932 Spei
3598 2780 6424 3052 ne talle ci un ouilent bijdt oulante
511 2889 3059 3178 situé je l'ayt eu en jeune aie
6237 2999 6473 3111 Neile
6230 3122 6459 3221 cu est
3619 3013 6064 3252 a [illegible] the Giretive.
6212 3193 6463 3326 een op
536 3111 2911 3397 Vilmals gopegan in d Will
3608 3263 6012 3524 dast ne fntll allui oft. allgulen
543 3326 3073 3640 Mal wt Sile i it
4088 3425 4880 3619 - tout Teil
3626 3517 6276 3806 me ne ai colit hittagli tes, erienns
511 3573 3073 3904 to be of a gleich all Ehepa ther
