6536 4008
3469 199 5781 520 Münch - welche Aufmann
3508 453 5962 759 ſebord. Äm in Rebsicht für
3459 679 4732 967 Twee..... 262
3600 1089 6029 1428 The raf for auf Iuymbill of hord.
3603 1315 6032 1584 Mies d all Cune? - to John
3640 1523 5732 1795 an d tol de la Tol... et un cet
3854 1707 5292 1958 «  Nul gewes al oc-
3759 1893 4744 2129 schicktschicam...
3979 2074 5821 2328 "Schiht in Joseph - ne Sert
3747 2273 5549 2481 in 10 guld (ten konnte d.
3903 2560 5469 2842 Wassenht gelassen zi.
3805 2777 4955 3019 An 5 Friedhof -
4120 2927 4769 3151 Tobich : -
3872 3147 5928 3374 Hinaus - weilet ihn ab. - In Instan¬
4111 3276 5509 3456 o a cellest.. En altten.
3943 3368 5888 3600 came at a quarter... Here Antwort
3790 3542 4949 3747 S. W.   Nescropl
4123 3670 4839 3805 in a 2: to it.
