6824 4200
562 204 895 418 6bre
444 374 2853 655 Berer verbran. Dif-ci nd
359 588 2890 877 die Sate (wch amerik
311 825 3108 1184 abgelegt sie las, un ciel
285 1092 2868 1354 d Beulle ouilie nen...
529 1254 2897 1628 Doch glaubt u ten 2 tje ne
237 1517 2938 1909 d Rücke or Orteiams. Theill
244 1739 3219 2128 in wit - daß dem Anwalt  perme
307 2020 2993 2346 bei Frai in plangue aufgesundet
929 2231 1240 2420 in
285 2257 3097 2549 in this de Chiell; in just the
322 2435 3012 2805 -cl aben usd aber de Absicht
314 2690 3215 3004 in the the akerere The jegen
851 2919 1136 3075 no
344 2975 3086 3315 disclam un jusqu'il aime au
385 3245 2960 3496 as in uthe taf i as lom nch
392 3415 2694 3818 in Sanituen in I.
6401 166 6616 348 111
5461 159 5628 400 V.
3844 237 6453 577 offer, and to die ever
3763 518 6505 792 in de Beren wotsch, droozi
3741 766 6353 1143 wie ein Luft an der mit
3696 1066 6475 1410 ellgif. Me lrei...  W. pfler
3674 1369 6456 1639 wittheil zu sein - at er eine halb
3726 1554 6523 1861 Stück noch de ouetreiche Zeit nicht
3733 1772 6253 2024 de war, nuncile isit; na dann
3718 2016 6497 2224 boulela Turtei wartel:-
3718 2168 6582 2490 vorgeblich; - wie weitere halbe Stunde¬
3756 2379 6530 2782 verzog; ni wurde & we hig; - m'est
4407 2586 5572 2745 do ne ralh hen tel
3730 2697 6456 2901 schlossich, in dem Militzeit ist, das
3733 2890 6412 3101 in A Haar i.e, p telefone. La
3678 3049 6268 3341 to I put kan ab is well of
3700 3293 6201 3567 no he ineinand... die wertet
3663 3567 6560 3885 in Comile, xyz ging dei droit
