6872 4216
6281 203 6564 403 200
519 250 3150 573 xbr gebl. ersett une
3676 363 6361 584 Nous nous ce que Thure deux per, mondre s'est
3665 570 6387 842 Stelle a. Wohnse.  Verzeih.. est könnte nicht
367 573 3001 849 -ia.. Die He Brud cyculla.
356 795 2413 1067 wirin d wolle tat.
3632 751 6546 1041 on der. Wie wemst des f. de. nicht ander
3680 951 6554 1241 kneuter -: W nein. es ist verpflichlet der
566 1078 3237 1372 Si ce prot f a vu de jugere
3741 1165 6517 1412 si nicht. Da het z vielenleit, vollz frei - u.
345 1263 3008 1633 weill gebart hatt - auch
3701 1357 6535 1611 demi futchlaise - Was heeft da frer - lb
3658 1582 6397 1778 Theire-ut will jas wst pres wa,
374 1546 3219 1803 it son, et ce qui s'est hielt.
3621 1796 6452 1989 de da nennst. Aber jetzt wecht ist wenn nur
468 1796 3331 2108 i-ma eu this-il  de feu, sapl
3665 1999 6495 2243 den Herr Bude eigentlich bei der gewolle
363 2076 2918 2348 the [illegible] I
3651 2221 4155 2417 bei - :
3756 2326 6485 2645 Sie wo poh. f c in den Janart offeeben
399 2351 3153 2616 in 2 hove dalissier et volle.
3701 2584 6463 2863 couhl gebore tell,  aenbled co nel den
432 2566 3262 2925 thim Saft Fany yorke - dud
3683 2772 6445 3070 est ce je viehlig tiell:- uor ere Neuert
403 2841 3092 3139 die Alrin Tage und Emerit.
3683 2928 6383 3306 nort ewe Shar. dand fest, Ihr —
425 3110 2961 3440 serensel iste.
3785 3248 6379 3498 Hutzeil en Josephus delffier i sollt
3741 3415 6027 3672 s'a 5 f de leur à Fraurer : -
399 3407 1252 3676 erst ein
3748 3625 6416 3814 Owenit ernfall ich ersossen soll
2126 3788 3041 3977 amorou
