6920 4440
6151 144 6394 301 14.
3004 236 3329 500 1-1
6285 274 6579 527 oe
3723 312 6062 685 Mir amt prte in solcher Periore
469 490 3182 777 wieder, in de Somma; da nie weit
3716 586 6456 867 holte  ni T ri  u m Mønner... rien
435 644 3120 1004 Berta zusammen gerere und — stet und
3754 832 6501 1014 haient ici ne nouveau allulé
490 949 3082 1202 A Rector a de donn; et en t-on en une
3843 976 6432 1223 hall in Tonn in leiten Art:-
3809 1110 6107 1387 deur ne sich fort, ne les id
606 1141 2836 1363 ber fortlichkeit wieder auf ein¬
4843 1226 5377 1377 -e  bepere
3768 1319 6364 1579 I am thea -; un
538 1284 3045 1510 konnte er nach frhlt. Oeken... .   Reifan.. de Major.
668 1449 2969 1644 Von Rechts Kirchen. Alle in verbreitet
3795 1438 6179 1757 haplock un etwa - aber ei wur
555 1617 3017 1826 in der Lige ein die de ce und kirt lebet uit
3802 1641 6278 1860 d'une vabeheurent héruve, et du
2298 1795 3059 1939 Cie tullen danken,
586 1815 1685 1980 das unterblicket...
2260 1846 2716 2021 un stauby
3771 1836 6340 2058 lunaris su le,- uit traient -
692 1928 2983 2113 d[illegible] and the unin dicr Hous les
5874 2007 6257 2154 eren.
2182 2100 2350 2219 Ein
3819 2062 6285 2274 in myn Mel - in we will
685 2079 1897 2260 Euer Tage von Rechte
812 2247 2832 2442 Jetzt: Ein Nachmittler vom leben. Holl.
3836 2271 6319 2493 ne in - Ridm - aber zwar; et
688 2415 2528 2617 Iement-trang. off ayslei halte.
3812 2442 6333 2678 bey   ni même ich un
795 2620 3172 2788 S. Zoll.    in große Zent...... Fr. Feld je Hain
3819 2582 6377 2880 An dind die Somam, wo sie da
808 2761 2336 2932 Hout und zu heilte. Beyst.
2740 2761 3274 2922 W in it kant
3761 2819 6312 3096 erst hat die muge eine nur
712 2874 2747 3120 Bles, kant... “Hart. gelv...  Je fahr weg.
2805 2880 3291 3024 over lhnd.
914 3017 2812 3213 neem in b in   de rusperit
4045 3028 6504 3271 goordus toin one onolly withled
829 3079 2617 3391 - Kuntre.. Lebe selv... Ich nicht in
3819 3233 6398 3432 Mr M- n en eux
832 3309 3254 3517 A & wahr   "    xx  (hagel - will sort him
2332 3439 3045 3651 unbegreiflet sujet.
3795 3384 6192 3654 hulle in geflichtheil — die er
1069 3459 2086 3672 - Auvembre 1, avec
945 3569 1373 3768 He   ...
1767 3617 2545 3846 Sie ist alles haben...
3795 3589 6244 3881 in den verhaltete iedurch
997 3778 1651 3980 F.TrubyKing
