6728 4104
2867 163 3194 362 1o3
6039 199 6300 370 6 21
3592 319 6297 576 ulleicht die wortohl tride i uutte
2730 362 3136 602 609
297 471 3009 837 Aufzusche, aber dass schrechte negenwil
3571 500 6246 816 ist de unerweit Beruch (des k Bau
362 663 2933 953 er allen weil sie nicht einre Knort
3480 758 6333 968 in keinem inte das inmeteben Ausblabe
326 942 2994 1120 of cet dort nberton me -    ce welche
3560 950 6351 1312 de hille beizemagt war), - wille
337 1098 3002 1392 I am jedl me ne überhaupt empfang
3531 1247 6438 1483 zu der xxx geleinweis
315 1272 3002 1494 [illegible] he hulle abe wie apieter -
3592 1436 6206 1689 Deren und de Beren et B M
297 1468 2918 1823 (not fort euue Juhie.) halle ne
362 1707 2929 2048 Ce eue fait voir propre Site, je crai
3658 1675 6297 2005 Wirchte -; - de luitt erklaut /:
301 1918 3070 2240 weil ne de hiemit beide alte Fis
3658 1932 6380 2255 not of fact it was bleit it her
355 2218 3197 2472 seveitall de lezt ître mieux
3643 2190 6347 2523 entre sonst sollte zu keßen zu stell.
3567 2422 6300 2730 doch befreit. de Oost syn ce
279 2447 1475 2766 on fjer bot hall
5749 2672 5941 2791 du
337 2704 3208 2929 Uw étel, au Morgen nach einen deächst
3701 2737 6336 2947 schuldigt zu erstelle, - was den de deli
344 2867 3234 3204 Sincervorgen; - at ware the dic Entschluf
3654 2969 6442 3179 lis 1 un résolu - pp cui schulds
334 3110 3092 3455 in fklef in taun gekommen.
3716 3157 6152 3429 allerdings -, nach den Berese
337 3335 2501 3698 marfte ne sich auf de Wi
3741 3422 6427 3784 verpflichlet war, de Iui velest on
410 3487 3030 3842 ist - Neill Schönehl we is
