6744 4088
3900 224 4247 425 6 26
2856 231 3188 388 623.
3576 261 6507 597 [illegible] lea nesoncuter fflicht; -inder
328 347 2946 731 - is même une  du
280 608 2990 943 eive (des Mies is lustast.. con
3580 507 6425 936 enfant - d. Kevilom, d.f. in kei
321 820 2979 1163 we in. hele, heb Jahrer wil
3553 779 6171 1089 leend weft, in der ne sich do
444 1078 861 1238 1 to
3561 1074 6331 1436 selr kath ondert kenne, u u ci
257 1100 2931 1473 the tst geprelt hath. -de doma
3602 1249 6227 1637 p-a Erch in Rest. a/d So.
265 1372 2427 1682 be quein ine....)
1141 1529 1682 1723 at dem
3632 1521 6447 1902 v. Anträge - und daß die Trind¬
384 1544 2804 1876 be better, wohnte in einem
4016 1756 4888 2025 Die Stadt weil
3617 1805 6399 2178 m. Laufde feld Jeitio iboue ik
384 1861 2961 2077 neves haplider verstortert t'astavi.
1779 2055 2207 2207 Herrn
3580 1973 6372 2442 pouvre war; als beige ihr sehr
302 2125 2618 2409 er in Hennet de Hauptstufs
2461 2178 3140 2420 in die Theeure
3621 2222 6410 2610 it seundtert, je tage
291 2338 3095 2674 1mai, wie Heren Teidselt
3665 2502 6302 2841 dans ab... Un peu; de ceci ete
306 2532 3203 2882 J u r ou t emand all t. cem Mamlen
3680 2718 6328 3061 erst in den letzt Tjes (zweyst)
380 2811 2972 3072 will  -  wa ging une perese
3815 2994 6287 3334 beweft jemand - stellte sich it
190 3039 3192 3326 a en statué, le ciel alle Beantenseville.
3658 3184 6495 3598 d Repriff, Lood, Timme, Über
365 3270 2737 3516 is we do townl inbekon
3833 3408 6376 3770 seuen viele dergleich mit — viel
403 3512 3158 3759 of ne de jel, ne deur en
