6744 4200
634 377 2991 735 Ewersprochen deben wirkl.
612 683 3018 947 intr abe aboc iad aber in
630 959 3025 1261 êtes intérêt naturler
578 1209 2768 1604 Zur Bewertung der Cur
571 1447 3320 1820 for a far. W. Zahl Thilder
683 1775 3163 2089 - - D. wie weit i de motl jets
556 2040 3193 2320 - Elle même ci une volle ts 11 lage
515 2253 3174 2671 chef in the Mark is it gehort
615 2514 3301 2894 me out of we pr & til tah wok
522 2831 3197 3111 will  die Hochtstrein. I
854 3040 2965 3391 is aare ce pce ln
802 3335 2876 3663 Wellin. Ren ud
731 3588 3323 3961 Weltzmann - - dier Christl.
3648 209 3946 351 T 11
6099 183 6442 429 64/
4207 295 4424 459 our
3495 429 6494 724 helle de Ses te mokolissers ander ge-
3547 630 6266 947 - ciue être Tg. - et Heu C
3502 947 6345 1238 domic gueitnet, daß ik in
3525 1104 6076 1544 Ausb. wie eintreff mir
3491 1391 6218 1690 was en Telegen and
3577 1693 6423 2040 angelegt u i. d. Urtel Stiel.
3588 1928 6345 2350 stet de Haupt de Slop u See¬
3745 2227 6158 2618 in Re-a-g-
3596 2454 5860 2783 Invement befudnment
5707 2577 6300 2887 d Fritz
3626 2749 6363 3055 in teil... und in Märter
3663 2999 6389 3301 wo sie woll welt zura sein...
3670 3267 6263 3544 Justiz. und Rank.
3667 3573 6199 3827 No... I hab... he has in
