6824 4152
3727 138 3960 328 an
6326 255 6625 473 7-12
2985 382 3327 633 715
3797 371 6632 710 halt ist in dem wegleitliche Recht
470 448 3207 739 men ; - et en en la et half enfes sein
935 699 2282 874 sere not hble
3789 630 6399 994 selbst.. gifte in der gefangenste
473 743 2846 1030 Yours for the surlea wolle
1376 906 1682 1016 be in
3858 914 6432 1278 jestitet, un peuvent-m
622 957 3087 1252 offre de gelegentant leurs
3844 1110 6621 1452 ich ein so all heb los zi ein.
506 1154 3294 1474 alle, we a Hufsjegt ne, de selver
4292 1383 6519 1631 Und nesagte... Sis rgte wittant
473 1383 3396 1718 is it angenomell war.  Anschs'y oalat
1776 1565 2060 1696 ce 10
3858 1547 6537 1835 at... It went in juillant
608 1594 3218 1867 un de stafs du keu votre d
2297 1798 2610 1940 seigner
3746 1744 6665 2086 "o uni wllst"  Mr  eijaille
528 1824 3210 2122 Hof them, de nie ine gepil - de
3789 1951 6552 2275 in he wollte. wa it fordert to we
539 2060 3196 2300 spent ue a 1/2 en tout et de
1769 2239 2566 2399 durch tout
3753 2217 6432 2468 kla; - and the a [illegible] or kind
470 2304 3170 2654 ce mit ersche gekommt fühlten.
3771 2413 6417 2715 in wohl Finken, daß
513 2555 3061 2828 Aber. Mes is one best coeile in it
3746 2646 6286 3007 in the mochtly at which
502 2766 2865 3043 wollt.. was er his me
3804 2854 6439 3312 Voir et que chez désert un which
491 2978 3265 3349 manll fortzige de dort der
3800 3141 6294 3582 Iroque nie (überhaupt) keurer
546 3258 2817 3622 Gup allkinanndl
3909 3447 6668 3869 einkefs auf zu rechte er Hand
462 3513 3050 3797 was -, do M if wegh kla..
