6952 4440
6176 62 6426 326 1 4
3046 236 3285 395 1
6350 254 6632 526 23/
5965 326 6328 580 lill
2832 377 3158 609 296
515 413 914 580 about
3869 381 6596 645 E une seltsen - Tufd jouer et hantout
366 475 2948 780 in huye. - a if cheut oul des i
3775 627 6400 954 in the... Jeur du billier. Laille
352 707 3253 943 d tavril de présententent, nous en
3764 849 6321 1171 i Bempta dafé une ceci, un
363 928 2999 1113 on cleur sie avec aller en dieu en pas
1001 1095 1741 1266 ce qu'elle
3753 1099 6357 1425 toffungslos et sehr sei - Je dus
363 1142 3173 1458 Abeau, du né nul de travaillent
4460 1320 4783 1425 was.
656 1331 812 1501 re
3782 1342 6288 1661 Tien sept uit, weil les bewelt
410 1458 3187 1679 vertante - in cum forttonuml veit utl
693 1610 3184 1911 in Abwitzung - in drei Pachant -
3829 1632 6154 1824 geinten einbestimmel dort zu alen
526 1842 2963 2100 Könten; - in Neuerkand, Nun u
3789 1853 6154 2125 of yeo. F. blig. ober esquellut
403 2038 2923 2343 in Bealuben, da sich es um
3746 2056 6654 2415 Macht in wis de Sine regte
432 2281 3191 2557 regmul; - n in ere Kneh sa Bild,
3800 2339 6067 2680 Sie Nieute giub u cola Frior
1095 2469 1509 2629 viem
442 2524 3187 2789 der -  unterst nicht der ihm, in dem
3688 2524 6408 2865 Nove trouve, dire n'en fait, dont
1295 2665 2756 2861 in d i a d ofill de Blumat
363 2712 2992 2970 ne it beibtet. difs in and in
3739 2832 6422 3097 in unberm in asi an deu
384 2897 2876 3180 Kile novem. Blen aif de vil
2034 3082 3140 3282 me t de Keihlbe
3757 3017 6215 3300 ne suis enverte, je me ai
457 3151 3177 3449 tot plegt) ;- indem in it andul
3760 3282 6284 3695 der meiberung überleue einverbot
439 3391 2832 3648 desse ne mnd hoff mocht.
5026 3478 5613 3637 ne wlet of
3855 3539 6386 3851 Ritomt in jene Sincaben
504 3575 3148 3866 in i habtt uihs & Beaue
