6824 4248
4353 177 6508 422 mea ai bend fortfall
508 296 876 548 6 E0
3690 299 6462 645 moit "Resturant aufgewicht, -
393 407 3294 678 Bueven den unvermehrt, und daß
3679 591 6526 861 m'e gi weilen ging u jest je meile
339 659 3009 901 er ita, de ni dut un ci un. c
2285 861 2555 984 w A
3679 804 6314 1157 in behanden Holet, und beim
339 890 3204 1211 re get in oulobt weg the Sir 1st
3697 1052 6350 1398 s'apre he in cinz Mel- w de Oper
342 1157 3070 1442 va der na the offenta. An ce
5269 1261 5813 1442 Reite
3679 1373 6494 1651 si écrire de fevrier dans le
411 1416 2991 1697 Vous ne en temeure à cluis
3669 1582 6498 1885 et ne bel. ont avec «du juge
378 1669 2807 1989 sberasdte I hverl... Will
3679 1784 6116 2083 markt bei ihr - und über die
378 1921 2883 2357 Une intiencien nouvelle
3694 2007 6389 2360 Puliln be ik;    end ei cimas
328 2267 2984 2591 me fast. jes etwas blos.... Mr
3733 2270 6462 2627 Speiste Sous la ci vie - this
335 2548 3034 2854 du cbevolu Rassecune onbeley
3723 2548 6400 2944 to in said sort. - je n'en
393 2757 2995 3204 so liesse ist ni is nn Verlieb wen
3705 2775 6440 3240 Abe gera dier zuräumein
3766 3060 6487 3532 vulich in ein Belangenheit.- dass
447 3182 3236 3456 May wehr on;   Pherette... i tariete
454 3406 3092 3665 oliet der Verliebe; - sai che cœur
3824 3341 6526 3820 hächtele der mir Magd, nach
483 3672 3146 3993 es jany recht...den over ou hek
