6664 4136
2817 208 3163 449 604
2364 274 2605 394 in
401 263 2974 551 in nicht ander war; je m'en ai
6126 292 6451 482 60F
3539 347 6473 671 in Faienpr dank in ce Garteweldervant
4309 555 4897 719 auf Meil
361 493 2934 719 was in uga at Entstuldg onge
3579 591 6458 930 - a der an de Holle &de Ueiluch
339 686 2817 978 blieben; and and at the bei d
3481 788 6177 1120 A diese Abenden.  Der Wollstein
2098 934 2959 1171 Schlall
387 945 2018 1219 no but I had at man
3517 1080 6155 1324 sonst oit weist rechtteil, gesprochen
365 1197 2810 1427 termetate cie ci in theilimel.
3521 1273 6345 1635 there a due kind offell worthy;
482 1397 2707 1565 ahndelent bei uihr end we
5276 1503 5656 1678 nbell
1449 1514 2711 1697 gut. Acht ist sich mit i
3496 1536 6214 1781 née soutient.. ou de volontaire; - nui
438 1627 3028 1901 attintled (that we will es un
3539 1744 6279 2018 ne wer wurkegs, obt recht zu wer¬
482 1846 2992 2156 Erwehn Down - of - men.
3576 1974 6228 2207 Werth geistöftlich Verdrechten
416 2116 2955 2408 then - Das we ne wier terzlich
3536 2207 6064 2587 Kerte verlegen und Unsach waren
369 2386 3032 2675 fait auju ilorsen - aigeb en
3558 2521 6258 2744 Uns necepfand den wadel tod
434 2645 2934 2999 Ober Aponez en Stadtpart sur
3583 2733 6079 3043 I have also now been high their
445 2886 2828 3174 ne pela sporeuse un velks
3590 2970 6017 3251 is here to get in he
460 3083 2558 3412 out - de mal & wee
3561 3178 5977 3528 I can may not let
456 3302 3076 3693 absigte - endle ka en Abendon
3838 3496 6283 3813 a jour ce Jegentheil, ne rpe
