<?xml version="1.0" encoding="UTF-8" standalone="yes"?>
<PcGts xmlns="http://schema.primaresearch.org/PAGE/gts/pagecontent/2013-07-15" xmlns:xsi="http://www.w3.org/2001/XMLSchema-instance" xsi:schemaLocation="http://schema.primaresearch.org/PAGE/gts/pagecontent/2013-07-15 http://schema.primaresearch.org/PAGE/gts/pagecontent/2013-07-15/pagecontent.xsd">
    <Metadata>
        <Creator>prov=READ-COOP:name=TrHtr:version=2.1.0:model_id=51170:date=14_08_2023_19:12</Creator>
        <Created>2023-05-10T14:35:53.308+02:00</Created>
        <LastChange>2023-08-14T19:12:31.436+02:00</LastChange>
        <TranskribusMetadata docId="1428642" pageId="55423029" pageNr="125" tsid="132822335" status="IN_PROGRESS" userId="64420" imgUrl="https://files.transkribus.eu/Get?id=XIBFMSJJYDITZVDTESVCYOHV&amp;fileType=view" xmlUrl="https://files.transkribus.eu/Get?id=SMLFAMJDMVLWZAVLTIQNLVWK" imageId="44697108"/>
    </Metadata>
    <Page imageFilename="1428642_0125.jpg" imageWidth="6760" imageHeight="4232">
        <ReadingOrder>
            <OrderedGroup id="ro_1711816754401" caption="Regions reading order">
                <RegionRefIndexed index="0" regionRef="tr_1"/>
            </OrderedGroup>
        </ReadingOrder>
        <TextRegion id="tr_1" custom="readingOrder {index:0;}">
            <Coords points="256,260 6482,260 6482,3758 256,3758"/>
            <TextLine id="tr_1_tl_1" custom="readingOrder {index:0;}">
                <Coords points="6097,402 6171,402 6219,365 6241,380 6274,365 6285,376 6315,369 6348,391 6370,372 6392,376 6381,206 6351,210 6303,181 6278,192 6245,166 6189,203 6167,192 6119,236 6086,232"/>
                <Baseline points="6112,310 6201,322 6291,328 6380,328 6398,328"/>
                <TextEquiv>
                    <Unicode>6 +</Unicode>
                </TextEquiv>
            </TextLine>
            <TextLine id="tr_1_tl_2" custom="readingOrder {index:1;}">
                <Coords points="394,442 420,442 431,431 439,439 450,428 472,442 501,428 516,439 531,424 619,453 612,288 579,295 564,313 549,299 468,306 453,291 431,306 420,295 387,299"/>
                <Baseline points="411,370 501,376 590,382 626,376"/>
                <TextEquiv>
                    <Unicode>xx</Unicode>
                </TextEquiv>
            </TextLine>
            <TextLine id="tr_1_tl_3" custom="readingOrder {index:2;}">
                <Coords points="936,546 1139,546 1187,586 1231,553 1567,546 1607,579 1655,535 1740,557 1828,531 1828,461 1692,479 1604,431 1530,453 1497,428 1441,453 1205,428 1150,461 1032,402 936,409"/>
                <Baseline points="955,513 1044,519 1134,519 1223,525 1313,525 1402,519 1492,525 1581,525 1671,519 1760,519 1838,513"/>
                <TextEquiv>
                    <Unicode>Verdienst Eulgen</Unicode>
                </TextEquiv>
            </TextLine>
            <TextLine id="tr_1_tl_4" custom="readingOrder {index:3;}">
                <Coords points="3417,575 3900,571 4324,708 4615,616 4822,704 5069,557 6381,616 6381,490 6182,420 5426,343 5198,413 4575,310 4125,498 3421,446"/>
                <Baseline points="3438,537 3527,555 3617,561 3706,567 3796,567 3885,567 3975,567 4064,561 4154,555 4243,561 4333,561 4423,555 4512,555 4602,561 4691,567 4781,561 4870,561 4960,555 5049,555 5139,549 5228,543 5318,543 5407,537 5497,531 5586,531 5676,525 5766,519 5855,525 5945,525 6034,525 6124,531 6213,543 6303,555 6386,555"/>
                <TextEquiv>
                    <Unicode>aniersse ofe selfe belle. - das bevak</Unicode>
                </TextEquiv>
            </TextLine>
            <TextLine id="tr_1_tl_5" custom="readingOrder {index:4;}">
                <Coords points="2761,590 2864,568 2897,586 2945,564 2964,582 3034,571 3085,605 3189,597 3185,380 3137,387 3119,409 3093,394 3023,409 2964,442 2908,413 2842,442 2757,446"/>
                <Baseline points="2781,549 2871,555 2960,555 3050,555 3139,561 3199,561"/>
                <TextEquiv>
                    <Unicode>1661</Unicode>
                </TextEquiv>
            </TextLine>
            <TextLine id="tr_1_tl_6" custom="readingOrder {index:5;}">
                <Coords points="273,745 678,859 1316,667 1806,767 2038,656 2879,719 2905,579 2544,630 1957,531 1725,623 770,516 276,678"/>
                <Baseline points="298,722 316,722 405,728 495,728 584,734 674,722 764,722 853,716 943,710 1032,710 1122,704 1211,686 1301,668 1390,662 1480,662 1569,662 1659,656 1748,650 1838,644 1927,638 2017,638 2107,644 2196,632 2286,644 2375,644 2465,650 2554,656 2644,662 2733,674 2823,680 2912,692"/>
                <TextEquiv>
                    <Unicode>was for der Stade in fkon de ne</Unicode>
                </TextEquiv>
            </TextLine>
            <TextLine id="tr_1_tl_7" custom="readingOrder {index:6;}">
                <Coords points="3697,715 3738,734 3823,708 3874,726 3915,715 3959,745 4018,708 4103,697 4103,634 4040,641 4007,612 3985,630 3977,619 3948,630 3918,601 3874,619 3834,597 3808,616 3786,608 3701,630"/>
                <Baseline points="3718,710 3754,704 3844,698 3933,698 4023,698 4112,680"/>
                <TextEquiv>
                    <Unicode>plotte.</Unicode>
                </TextEquiv>
            </TextLine>
            <TextLine id="tr_1_tl_8" custom="readingOrder {index:7;}">
                <Coords points="3454,874 4534,914 4707,837 4965,933 5526,756 6289,781 6292,656 5725,582 4958,734 4726,645 3458,759"/>
                <Baseline points="3479,847 3521,847 3611,841 3700,835 3790,829 3879,823 3969,817 4058,811 4148,805 4237,799 4327,799 4417,799 4506,793 4596,793 4685,793 4775,787 4864,787 4954,787 5043,781 5133,775 5222,775 5312,769 5401,764 5491,752 5580,746 5670,734 5760,734 5849,734 5939,734 6028,734 6118,740 6207,746 6297,752"/>
                <TextEquiv>
                    <Unicode>will der gep die Balsast</Unicode>
                </TextEquiv>
            </TextLine>
            <TextLine id="tr_1_tl_9" custom="readingOrder {index:8;}">
                <Coords points="232,969 1132,911 1371,977 2153,866 2414,925 2698,881 2702,774 2256,693 1755,793 863,778 638,877 240,770"/>
                <Baseline points="256,907 292,907 382,919 471,925 561,931 650,931 740,919 829,919 919,907 1008,913 1098,907 1187,895 1277,895 1366,889 1456,889 1545,889 1635,889 1725,883 1814,877 1904,871 1993,865 2083,859 2172,859 2262,859 2351,859 2441,859 2530,859 2620,865 2709,865"/>
                <TextEquiv>
                    <Unicode>décret de j'uffill de Seilen</Unicode>
                </TextEquiv>
            </TextLine>
            <TextLine id="tr_1_tl_10" custom="readingOrder {index:9;}">
                <Coords points="1095,1058 1121,1062 1139,1047 1154,1047 1191,1006 1239,1028 1261,1021 1253,929 1235,933 1198,914 1180,929 1143,922 1132,933 1117,929 1110,940 1084,944"/>
                <Baseline points="1104,966 1193,978 1265,984"/>
                <TextEquiv>
                    <Unicode>a</Unicode>
                </TextEquiv>
            </TextLine>
            <TextLine id="tr_1_tl_11" custom="readingOrder {index:10;}">
                <Coords points="3447,1205 4339,1062 5198,1117 5599,995 6385,1113 6392,951 5544,811 4921,981 4648,840 4479,951 4129,877 3461,984"/>
                <Baseline points="3469,1159 3527,1152 3617,1140 3706,1122 3796,1116 3885,1104 3975,1092 4064,1086 4154,1080 4243,1068 4333,1062 4423,1056 4512,1044 4602,1038 4691,1038 4781,1032 4870,1020 4960,1008 5049,1002 5139,996 5228,990 5318,990 5407,984 5497,984 5586,978 5676,978 5766,978 5855,978 5945,984 6034,990 6124,996 6213,1008 6303,1014 6392,1014"/>
                <TextEquiv>
                    <Unicode>(de Umslaud), daß nedis aon</Unicode>
                </TextEquiv>
            </TextLine>
            <TextLine id="tr_1_tl_12" custom="readingOrder {index:11;}">
                <Coords points="977,1176 1526,1202 1747,1121 2352,1106 2569,1216 3060,1139 3060,958 2920,933 2499,1080 2245,973 2097,1065 1895,1028 1729,907 1463,1014 977,1032"/>
                <Baseline points="996,1122 1086,1128 1175,1134 1265,1128 1354,1128 1444,1122 1534,1122 1623,1122 1713,1116 1802,1116 1892,1116 1981,1110 2071,1110 2160,1104 2250,1104 2339,1104 2429,1110 2518,1104 2608,1110 2697,1110 2787,1116 2877,1110 2966,1116 3056,1122 3068,1122"/>
                <TextEquiv>
                    <Unicode>Er bestand aus dazart, daß</Unicode>
                </TextEquiv>
            </TextLine>
            <TextLine id="tr_1_tl_13" custom="readingOrder {index:12;}">
                <Coords points="276,1235 354,1253 428,1213 582,1257 759,1183 793,1198 918,1176 918,1095 793,1069 652,988 523,1032 450,1006 369,1058 328,1043 276,1062"/>
                <Baseline points="298,1146 387,1146 477,1152 567,1157 656,1157 746,1157 835,1146 925,1128"/>
                <TextEquiv>
                    <Unicode>halle.</Unicode>
                </TextEquiv>
            </TextLine>
            <TextLine id="tr_1_tl_14" custom="readingOrder {index:13;}">
                <Coords points="3509,1449 3915,1386 4294,1482 4693,1305 5363,1228 6329,1301 6366,1084 5419,1051 5035,1165 4567,1117 4342,1279 3524,1257"/>
                <Baseline points="3533,1420 3587,1414 3676,1402 3766,1396 3855,1390 3945,1384 4035,1378 4124,1378 4214,1372 4303,1360 4393,1343 4482,1337 4572,1319 4661,1301 4751,1295 4840,1277 4930,1271 5019,1259 5109,1253 5198,1241 5288,1223 5378,1217 5467,1217 5557,1211 5646,1211 5736,1211 5825,1211 5915,1217 6004,1217 6094,1229 6183,1247 6273,1259 6362,1265"/>
                <TextEquiv>
                    <Unicode>halteve geliebte in Rilde Valle</Unicode>
                </TextEquiv>
            </TextLine>
            <TextLine id="tr_1_tl_15" custom="readingOrder {index:14;}">
                <Coords points="4593,1404 5533,1401 5677,1342 5953,1401 5961,1261 5548,1323 5220,1253 5139,1305 4597,1327"/>
                <Baseline points="4614,1390 4619,1384 4709,1378 4799,1384 4888,1378 4978,1378 5067,1366 5157,1366 5246,1360 5336,1354 5425,1354 5515,1348 5604,1337 5694,1337 5783,1337 5873,1331 5963,1331"/>
                <TextEquiv>
                    <Unicode>Soe y ait alld an an -</Unicode>
                </TextEquiv>
            </TextLine>
            <TextLine id="tr_1_tl_16" custom="readingOrder {index:15;}">
                <Coords points="291,1427 2595,1401 2658,1220 291,1312"/>
                <Baseline points="310,1378 340,1378 429,1378 519,1372 608,1372 698,1366 787,1366 877,1360 966,1366 1056,1366 1146,1360 1235,1360 1325,1366 1414,1360 1504,1360 1593,1360 1683,1366 1772,1360 1862,1360 1951,1354 2041,1354 2130,1354 2220,1348 2309,1348 2399,1343 2489,1343 2578,1337 2668,1337"/>
                <TextEquiv>
                    <Unicode>ne sisit  nach der ihre</Unicode>
                </TextEquiv>
            </TextLine>
            <TextLine id="tr_1_tl_17" custom="readingOrder {index:16;}">
                <Coords points="3576,1736 4405,1611 4538,1677 4799,1548 6315,1559 6329,1412 4541,1390 4283,1533 3594,1548"/>
                <Baseline points="3599,1719 3647,1707 3736,1689 3826,1677 3915,1671 4005,1659 4094,1653 4184,1641 4273,1623 4363,1611 4452,1593 4542,1575 4631,1563 4721,1557 4810,1545 4900,1539 4990,1534 5079,1522 5169,1516 5258,1510 5348,1504 5437,1498 5527,1492 5616,1486 5706,1480 5795,1468 5885,1462 5974,1456 6064,1462 6154,1468 6243,1468 6333,1468"/>
                <TextEquiv>
                    <Unicode>Ue...  Es selbst, wie ich noch</Unicode>
                </TextEquiv>
            </TextLine>
            <TextLine id="tr_1_tl_18" custom="readingOrder {index:17;}">
                <Coords points="332,1618 973,1703 1463,1592 1714,1688 3141,1648 3141,1500 2768,1393 2485,1486 1998,1441 1832,1537 1032,1434 332,1474"/>
                <Baseline points="352,1617 376,1611 465,1605 555,1593 644,1593 734,1593 823,1593 913,1599 1002,1599 1092,1593 1181,1593 1271,1587 1360,1593 1450,1587 1539,1587 1629,1587 1719,1581 1808,1581 1898,1581 1987,1581 2077,1581 2166,1581 2256,1581 2345,1581 2435,1587 2524,1581 2614,1581 2703,1581 2793,1581 2883,1581 2972,1581 3062,1593 3151,1587"/>
                <TextEquiv>
                    <Unicode>Erbarking (i weg) schon to (Schönen)</Unicode>
                </TextEquiv>
            </TextLine>
            <TextLine id="tr_1_tl_19" custom="readingOrder {index:18;}">
                <Coords points="3528,2005 4670,1810 4844,1876 5238,1744 5717,1884 6016,1744 6285,1755 6300,1615 6171,1515 5776,1655 4788,1629 4328,1799 3546,1843"/>
                <Baseline points="3557,1957 3611,1957 3700,1945 3790,1933 3879,1922 3969,1910 4058,1898 4148,1886 4237,1868 4327,1856 4417,1844 4506,1826 4596,1808 4685,1796 4775,1790 4864,1778 4954,1766 5043,1760 5133,1748 5222,1742 5312,1736 5401,1725 5491,1725 5580,1719 5670,1713 5760,1713 5849,1713 5939,1713 6028,1713 6118,1713 6207,1713 6297,1707"/>
                <TextEquiv>
                    <Unicode>ein ohne mit Mort dann ƒ: ingesche</Unicode>
                </TextEquiv>
            </TextLine>
            <TextLine id="tr_1_tl_20" custom="readingOrder {index:19;}">
                <Coords points="358,1869 652,1976 911,1865 2986,1814 3111,1795 3115,1670 1585,1773 1360,1644 992,1740 852,1640 361,1777"/>
                <Baseline points="382,1856 435,1850 525,1838 614,1844 704,1844 793,1850 883,1850 972,1850 1062,1856 1152,1856 1241,1856 1331,1844 1420,1838 1510,1832 1599,1832 1689,1826 1778,1820 1868,1808 1957,1802 2047,1802 2136,1796 2226,1790 2315,1784 2405,1784 2495,1784 2584,1772 2674,1772 2763,1766 2853,1766 2942,1772 3032,1772 3121,1766"/>
                <TextEquiv>
                    <Unicode>an ferlek - wird so blieb ihr unter</Unicode>
                </TextEquiv>
            </TextLine>
            <TextLine id="tr_1_tl_21" custom="readingOrder {index:20;}">
                <Coords points="745,2002 973,1968 1135,2042 1423,1943 1578,1987 2016,1902 2540,1921 2580,1843 2208,1803 1349,1913 752,1884"/>
                <Baseline points="769,1969 799,1963 889,1957 978,1957 1068,1957 1157,1957 1247,1957 1337,1951 1426,1939 1516,1939 1605,1933 1695,1927 1784,1922 1874,1910 1963,1904 2053,1898 2142,1892 2232,1892 2321,1880 2411,1880 2500,1874 2590,1868"/>
                <TextEquiv>
                    <Unicode>de vie etre tels en allent une</Unicode>
                </TextEquiv>
            </TextLine>
            <TextLine id="tr_1_tl_22" custom="readingOrder {index:21;}">
                <Coords points="3506,2300 4571,2075 4785,2175 5282,2046 5717,2101 6163,1991 6174,1873 5832,1814 5128,1950 4811,1902 4073,2090 3896,2009 3528,2086"/>
                <Baseline points="3533,2208 3575,2208 3664,2196 3754,2184 3844,2172 3933,2154 4023,2148 4112,2130 4202,2118 4291,2113 4381,2095 4470,2083 4560,2071 4649,2059 4739,2047 4828,2035 4918,2029 5007,2023 5097,2017 5187,2005 5276,1999 5366,1993 5455,1987 5545,1981 5634,1963 5724,1957 5813,1957 5903,1957 5992,1957 6082,1957 6171,1951"/>
                <TextEquiv>
                    <Unicode>was for it will going to do it (wch</Unicode>
                </TextEquiv>
            </TextLine>
            <TextLine id="tr_1_tl_23" custom="readingOrder {index:22;}">
                <Coords points="376,2127 748,2193 2278,2002 3067,2068 3119,1832 2691,1780 2392,1950 383,2013"/>
                <Baseline points="399,2107 429,2107 519,2107 608,2101 698,2095 787,2089 877,2077 966,2077 1056,2071 1146,2071 1235,2065 1325,2059 1414,2053 1504,2047 1593,2041 1683,2035 1772,2035 1862,2029 1951,2023 2041,2011 2130,2005 2220,1993 2309,1987 2399,1993 2489,1987 2578,1981 2668,1987 2757,1987 2847,1993 2936,1993 3026,1987 3115,1993"/>
                <TextEquiv>
                    <Unicode>ntg un eveite.. Keice Gelsbele</Unicode>
                </TextEquiv>
            </TextLine>
            <TextLine id="tr_1_tl_24" custom="readingOrder {index:23;}">
                <Coords points="3520,2440 3900,2407 4302,2547 4523,2381 4888,2414 5179,2282 6104,2341 6245,2297 6263,2116 4954,2131 3524,2367"/>
                <Baseline points="3539,2435 3575,2429 3664,2429 3754,2417 3844,2411 3933,2399 4023,2393 4112,2387 4202,2381 4291,2369 4381,2357 4470,2351 4560,2339 4649,2333 4739,2327 4828,2309 4918,2298 5007,2286 5097,2280 5187,2268 5276,2262 5366,2244 5455,2238 5545,2232 5634,2220 5724,2208 5813,2208 5903,2208 5992,2202 6082,2202 6171,2214 6261,2214"/>
                <TextEquiv>
                    <Unicode>get the bequem [illegible] ware</Unicode>
                </TextEquiv>
            </TextLine>
            <TextLine id="tr_1_tl_25" custom="readingOrder {index:24;}">
                <Coords points="347,2356 1456,2285 1655,2374 2396,2278 2521,2337 2532,2156 2149,2101 1087,2245 800,2164 564,2256 358,2160"/>
                <Baseline points="370,2304 387,2304 477,2309 567,2309 656,2309 746,2309 835,2304 925,2298 1014,2292 1104,2292 1193,2292 1283,2292 1372,2286 1462,2280 1551,2280 1641,2268 1731,2268 1820,2262 1910,2256 1999,2250 2089,2238 2178,2232 2268,2232 2357,2220 2447,2220 2536,2220"/>
                <TextEquiv>
                    <Unicode>dent be in in aupiuctin</Unicode>
                </TextEquiv>
            </TextLine>
            <TextLine id="tr_1_tl_26" custom="readingOrder {index:25;}">
                <Coords points="1110,2529 3001,2481 3071,2455 3078,2282 2835,2370 2654,2289 2013,2381 1707,2333 1526,2448 1113,2407"/>
                <Baseline points="1128,2518 1205,2506 1295,2500 1384,2495 1474,2489 1563,2477 1653,2471 1742,2471 1832,2471 1922,2471 2011,2459 2101,2459 2190,2453 2280,2447 2369,2441 2459,2441 2548,2435 2638,2435 2727,2435 2817,2435 2906,2429 2996,2429 3085,2429"/>
                <TextEquiv>
                    <Unicode>in Jan. Heilte R</Unicode>
                </TextEquiv>
            </TextLine>
            <TextLine id="tr_1_tl_27" custom="readingOrder {index:26;}">
                <Coords points="3531,2743 5651,2473 6237,2521 6256,2341 5334,2444 4976,2381 4803,2496 3546,2577"/>
                <Baseline points="3557,2697 3563,2697 3653,2686 3742,2680 3832,2674 3921,2668 4011,2650 4100,2638 4190,2626 4279,2614 4369,2602 4458,2590 4548,2578 4637,2566 4727,2554 4816,2542 4906,2536 4996,2530 5085,2518 5175,2506 5264,2500 5354,2495 5443,2489 5533,2483 5622,2471 5712,2471 5801,2465 5891,2453 5980,2441 6070,2441 6159,2441 6249,2435"/>
                <TextEquiv>
                    <Unicode>vermet ce ne durch Heißkeit... und Jare</Unicode>
                </TextEquiv>
            </TextLine>
            <TextLine id="tr_1_tl_28" custom="readingOrder {index:27;}">
                <Coords points="464,2536 638,2580 689,2551 745,2562 866,2518 936,2540 1003,2529 1014,2389 899,2370 833,2411 759,2385 638,2422 557,2359 479,2352"/>
                <Baseline points="483,2536 567,2542 656,2542 746,2536 835,2524 925,2512 1014,2506"/>
                <TextEquiv>
                    <Unicode>(eve Te</Unicode>
                </TextEquiv>
            </TextLine>
            <TextLine id="tr_1_tl_29" custom="readingOrder {index:28;}">
                <Coords points="840,2684 1003,2650 1095,2728 1176,2661 1275,2680 1482,2647 1581,2673 1592,2496 1497,2521 1438,2488 1294,2529 1239,2499 1169,2562 1040,2606 896,2547 848,2558"/>
                <Baseline points="859,2650 877,2650 966,2644 1056,2638 1146,2638 1235,2638 1325,2632 1414,2626 1504,2614 1593,2602"/>
                <TextEquiv>
                    <Unicode>m. dealer</Unicode>
                </TextEquiv>
            </TextLine>
            <TextLine id="tr_1_tl_30" custom="readingOrder {index:29;}">
                <Coords points="358,2798 859,2849 1519,2720 1740,2813 2263,2676 3155,2728 3163,2577 2720,2621 2249,2496 1891,2658 365,2680"/>
                <Baseline points="382,2757 393,2757 483,2757 573,2763 662,2769 752,2769 841,2757 931,2757 1020,2757 1110,2751 1199,2745 1289,2739 1378,2739 1468,2721 1557,2721 1647,2709 1736,2703 1826,2697 1916,2686 2005,2686 2095,2674 2184,2668 2274,2656 2363,2662 2453,2656 2542,2662 2632,2662 2721,2662 2811,2662 2900,2668 2990,2674 3079,2674 3169,2680"/>
                <TextEquiv>
                    <Unicode>in J.C. S. D.D. in plaft</Unicode>
                </TextEquiv>
            </TextLine>
            <TextLine id="tr_1_tl_31" custom="readingOrder {index:30;}">
                <Coords points="3568,2912 4368,2949 4755,2794 6473,2728 6480,2617 4446,2654 4162,2805 3583,2746"/>
                <Baseline points="3593,2894 3617,2894 3706,2900 3796,2894 3885,2888 3975,2883 4064,2871 4154,2865 4243,2847 4333,2829 4423,2817 4512,2805 4602,2787 4691,2775 4781,2763 4870,2757 4960,2745 5049,2739 5139,2733 5228,2727 5318,2721 5407,2715 5497,2709 5586,2703 5676,2697 5766,2692 5855,2692 5945,2686 6034,2680 6124,2680 6213,2686 6303,2692 6392,2692 6482,2697"/>
                <TextEquiv>
                    <Unicode>Kreiteln.. Je allichteit je bes trois luyen.</Unicode>
                </TextEquiv>
            </TextLine>
            <TextLine id="tr_1_tl_32" custom="readingOrder {index:31;}">
                <Coords points="350,2993 1224,2964 1519,3052 2481,2897 2779,2967 3067,2912 3074,2787 354,2883"/>
                <Baseline points="370,2960 393,2966 483,2966 573,2966 662,2960 752,2966 841,2966 931,2966 1020,2960 1110,2960 1199,2960 1289,2954 1378,2948 1468,2948 1557,2954 1647,2948 1736,2936 1826,2924 1916,2930 2005,2924 2095,2918 2184,2912 2274,2906 2363,2900 2453,2894 2542,2888 2632,2888 2721,2888 2811,2883 2900,2877 2990,2877 3079,2871"/>
                <TextEquiv>
                    <Unicode>du-id de - ploglet de,- unt et</Unicode>
                </TextEquiv>
            </TextLine>
            <TextLine id="tr_1_tl_33" custom="readingOrder {index:32;}">
                <Coords points="3568,3166 4250,3203 5010,3041 5268,3078 5743,2945 6237,2945 6248,2824 6068,2875 5751,2779 5430,2883 5338,2798 4280,3041 3587,2953"/>
                <Baseline points="3593,3121 3653,3121 3742,3121 3832,3121 3921,3121 4011,3109 4100,3109 4190,3103 4279,3091 4369,3085 4458,3085 4548,3068 4637,3062 4727,3050 4816,3038 4906,3020 4996,3008 5085,3002 5175,2990 5264,2984 5354,2978 5443,2966 5533,2960 5622,2948 5712,2942 5801,2936 5891,2930 5980,2924 6070,2924 6159,2924 6249,2918"/>
                <TextEquiv>
                    <Unicode>Sie lief zerheben. An Cags blieb in</Unicode>
                </TextEquiv>
            </TextLine>
            <TextLine id="tr_1_tl_34" custom="readingOrder {index:33;}">
                <Coords points="354,3284 763,3200 1932,3262 2632,3104 2956,3159 2967,2956 2057,3096 1220,3001 365,3063"/>
                <Baseline points="376,3199 459,3199 549,3199 638,3199 728,3193 817,3193 907,3199 996,3193 1086,3193 1175,3187 1265,3187 1354,3187 1444,3181 1534,3181 1623,3181 1713,3175 1802,3175 1892,3169 1981,3157 2071,3151 2160,3145 2250,3133 2339,3121 2429,3115 2518,3109 2608,3103 2697,3103 2787,3103 2877,3097 2966,3097"/>
                <TextEquiv>
                    <Unicode>de Valis überhaupt zuerst bett.,</Unicode>
                </TextEquiv>
            </TextLine>
            <TextLine id="tr_1_tl_35" custom="readingOrder {index:34;}">
                <Coords points="3675,3388 4394,3465 5032,3288 6241,3303 6333,3133 5916,3067 5408,3225 4755,3141 4306,3296 4199,3229 3683,3299"/>
                <Baseline points="3700,3384 3736,3378 3826,3378 3915,3378 4005,3372 4094,3360 4184,3354 4273,3354 4363,3342 4452,3336 4542,3324 4631,3318 4721,3306 4810,3294 4900,3288 4990,3282 5079,3276 5169,3270 5258,3265 5348,3259 5437,3247 5527,3235 5616,3235 5706,3229 5795,3229 5885,3229 5974,3235 6064,3229 6154,3235 6243,3235 6333,3241"/>
                <TextEquiv>
                    <Unicode>verille fortf huls, clarrkirch</Unicode>
                </TextEquiv>
            </TextLine>
            <TextLine id="tr_1_tl_36" custom="readingOrder {index:35;}">
                <Coords points="402,3502 579,3568 958,3450 1298,3531 1552,3410 3082,3410 3189,3395 3203,3126 2308,3200 2064,3314 1493,3251 1235,3380 413,3284"/>
                <Baseline points="423,3473 513,3467 602,3456 692,3456 781,3456 871,3456 961,3450 1050,3444 1140,3444 1229,3432 1319,3420 1408,3420 1498,3408 1587,3402 1677,3402 1766,3390 1856,3396 1945,3390 2035,3384 2124,3378 2214,3372 2304,3360 2393,3354 2483,3342 2572,3354 2662,3348 2751,3342 2841,3342 2930,3342 3020,3342 3109,3348 3199,3354"/>
                <TextEquiv>
                    <Unicode>Ich da ging caa wieder in Cisope</Unicode>
                </TextEquiv>
            </TextLine>
            <TextLine id="tr_1_tl_37" custom="readingOrder {index:36;}">
                <Coords points="3616,3683 6163,3509 6248,3377 5795,3439 5515,3307 5072,3439 3631,3487"/>
                <Baseline points="3641,3635 3653,3635 3742,3635 3832,3629 3921,3623 4011,3617 4100,3611 4190,3599 4279,3593 4369,3581 4458,3569 4548,3563 4637,3557 4727,3551 4816,3545 4906,3533 4996,3533 5085,3527 5175,3515 5264,3509 5354,3503 5443,3497 5533,3485 5622,3473 5712,3473 5801,3479 5891,3479 5980,3479 6070,3479 6159,3479 6249,3473"/>
                <TextEquiv>
                    <Unicode>aber allweg - lonk sich der König A</Unicode>
                </TextEquiv>
            </TextLine>
            <TextLine id="tr_1_tl_38" custom="readingOrder {index:37;}">
                <Coords points="402,3889 785,3734 1585,3786 2403,3613 3178,3705 3266,3542 2610,3421 2319,3594 1968,3635 1474,3624 1036,3447 623,3579 420,3513"/>
                <Baseline points="429,3748 495,3742 584,3736 674,3730 764,3724 853,3724 943,3718 1032,3718 1122,3706 1211,3700 1301,3700 1390,3694 1480,3694 1569,3694 1659,3694 1748,3682 1838,3682 1927,3676 2017,3664 2107,3653 2196,3647 2286,3635 2375,3617 2465,3605 2554,3605 2644,3605 2733,3605 2823,3611 2912,3617 3002,3623 3091,3635 3181,3641 3270,3647"/>
                <TextEquiv>
                    <Unicode>gelandes was... Theven uspt</Unicode>
                </TextEquiv>
            </TextLine>
        </TextRegion>
    </Page>
</PcGts>
