6712 4232
6143 172 6401 419 59
2799 185 3327 388 a 5h
1988 206 2668 453 in
1518 230 1693 453 2
388 275 999 505 ...
1085 258 1377 464 Chiffern
3760 227 6308 522 There is a uneutort; - dès ne
2829 361 3176 615 582.
3671 470 6311 752 hall ihr gefördlet, daß in
367 446 2980 742 atte ni deuke wollen. - It will it
405 707 3169 975 de (fes rien) betalk. Moge fait nul
3695 704 6236 1034 will jott durst we u flor
350 913 2778 1161 id weil der rek. Sie durch lein
3640 958 6126 1240 [illegible]
409 1133 2799 1452 (kann) fastobre ite, breciteur
3629 1246 6150 1525 in in u cibe & plaibbit..
347 1367 2809 1576 alle da gesteitelte pomadnet Haar¬
3636 1470 5934 1816 zwar Tgesucher eine Bill
326 1552 2709 1796 Das letzte sie sich wieder zu Bett
3592 1748 6184 2016 zu Frau erhalten hatt. Sie ihr
299 1837 2067 2047 itlich von wirklich ein
415 2022 2785 2283 As sie in I take fait as possible is a
3592 2019 6150 2369 in for guldr. in der Telegen
326 2222 2606 2479 in Uebrigiumre his, las die
3678 2263 5885 2572 beil vermis et drage &
354 2400 2785 2716 Zerkmullt Dirk auf den Tphod-
3722 2531 6074 2850 warnen, uit geve wird. an
319 2620 2826 2946 Dr Rereflosch we in dee Mutterley
3712 2802 5885 3025 at Ronde or it S
343 2847 2283 3176 lieu à Franz wer fort.
3698 3042 6122 3262 even. Es kunt it ponver
3736 3276 5848 3592 Uhr zu sei hinrichtet. Was
446 3283 2641 3533 Sie wird zu meinem Chor.
3760 3478 5707 3781 sehr nebst das will er Torl
398 3526 2555 3811 dur Berück... und er wird
3805 3691 6181 3921 nimest, i here in week
