6728 4104
6194 75 6464 327 560
3688 219 6187 467 sich dort kann d in de frem
2995 198 3250 413 561
446 223 3124 618 Depets but an tergt du Julere,
3667 406 6126 618 Haviers niemal recht behorlet.
478 561 3271 838 forst; - and one Tympalku, whord
3696 622 6284 838 ni nur ved a je als te fl
1434 701 1772 848 relb
500 791 3286 1046 u, juin wir weil, daß Rein¬
3714 838 6129 1071 wie wir in Beritz ihrer Juristen
428 971 3192 1298 ut de Louis de dui & Nécères
3635 1064 6291 1312 fehle sie sich eigentlich mir, wenn
435 1183 3221 1521 gegeben fiooncunem uit for de frin
3660 1251 6230 1474 ni untermittete -, - geve Art in
3685 1460 6000 1708 seielligkeit wortt sie nicht.
410 1442 3056 1700 w.d. Schickde, der T
5482 1647 6198 1823 feu je m'est
3696 1740 6227 1941 es geschickt die wird sie müsste mit
446 1704 3128 1981 verhollue de t Sibuleur
3714 1909 6277 2186 verlet. Jahr der Aufregung der let¬
428 1927 3325 2312 Aulteil wahr er es la villeicht
3732 2139 6291 2423 tahie ne m de feit als jeune
424 2189 3031 2516 nicht dav, daß zufallennte ich d
3678 2340 6424 2614 telten hier Es begegnet die mit, ich
482 2419 2998 2718 zu leerste kein dem day
3706 2606 4336 2808 no alt.
417 2650 3016 3005 angeth was, sie werle j fiss
3760 2779 6245 2948 Unter der Schilem befass is einzige
1460 2880 2215 3077 en jeune
3847 2905 4188 3052 N.M.
3739 2930 6043 3264 Jeader, das w wir selb ein,
388 2951 3128 3250 at an til der gleichz Esterl, de
399 3124 3020 3480 ein kible in Episorin, ein
3793 3146 6237 3458 Selb. kan uor (gestal).de
3793 3433 6180 3685 nequem ad Itilam einverble
406 3412 3102 3760 (mit ud. Besbeflglen), da u
