<?xml version="1.0" encoding="UTF-8" standalone="yes"?>
<PcGts xmlns="http://schema.primaresearch.org/PAGE/gts/pagecontent/2013-07-15" xmlns:xsi="http://www.w3.org/2001/XMLSchema-instance" xsi:schemaLocation="http://schema.primaresearch.org/PAGE/gts/pagecontent/2013-07-15 http://schema.primaresearch.org/PAGE/gts/pagecontent/2013-07-15/pagecontent.xsd">
    <Metadata>
        <Creator>prov=READ-COOP:name=TrHtr:version=2.1.0:model_id=51170:date=14_08_2023_19:12</Creator>
        <Created>2023-05-10T14:36:06.578+02:00</Created>
        <LastChange>2023-08-14T19:12:54.190+02:00</LastChange>
        <TranskribusMetadata docId="1428642" pageId="55423655" pageNr="197" tsid="132822409" status="IN_PROGRESS" userId="64420" imgUrl="https://files.transkribus.eu/Get?id=FWVRHHAQPILYMCCOATLUPZCT&amp;fileType=view" xmlUrl="https://files.transkribus.eu/Get?id=MGIZDXBCANLYGOVINKNKUBWK" imageId="44697734"/>
    </Metadata>
    <Page imageFilename="1428642_0197.jpg" imageWidth="7072" imageHeight="4264">
        <ReadingOrder>
            <OrderedGroup id="ro_1711817046444" caption="Regions reading order">
                <RegionRefIndexed index="0" regionRef="tr_1"/>
            </OrderedGroup>
        </ReadingOrder>
        <TextRegion id="tr_1" custom="readingOrder {index:0;}">
            <Coords points="316,105 6622,105 6622,3796 316,3796"/>
            <TextLine id="tr_1_tl_1" custom="readingOrder {index:0;}">
                <Coords points="6247,226 6278,230 6299,219 6386,268 6438,223 6497,219 6487,77 6431,77 6389,52 6236,56"/>
                <Baseline points="6258,155 6348,173 6437,179 6503,167"/>
                <TextEquiv>
                    <Unicode>e4</Unicode>
                </TextEquiv>
            </TextLine>
            <TextLine id="tr_1_tl_2" custom="readingOrder {index:1;}">
                <Coords points="2930,404 2989,418 3042,383 3080,407 3184,348 3240,369 3233,219 3202,223 3129,171 3052,188 3010,164 2972,164 2920,184"/>
                <Baseline points="2944,304 3033,304 3123,310 3212,316 3248,310"/>
                <TextEquiv>
                    <Unicode>x 2 s</Unicode>
                </TextEquiv>
            </TextLine>
            <TextLine id="tr_1_tl_3" custom="readingOrder {index:2;}">
                <Coords points="3696,484 5805,404 6097,480 6441,435 6445,306 5832,174 5516,289 5196,177 4440,313 3699,261"/>
                <Baseline points="3714,441 3762,441 3851,441 3941,441 4031,435 4120,435 4210,424 4299,418 4389,418 4478,412 4568,418 4658,418 4747,418 4837,418 4926,418 5016,424 5106,424 5195,418 5285,418 5374,412 5464,406 5553,406 5643,400 5733,394 5822,388 5912,382 6001,376 6091,376 6181,376 6270,376 6360,382 6449,376"/>
                <TextEquiv>
                    <Unicode>du t valutve Aari. Beitgen</Unicode>
                </TextEquiv>
            </TextLine>
            <TextLine id="tr_1_tl_4" custom="readingOrder {index:3;}">
                <Coords points="296,539 2829,532 2948,515 2951,400 1928,303 1093,432 891,327 734,435 299,372"/>
                <Baseline points="316,489 358,489 447,489 537,489 627,483 716,483 806,477 895,477 985,483 1074,477 1164,477 1254,471 1343,465 1433,465 1522,465 1612,465 1702,465 1791,459 1881,453 1970,453 2060,453 2149,453 2239,459 2329,459 2418,459 2508,459 2597,459 2687,459 2776,459 2866,459 2956,465"/>
                <TextEquiv>
                    <Unicode>drubel Hegebam, de Blick gerecht, e in</Unicode>
                </TextEquiv>
            </TextLine>
            <TextLine id="tr_1_tl_5" custom="readingOrder {index:4;}">
                <Coords points="3762,706 4663,689 4813,773 5262,661 5443,738 6494,686 6501,442 5679,571 5491,487 5206,571 4757,522 4527,630 3769,553"/>
                <Baseline points="3780,698 3816,698 3905,692 3995,686 4084,680 4174,680 4264,674 4353,668 4443,662 4532,668 4622,674 4711,674 4801,674 4891,674 4980,668 5070,668 5159,662 5249,662 5338,644 5428,644 5518,639 5607,633 5697,627 5786,621 5876,621 5966,615 6055,603 6145,603 6234,603 6324,597 6413,585 6503,585"/>
                <TextEquiv>
                    <Unicode>bei -; in the M houpe,ode</Unicode>
                </TextEquiv>
            </TextLine>
            <TextLine id="tr_1_tl_6" custom="readingOrder {index:5;}">
                <Coords points="331,873 901,734 1336,818 1750,710 2909,706 2909,595 2742,564 1817,612 1531,532 842,693 338,616"/>
                <Baseline points="352,722 406,722 495,722 585,728 674,728 764,728 853,728 943,722 1033,716 1122,716 1212,710 1301,710 1391,704 1481,704 1570,704 1660,704 1749,698 1839,692 1928,686 2018,680 2108,680 2197,680 2287,686 2376,680 2466,680 2556,680 2645,686 2735,686 2824,686 2914,692"/>
                <TextEquiv>
                    <Unicode>happe in a the gedritt, in C, avell</Unicode>
                </TextEquiv>
            </TextLine>
            <TextLine id="tr_1_tl_7" custom="readingOrder {index:6;}">
                <Coords points="3762,1093 4392,919 4715,1027 4858,933 5770,985 6389,901 6532,867 6539,706 5652,717 5338,842 4691,738 4312,905 4009,748 3776,807"/>
                <Baseline points="3786,997 3851,979 3941,961 4031,955 4120,949 4210,943 4299,937 4389,919 4478,913 4568,919 4658,919 4747,913 4837,913 4926,913 5016,907 5106,907 5195,901 5285,895 5374,883 5464,877 5553,865 5643,865 5733,865 5822,859 5912,853 6001,848 6091,842 6181,842 6270,842 6360,842 6449,842 6539,842"/>
                <TextEquiv>
                    <Unicode>fären, Tomerin geheiss -  un</Unicode>
                </TextEquiv>
            </TextLine>
            <TextLine id="tr_1_tl_8" custom="readingOrder {index:7;}">
                <Coords points="351,1034 1124,1061 2245,919 2565,995 3038,947 3042,849 2325,780 1911,898 1580,780 1312,884 1041,807 355,873"/>
                <Baseline points="370,967 447,967 537,973 627,973 716,973 806,973 895,967 985,961 1074,961 1164,961 1254,961 1343,955 1433,949 1522,943 1612,943 1702,943 1791,937 1881,931 1970,931 2060,919 2149,919 2239,913 2329,913 2418,907 2508,907 2597,907 2687,913 2776,913 2866,919 2956,925 3045,931"/>
                <TextEquiv>
                    <Unicode>yen d sippen, Heil i d Hoveleter.</Unicode>
                </TextEquiv>
            </TextLine>
            <TextLine id="tr_1_tl_9" custom="readingOrder {index:8;}">
                <Coords points="3765,1274 6341,1253 6515,1221 6528,967 5930,974 5686,1082 5293,943 4740,1110 4315,1041 3772,1117"/>
                <Baseline points="3786,1254 3839,1248 3929,1230 4019,1218 4108,1206 4198,1200 4287,1188 4377,1182 4467,1176 4556,1170 4646,1164 4735,1164 4825,1164 4914,1164 5004,1164 5094,1158 5183,1158 5273,1152 5362,1146 5452,1134 5542,1128 5631,1122 5721,1110 5810,1110 5900,1116 5989,1116 6079,1116 6169,1116 6258,1116 6348,1128 6437,1128 6527,1128"/>
                <TextEquiv>
                    <Unicode>votre le... vientroegt -; - nehime</Unicode>
                </TextEquiv>
            </TextLine>
            <TextLine id="tr_1_tl_10" custom="readingOrder {index:9;}">
                <Coords points="310,1232 1065,1329 1663,1187 3042,1166 3045,1030 2951,1006 2405,1068 2123,995 1538,1107 1159,1034 651,1166 317,1020"/>
                <Baseline points="328,1200 364,1206 453,1212 543,1218 633,1224 722,1224 812,1224 901,1218 991,1212 1080,1206 1170,1206 1260,1206 1349,1200 1439,1200 1528,1194 1618,1188 1707,1176 1797,1170 1887,1170 1976,1170 2066,1158 2155,1152 2245,1152 2335,1146 2424,1146 2514,1140 2603,1134 2693,1140 2782,1140 2872,1140 2962,1140 3051,1146"/>
                <TextEquiv>
                    <Unicode>here in blaſs. set er. (re dt klaubnt)</Unicode>
                </TextEquiv>
            </TextLine>
            <TextLine id="tr_1_tl_11" custom="readingOrder {index:10;}">
                <Coords points="1757,1291 1806,1302 1841,1291 1869,1305 1886,1288 1963,1302 1998,1326 2081,1305 2119,1312 2123,1201 2074,1201 2050,1183 1998,1225 1963,1204 1904,1232 1851,1211 1834,1218 1799,1183 1761,1190"/>
                <Baseline points="1779,1278 1863,1278 1952,1272 2042,1272 2132,1266"/>
                <TextEquiv>
                    <Unicode>wek</Unicode>
                </TextEquiv>
            </TextLine>
            <TextLine id="tr_1_tl_12" custom="readingOrder {index:11;}">
                <Coords points="3731,1538 4075,1583 4987,1416 5199,1510 5728,1434 6299,1507 6414,1489 6428,1267 5018,1350 4827,1242 4618,1392 3738,1406"/>
                <Baseline points="3750,1498 3834,1498 3923,1492 4013,1487 4102,1481 4192,1475 4281,1469 4371,1463 4461,1457 4550,1439 4640,1433 4729,1421 4819,1427 4908,1421 4998,1415 5088,1415 5177,1415 5267,1409 5356,1397 5446,1397 5536,1391 5625,1391 5715,1385 5804,1379 5894,1373 5983,1373 6073,1367 6163,1373 6252,1379 6342,1379 6431,1379"/>
                <TextEquiv>
                    <Unicode>uil nen heren ja will, just</Unicode>
                </TextEquiv>
            </TextLine>
            <TextLine id="tr_1_tl_13" custom="readingOrder {index:12;}">
                <Coords points="351,1517 960,1573 2610,1416 3142,1521 3153,1288 2436,1361 1709,1249 1298,1368 926,1284 668,1462 355,1413"/>
                <Baseline points="370,1492 376,1492 465,1492 555,1492 644,1487 734,1481 824,1481 913,1475 1003,1475 1092,1469 1182,1463 1272,1463 1361,1457 1451,1451 1540,1445 1630,1445 1719,1439 1809,1439 1899,1439 1988,1439 2078,1439 2167,1433 2257,1433 2346,1427 2436,1415 2526,1409 2615,1403 2705,1403 2794,1403 2884,1409 2974,1409 3063,1415 3153,1415"/>
                <TextEquiv>
                    <Unicode>Aas, was jedenfls bewiermattet</Unicode>
                </TextEquiv>
            </TextLine>
            <TextLine id="tr_1_tl_14" custom="readingOrder {index:13;}">
                <Coords points="3751,1848 4009,1904 4468,1733 4952,1848 5826,1629 6271,1740 6281,1552 5836,1437 5530,1580 4437,1566 3762,1663"/>
                <Baseline points="3774,1767 3780,1767 3869,1761 3959,1755 4049,1749 4138,1749 4228,1743 4317,1737 4407,1737 4496,1731 4586,1725 4676,1719 4765,1707 4855,1696 4944,1690 5034,1678 5123,1684 5213,1684 5303,1678 5392,1678 5482,1666 5571,1654 5661,1642 5751,1630 5840,1624 5930,1618 6019,1618 6109,1618 6198,1612 6288,1612"/>
                <TextEquiv>
                    <Unicode>wch wohl; - zu ihre kann,</Unicode>
                </TextEquiv>
            </TextLine>
            <TextLine id="tr_1_tl_15" custom="readingOrder {index:14;}">
                <Coords points="414,1904 825,1761 1674,1688 1907,1782 2332,1681 3108,1709 3174,1601 1775,1535 1601,1636 1187,1524 425,1625"/>
                <Baseline points="435,1767 495,1767 585,1761 674,1755 764,1755 853,1749 943,1749 1033,1743 1122,1737 1212,1731 1301,1713 1391,1702 1481,1696 1570,1690 1660,1690 1749,1690 1839,1690 1928,1684 2018,1684 2108,1678 2197,1678 2287,1678 2376,1678 2466,1672 2556,1672 2645,1672 2735,1666 2824,1672 2914,1678 3003,1690 3093,1696 3183,1696"/>
                <TextEquiv>
                    <Unicode>gefährlich. – Sie hätte nicht, - wo</Unicode>
                </TextEquiv>
            </TextLine>
            <TextLine id="tr_1_tl_16" custom="readingOrder {index:15;}">
                <Coords points="3744,2050 4399,2098 5088,1970 5359,2074 6174,1942 6421,2008 6435,1764 6093,1709 5770,1837 5429,1785 4427,1966 3755,1921"/>
                <Baseline points="3762,2048 3839,2042 3929,2036 4019,2036 4108,2030 4198,2024 4287,2024 4377,2018 4467,2012 4556,2006 4646,2000 4735,1994 4825,1988 4914,1982 5004,1970 5094,1964 5183,1958 5273,1952 5362,1946 5452,1934 5542,1928 5631,1928 5721,1917 5810,1911 5900,1905 5989,1899 6079,1893 6169,1893 6258,1893 6348,1893 6437,1893"/>
                <TextEquiv>
                    <Unicode>äme, wie ich war. Zues</Unicode>
                </TextEquiv>
            </TextLine>
            <TextLine id="tr_1_tl_17" custom="readingOrder {index:16;}">
                <Coords points="341,2161 2673,1959 3129,2067 3139,1869 2739,1796 856,2001 355,1907"/>
                <Baseline points="364,2102 453,2096 543,2102 633,2090 722,2078 812,2072 901,2066 991,2060 1080,2054 1170,2048 1260,2036 1349,2024 1439,2018 1528,2006 1618,1988 1707,1982 1797,1970 1887,1964 1976,1964 2066,1958 2155,1958 2245,1958 2335,1958 2424,1964 2514,1964 2603,1964 2693,1958 2782,1970 2872,1976 2962,1988 3051,2000 3141,2012"/>
                <TextEquiv>
                    <Unicode>Aepl - coan om. -</Unicode>
                </TextEquiv>
            </TextLine>
            <TextLine id="tr_1_tl_18" custom="readingOrder {index:17;}">
                <Coords points="3717,2373 5801,2189 6295,2339 6494,2283 6504,2116 5540,1991 4388,2269 3985,2119 3727,2224"/>
                <Baseline points="3738,2341 3816,2341 3905,2341 3995,2341 4084,2335 4174,2329 4264,2329 4353,2323 4443,2317 4532,2305 4622,2299 4711,2293 4801,2287 4891,2269 4980,2257 5070,2251 5159,2239 5249,2233 5338,2227 5428,2215 5518,2209 5607,2203 5697,2197 5786,2191 5876,2185 5966,2179 6055,2179 6145,2185 6234,2191 6324,2191 6413,2191 6503,2215"/>
                <TextEquiv>
                    <Unicode>aber nur mit dem Siederin wegge¬</Unicode>
                </TextEquiv>
            </TextLine>
            <TextLine id="tr_1_tl_19" custom="readingOrder {index:18;}">
                <Coords points="463,2419 1082,2443 1966,2241 2874,2279 2982,2119 2387,2168 2175,2050 1911,2182 1420,2109 1020,2217 480,2210"/>
                <Baseline points="483,2394 567,2376 656,2364 746,2352 836,2346 925,2346 1015,2341 1104,2335 1194,2335 1283,2323 1373,2317 1463,2305 1552,2299 1642,2287 1731,2275 1821,2269 1911,2257 2000,2233 2090,2227 2179,2221 2269,2215 2358,2215 2448,2209 2538,2209 2627,2203 2717,2209 2806,2209 2896,2203 2985,2203"/>
                <TextEquiv>
                    <Unicode>He and Bevave kom - je</Unicode>
                </TextEquiv>
            </TextLine>
            <TextLine id="tr_1_tl_20" custom="readingOrder {index:19;}">
                <Coords points="4058,2641 4959,2645 5373,2547 5606,2648 6615,2412 5822,2293 5415,2415 4987,2366 4649,2516 4357,2429 4068,2488"/>
                <Baseline points="4078,2633 4114,2633 4204,2627 4293,2615 4383,2603 4473,2597 4562,2591 4652,2585 4741,2579 4831,2567 4920,2556 5010,2544 5100,2538 5189,2526 5279,2520 5368,2520 5458,2508 5547,2508 5637,2502 5727,2490 5816,2484 5906,2478 5995,2478 6085,2472 6175,2466 6264,2472 6354,2472 6443,2478 6533,2472 6622,2472"/>
                <TextEquiv>
                    <Unicode>Es he with week long in</Unicode>
                </TextEquiv>
            </TextLine>
            <TextLine id="tr_1_tl_21" custom="readingOrder {index:20;}">
                <Coords points="383,2690 505,2767 672,2659 1145,2620 1514,2721 1921,2572 2864,2523 2955,2391 2530,2276 2332,2408 1855,2412 1636,2530 393,2558"/>
                <Baseline points="406,2675 447,2669 537,2669 627,2657 716,2645 806,2639 895,2633 985,2633 1074,2627 1164,2621 1254,2627 1343,2621 1433,2615 1522,2609 1612,2591 1702,2585 1791,2579 1881,2573 1970,2567 2060,2556 2149,2544 2239,2538 2329,2520 2418,2508 2508,2502 2597,2502 2687,2496 2776,2484 2866,2484 2956,2484"/>
                <TextEquiv>
                    <Unicode>ajents... eive ganz klein. Frei J.</Unicode>
                </TextEquiv>
            </TextLine>
            <TextLine id="tr_1_tl_22" custom="readingOrder {index:21;}">
                <Coords points="3786,3003 4155,2930 4246,2972 4486,2888 4534,2930 4855,2902 5008,2836 5133,2833 5276,2923 5335,2760 4952,2784 4851,2694 4653,2648 4541,2680 4336,2620 4113,2690 3828,2624"/>
                <Baseline points="3810,2974 3899,2962 3989,2956 4078,2938 4168,2932 4258,2920 4347,2908 4437,2896 4526,2884 4616,2884 4705,2872 4795,2866 4885,2854 4974,2842 5064,2836 5153,2830 5243,2812 5332,2806"/>
                <TextEquiv>
                    <Unicode>ik clerca...</Unicode>
                </TextEquiv>
            </TextLine>
            <TextLine id="tr_1_tl_23" custom="readingOrder {index:22;}">
                <Coords points="379,3104 1594,2916 2046,2968 2568,2826 3087,2878 3097,2728 2081,2704 1897,2819 1510,2746 1232,2885 905,2885 720,2763 400,2833"/>
                <Baseline points="406,2991 412,2997 501,2997 591,2991 680,2985 770,2980 859,2974 949,2968 1039,2956 1128,2950 1218,2938 1307,2926 1397,2914 1487,2908 1576,2908 1666,2902 1755,2896 1845,2890 1934,2878 2024,2866 2114,2860 2203,2860 2293,2848 2382,2836 2472,2830 2561,2824 2651,2824 2741,2824 2830,2824 2920,2830 3009,2824 3099,2824"/>
                <TextEquiv>
                    <Unicode>def. jemon kam - (de ca ue</Unicode>
                </TextEquiv>
            </TextLine>
            <TextLine id="tr_1_tl_24" custom="readingOrder {index:23;}">
                <Coords points="3842,3275 5491,3111 6560,3202 6584,2871 5049,2895 4256,3108 3866,2986"/>
                <Baseline points="3863,3230 3893,3224 3983,3224 4072,3218 4162,3206 4252,3200 4341,3195 4431,3183 4520,3183 4610,3171 4699,3165 4789,3159 4879,3147 4968,3135 5058,3129 5147,3123 5237,3123 5327,3117 5416,3111 5506,3099 5595,3099 5685,3087 5774,3081 5864,3069 5954,3063 6043,3057 6133,3051 6222,3045 6312,3045 6401,3045 6491,3045 6581,3039"/>
                <TextEquiv>
                    <Unicode>did me in der Thure slau, no</Unicode>
                </TextEquiv>
            </TextLine>
            <TextLine id="tr_1_tl_25" custom="readingOrder {index:24;}">
                <Coords points="1347,3104 1395,3101 1458,3125 1510,3108 1576,3132 1643,3108 1709,3115 1712,3007 1643,3017 1611,2993 1535,3028 1496,3000 1455,3010 1430,2989 1350,2993"/>
                <Baseline points="1367,3087 1445,3087 1534,3093 1624,3087 1713,3075"/>
                <TextEquiv>
                    <Unicode>mer</Unicode>
                </TextEquiv>
            </TextLine>
            <TextLine id="tr_1_tl_26" custom="readingOrder {index:25;}">
                <Coords points="421,3355 1037,3428 1364,3292 2850,3278 3003,3212 3014,3035 2415,3017 1893,3160 1754,3066 915,3097 699,3233 428,3233"/>
                <Baseline points="441,3326 501,3326 591,3326 680,3320 770,3314 859,3308 949,3308 1039,3302 1128,3290 1218,3290 1307,3284 1397,3272 1487,3272 1576,3266 1666,3254 1755,3254 1845,3242 1934,3236 2024,3236 2114,3230 2203,3218 2293,3212 2382,3212 2472,3212 2561,3206 2651,3206 2741,3200 2830,3200 2920,3189 3009,3200"/>
                <TextEquiv>
                    <Unicode>im pb gelt erst, wie zwehlt</Unicode>
                </TextEquiv>
            </TextLine>
            <TextLine id="tr_1_tl_27" custom="readingOrder {index:26;}">
                <Coords points="3936,3560 4190,3630 4688,3438 5429,3376 6414,3473 6591,3428 6598,3296 6368,3198 6201,3299 5801,3282 5617,3170 4976,3195 4329,3403 4099,3299 3946,3365"/>
                <Baseline points="3959,3505 4007,3505 4096,3481 4186,3475 4275,3469 4365,3457 4455,3451 4544,3439 4634,3433 4723,3421 4813,3410 4903,3410 4992,3410 5082,3398 5171,3386 5261,3380 5350,3374 5440,3362 5530,3362 5619,3362 5709,3356 5798,3350 5888,3350 5977,3338 6067,3332 6157,3338 6246,3338 6336,3338 6425,3344 6515,3350 6605,3356"/>
                <TextEquiv>
                    <Unicode>Tray... Frec - i have it.</Unicode>
                </TextEquiv>
            </TextLine>
            <TextLine id="tr_1_tl_28" custom="readingOrder {index:27;}">
                <Coords points="445,3713 1559,3564 1966,3640 2283,3550 2499,3588 2610,3553 2620,3417 2210,3292 1698,3473 804,3400 459,3508"/>
                <Baseline points="471,3642 561,3636 650,3642 740,3642 830,3630 919,3619 1009,3607 1098,3595 1188,3589 1278,3577 1367,3565 1457,3565 1546,3553 1636,3553 1725,3547 1815,3535 1905,3523 1994,3517 2084,3517 2173,3517 2263,3517 2352,3517 2442,3517 2532,3511 2621,3511"/>
                <TextEquiv>
                    <Unicode>allein ne sed gefuhl</Unicode>
                </TextEquiv>
            </TextLine>
            <TextLine id="tr_1_tl_29" custom="readingOrder {index:28;}">
                <Coords points="4830,3793 5540,3797 5857,3706 6167,3755 6368,3877 6612,3870 6595,3431 6125,3525 5516,3463 5251,3550 5095,3487 4834,3532"/>
                <Baseline points="4849,3660 4938,3666 5028,3672 5117,3678 5207,3678 5297,3672 5386,3672 5476,3672 5565,3666 5655,3666 5745,3666 5834,3660 5924,3654 6013,3654 6103,3654 6192,3648 6282,3654 6372,3654 6461,3666 6551,3666 6622,3672"/>
                <TextEquiv>
                    <Unicode>Er tah in der Zell</Unicode>
                </TextEquiv>
            </TextLine>
            <TextLine id="tr_1_tl_30" custom="readingOrder {index:29;}">
                <Coords points="3877,3825 4079,3863 4291,3758 4340,3748 4381,3772 4496,3751 4507,3661 4388,3699 4308,3685 4228,3616 4113,3644 4033,3588 3901,3602"/>
                <Baseline points="3899,3786 3971,3774 4060,3768 4150,3762 4240,3756 4329,3732 4419,3726 4508,3720"/>
                <TextEquiv>
                    <Unicode>se...</Unicode>
                </TextEquiv>
            </TextLine>
        </TextRegion>
    </Page>
</PcGts>
