6936 4232
3577 172 6373 580 rie en tbehre huvel fim fol - x
2916 277 3227 474 7 15
380 339 3102 566 wo und die verwelkt konnen lagen, - a
584 518 1460 657 sbleif - namen
3540 485 6201 869 in A Rest it Novembrt to
358 617 3040 861 ihr klein Kilderstag, & Kleif. Co.
3504 672 6154 1077 in unibzuen uch sporben
321 814 2978 1113 uul d: - D    tous don
3482 989 6154 1391 belegt.
339 964 2993 1343 ne doit, niet, øne je betei, je sais
3471 1194 6154 1624 2 or 10 to him.. Es we il faut
358 1267 2679 1496 stve zu denken ust einen klar
3478 1431 5986 1825 den uijtend ud thal ode
358 1496 2935 1719 blare Sincetinuerel, indem
5121 1621 5902 1851 so I go
1862 1657 2230 1854 egen
3530 1737 6121 2128 with, et a jus, it thron
398 1759 2807 2015 Wift der - - ohne so recht bewei¬
1405 1982 2800 2300 Je ne xxx Morh
391 2059 927 2208 to sein.
3570 1916 6242 2292 a de retolot. Und qui bli
350 2219 3037 2467 the J John is in die ugencline in
3533 2256 6471 2621 her nel trent la verschen so sie..
372 2438 2829 2748 re Heis geprite - tdans
3818 2581 6260 2873 Le lui du bonte pas très - au
391 2694 2942 2960 in hs u. "Hastand ten Hen-
3555 2763 6150 3176 d Baphuif kom,t an den in
314 2971 2789 3263 Wille.. Cbe es beyr und
3599 3110 6172 3489 beb Seint ailler - ande -
361 3197 3124 3559 wohl auf d to Mollten.
3621 3325 5953 3694 gebengl ihr, und f al
361 3533 3059 3902 es weg the    inde out it go
3672 3628 5902 3931 Monsieur zu bemde
