<?xml version="1.0" encoding="UTF-8" standalone="yes"?>
<PcGts xmlns="http://schema.primaresearch.org/PAGE/gts/pagecontent/2013-07-15" xmlns:xsi="http://www.w3.org/2001/XMLSchema-instance" xsi:schemaLocation="http://schema.primaresearch.org/PAGE/gts/pagecontent/2013-07-15 http://schema.primaresearch.org/PAGE/gts/pagecontent/2013-07-15/pagecontent.xsd">
    <Metadata>
        <Creator>prov=READ-COOP:name=TrHtr:version=2.1.0:model_id=51170:date=14_08_2023_19:12</Creator>
        <Created>2023-05-10T14:35:38.866+02:00</Created>
        <LastChange>2023-08-14T19:12:06.670+02:00</LastChange>
        <TranskribusMetadata docId="1428642" pageId="55422275" pageNr="47" tsid="132822253" status="IN_PROGRESS" userId="64420" imgUrl="https://files.transkribus.eu/Get?id=HBVOCOSMGJXKXFLOIPAKGZJJ&amp;fileType=view" xmlUrl="https://files.transkribus.eu/Get?id=FUSHRJMUYPROPSBHWRKZWDMF" imageId="44696354"/>
    </Metadata>
    <Page imageFilename="1428642_0047.jpg" imageWidth="6712" imageHeight="4216">
        <ReadingOrder>
            <OrderedGroup id="ro_1711816417946" caption="Regions reading order">
                <RegionRefIndexed index="0" regionRef="tr_1"/>
            </OrderedGroup>
        </ReadingOrder>
        <TextRegion id="tr_1" custom="readingOrder {index:0;}">
            <Coords points="334,206 6550,206 6550,3652 334,3652"/>
            <TextLine id="tr_1_tl_1" custom="readingOrder {index:0;}">
                <Coords points="6187,302 6245,299 6256,310 6307,295 6355,299 6369,284 6380,295 6428,270 6475,273 6471,131 6424,131 6377,179 6347,168 6304,179 6249,168 6216,193 6183,186"/>
                <Baseline points="6204,262 6294,256 6383,262 6473,262 6479,262"/>
                <TextEquiv>
                    <Unicode>&amp;c</Unicode>
                </TextEquiv>
            </TextLine>
            <TextLine id="tr_1_tl_2" custom="readingOrder {index:1;}">
                <Coords points="3046,324 3090,321 3119,346 3181,346 3196,361 3217,350 3247,364 3298,357 3290,193 3258,200 3225,182 3210,197 3181,171 3152,179 3126,171 3108,186 3039,182"/>
                <Baseline points="3063,310 3153,310 3242,316 3302,316"/>
                <TextEquiv>
                    <Unicode>541</Unicode>
                </TextEquiv>
            </TextLine>
            <TextLine id="tr_1_tl_3" custom="readingOrder {index:2;}">
                <Coords points="408,437 791,404 1144,503 1567,401 3050,408 3115,324 2602,193 2365,332 1629,259 412,332"/>
                <Baseline points="429,388 435,388 525,394 615,394 704,394 794,394 883,394 973,388 1062,394 1152,394 1242,388 1331,388 1421,388 1510,388 1600,394 1689,394 1779,388 1869,388 1958,382 2048,382 2137,376 2227,376 2317,376 2406,376 2496,370 2585,364 2675,352 2764,352 2854,358 2944,358 3033,364 3123,358"/>
                <TextEquiv>
                    <Unicode>ment in jusqu'h wite in Rech.</Unicode>
                </TextEquiv>
            </TextLine>
            <TextLine id="tr_1_tl_4" custom="readingOrder {index:3;}">
                <Coords points="3771,506 6307,579 6300,324 6060,408 4821,321 4536,408 3768,375"/>
                <Baseline points="3792,429 3881,447 3971,453 4060,465 4150,465 4239,471 4329,471 4419,471 4508,471 4598,471 4687,477 4777,477 4866,483 4956,489 5046,495 5135,495 5225,495 5314,495 5404,495 5493,495 5583,501 5673,495 5762,495 5852,495 5941,495 6031,495 6120,501 6210,507 6300,507 6312,507"/>
                <TextEquiv>
                    <Unicode>Geweile...  Und auch heute sal nur</Unicode>
                </TextEquiv>
            </TextLine>
            <TextLine id="tr_1_tl_5" custom="readingOrder {index:4;}">
                <Coords points="343,696 1275,612 1450,692 1887,605 2715,660 3035,619 3035,525 2722,445 2438,547 343,554"/>
                <Baseline points="364,603 447,609 537,609 627,609 716,609 806,609 895,609 985,609 1074,609 1164,603 1254,609 1343,603 1433,603 1522,603 1612,603 1701,603 1791,603 1881,603 1970,603 2060,603 2149,597 2239,597 2328,603 2418,597 2508,591 2597,585 2687,585 2776,585 2866,579 2955,573 3045,579"/>
                <TextEquiv>
                    <Unicode>ver, in juge Heir, wes and with in</Unicode>
                </TextEquiv>
            </TextLine>
            <TextLine id="tr_1_tl_6" custom="readingOrder {index:5;}">
                <Coords points="3640,813 3943,729 4245,805 5283,692 5692,798 6242,725 6242,594 6129,561 5156,663 4970,583 4183,649 3640,568"/>
                <Baseline points="3660,692 3750,692 3839,698 3929,698 4018,698 4108,698 4198,698 4287,698 4377,698 4466,698 4556,692 4645,692 4735,692 4825,692 4914,698 5004,698 5093,692 5183,692 5272,692 5362,692 5452,692 5541,686 5631,686 5720,680 5810,680 5900,686 5989,686 6079,686 6168,692 6252,704"/>
                <TextEquiv>
                    <Unicode>Hendt. wohl an dem ein  wenn ich</Unicode>
                </TextEquiv>
            </TextLine>
            <TextLine id="tr_1_tl_7" custom="readingOrder {index:6;}">
                <Coords points="343,864 2875,889 3145,838 3145,696 343,718"/>
                <Baseline points="364,800 376,806 465,806 555,818 644,818 734,818 824,818 913,818 1003,818 1092,812 1182,812 1271,806 1361,800 1451,812 1540,812 1630,806 1719,806 1809,800 1898,806 1988,800 2078,800 2167,800 2257,800 2346,794 2436,794 2526,794 2615,794 2705,788 2794,794 2884,794 2973,794 3063,794 3153,788"/>
                <TextEquiv>
                    <Unicode>du bel vite, je uit seme blape fusils</Unicode>
                </TextEquiv>
            </TextLine>
            <TextLine id="tr_1_tl_8" custom="readingOrder {index:7;}">
                <Coords points="3615,951 6041,940 6544,1049 6544,783 3615,867"/>
                <Baseline points="3636,931 3726,925 3815,931 3905,925 3995,919 4084,919 4174,919 4263,913 4353,919 4442,913 4532,913 4622,913 4711,913 4801,913 4890,913 4980,907 5069,907 5159,907 5249,907 5338,901 5428,901 5517,895 5607,889 5696,895 5786,895 5876,901 5965,913 6055,919 6144,931 6234,943 6324,961 6413,985 6503,997 6550,1009"/>
                <TextEquiv>
                    <Unicode>ste nicht umges mich hoff... you Cincart</Unicode>
                </TextEquiv>
            </TextLine>
            <TextLine id="tr_1_tl_9" custom="readingOrder {index:8;}">
                <Coords points="321,1053 1388,1100 2591,998 3225,1126 3254,944 2551,842 1709,955 1370,896 1250,984 324,933"/>
                <Baseline points="340,1015 429,1015 519,1021 609,1027 698,1033 788,1033 877,1033 967,1033 1056,1039 1146,1039 1236,1039 1325,1039 1415,1027 1504,1021 1594,1021 1684,1009 1773,1009 1863,1003 1952,1003 2042,1003 2131,997 2221,1003 2311,997 2400,1003 2490,1003 2579,997 2669,1003 2758,1003 2848,1009 2938,1021 3027,1033 3117,1039 3206,1051 3254,1051"/>
                <TextEquiv>
                    <Unicode>der Titel ein Schurbeit viel der Stimpf han¬</Unicode>
                </TextEquiv>
            </TextLine>
            <TextLine id="tr_1_tl_10" custom="readingOrder {index:9;}">
                <Coords points="3567,1159 6231,1217 6315,1188 6315,984 4835,1020 4300,1137 3873,991 3567,1082"/>
                <Baseline points="3588,1158 3678,1152 3768,1158 3857,1158 3947,1158 4036,1158 4126,1164 4216,1158 4305,1164 4395,1164 4484,1170 4574,1170 4663,1170 4753,1170 4843,1170 4932,1170 5022,1164 5111,1158 5201,1152 5290,1152 5380,1152 5470,1146 5559,1146 5649,1146 5738,1140 5828,1140 5917,1140 6007,1146 6097,1152 6186,1152 6276,1164 6324,1164"/>
                <TextEquiv>
                    <Unicode>trudut, - as i une selbt verst¬</Unicode>
                </TextEquiv>
            </TextLine>
            <TextLine id="tr_1_tl_11" custom="readingOrder {index:10;}">
                <Coords points="445,1261 1640,1195 1818,1261 1964,1188 2197,1257 3002,1210 3035,1119 2532,1057 445,1140"/>
                <Baseline points="465,1200 537,1206 627,1206 716,1206 806,1212 895,1212 985,1212 1074,1212 1164,1212 1254,1206 1343,1200 1433,1200 1522,1194 1612,1188 1701,1188 1791,1188 1881,1182 1970,1182 2060,1182 2149,1182 2239,1182 2328,1182 2418,1182 2508,1182 2597,1182 2687,1176 2776,1170 2866,1176 2955,1182 3045,1194"/>
                <TextEquiv>
                    <Unicode>wil der Vermeidnung je bestell Hae-</Unicode>
                </TextEquiv>
            </TextLine>
            <TextLine id="tr_1_tl_12" custom="readingOrder {index:11;}">
                <Coords points="5943,1301 5979,1297 6030,1323 6085,1264 6122,1264 6191,1275 6249,1315 6409,1304 6398,1173 6231,1217 6125,1206 6096,1224 6001,1162 5936,1188"/>
                <Baseline points="5959,1260 6049,1260 6138,1265 6228,1271 6318,1283 6407,1295 6419,1295"/>
                <TextEquiv>
                    <Unicode>suivite</Unicode>
                </TextEquiv>
            </TextLine>
            <TextLine id="tr_1_tl_13" custom="readingOrder {index:12;}">
                <Coords points="353,1425 1068,1396 1319,1483 1516,1403 1818,1468 2135,1377 3035,1385 3035,1297 2824,1206 2547,1323 357,1319"/>
                <Baseline points="376,1391 447,1385 537,1391 627,1391 716,1391 806,1397 895,1391 985,1391 1074,1391 1164,1391 1254,1391 1343,1391 1433,1385 1522,1385 1612,1385 1701,1385 1791,1385 1881,1385 1970,1385 2060,1379 2149,1373 2239,1373 2328,1373 2418,1373 2508,1373 2597,1367 2687,1361 2776,1355 2866,1355 2955,1355 3045,1367"/>
                <TextEquiv>
                    <Unicode>in der kolle sleitern und wieder Ange¬</Unicode>
                </TextEquiv>
            </TextLine>
            <TextLine id="tr_1_tl_14" custom="readingOrder {index:13;}">
                <Coords points="3658,1505 4150,1396 6351,1428 6351,1334 6125,1264 3658,1283"/>
                <Baseline points="3678,1367 3768,1367 3857,1367 3947,1367 4036,1373 4126,1379 4216,1379 4305,1385 4395,1385 4484,1385 4574,1391 4663,1397 4753,1397 4843,1397 4932,1391 5022,1391 5111,1385 5201,1379 5290,1379 5380,1373 5470,1373 5559,1373 5649,1367 5738,1367 5828,1367 5917,1361 6007,1361 6097,1367 6186,1373 6276,1379 6359,1391"/>
                <TextEquiv>
                    <Unicode>Siefe was ik deeres cn iin Her</Unicode>
                </TextEquiv>
            </TextLine>
            <TextLine id="tr_1_tl_15" custom="readingOrder {index:14;}">
                <Coords points="335,1636 2314,1636 2565,1552 2864,1625 3086,1570 3086,1465 2919,1396 339,1538"/>
                <Baseline points="358,1594 406,1594 495,1594 585,1594 674,1588 764,1588 853,1588 943,1582 1033,1582 1122,1582 1212,1582 1301,1576 1391,1576 1480,1576 1570,1570 1660,1570 1749,1570 1839,1558 1928,1552 2018,1558 2108,1552 2197,1546 2287,1552 2376,1552 2466,1552 2555,1552 2645,1552 2735,1546 2824,1546 2914,1540 3003,1540 3093,1546"/>
                <TextEquiv>
                    <Unicode>[illegible] orntie (it</Unicode>
                </TextEquiv>
            </TextLine>
            <TextLine id="tr_1_tl_16" custom="readingOrder {index:15;}">
                <Coords points="3622,1716 3833,1632 4671,1742 5254,1632 6067,1683 6205,1654 6205,1512 5786,1439 5221,1589 4664,1501 4227,1585 3994,1465 3622,1534"/>
                <Baseline points="3642,1624 3702,1630 3792,1624 3881,1624 3971,1630 4060,1630 4150,1630 4239,1630 4329,1630 4419,1630 4508,1630 4598,1630 4687,1636 4777,1636 4866,1636 4956,1636 5046,1636 5135,1630 5225,1624 5314,1618 5404,1618 5493,1618 5583,1618 5673,1612 5762,1612 5852,1600 5941,1600 6031,1600 6120,1606 6213,1606"/>
                <TextEquiv>
                    <Unicode>jedige uwprsperlege -ne hatt j-</Unicode>
                </TextEquiv>
            </TextLine>
            <TextLine id="tr_1_tl_17" custom="readingOrder {index:16;}">
                <Coords points="758,1778 783,1775 809,1749 834,1756 900,1705 922,1723 947,1709 966,1720 980,1705 1028,1738 1064,1731 1100,1745 1104,1665 1049,1651 995,1611 929,1625 893,1607 849,1629 765,1618"/>
                <Baseline points="782,1713 842,1707 931,1701 1021,1701 1110,1695"/>
                <TextEquiv>
                    <Unicode>était 1</Unicode>
                </TextEquiv>
            </TextLine>
            <TextLine id="tr_1_tl_18" custom="readingOrder {index:17;}">
                <Coords points="357,1811 718,1887 1698,1764 3181,1789 3181,1676 2755,1581 2565,1705 2296,1625 791,1767 361,1709"/>
                <Baseline points="376,1785 412,1785 501,1785 591,1797 680,1791 770,1791 859,1791 949,1791 1039,1785 1128,1791 1218,1785 1307,1785 1397,1779 1486,1773 1576,1767 1666,1761 1755,1761 1845,1755 1934,1755 2024,1749 2113,1755 2203,1749 2293,1743 2382,1743 2472,1743 2561,1737 2651,1731 2740,1731 2830,1725 2920,1719 3009,1719 3099,1719 3188,1725"/>
                <TextEquiv>
                    <Unicode>syli uit eine botss nieren konte. -</Unicode>
                </TextEquiv>
            </TextLine>
            <TextLine id="tr_1_tl_19" custom="readingOrder {index:18;}">
                <Coords points="3647,1884 5378,1928 5579,1829 6140,1840 6143,1683 4092,1807 3651,1713"/>
                <Baseline points="3666,1851 3732,1857 3821,1857 3911,1857 4001,1857 4090,1857 4180,1851 4269,1857 4359,1857 4448,1851 4538,1851 4628,1851 4717,1851 4807,1851 4896,1851 4986,1851 5075,1845 5165,1845 5255,1839 5344,1833 5434,1833 5523,1833 5613,1827 5702,1827 5792,1821 5882,1821 5971,1821 6061,1815 6150,1821"/>
                <TextEquiv>
                    <Unicode>Onder genannt.. ganz ausste</Unicode>
                </TextEquiv>
            </TextLine>
            <TextLine id="tr_1_tl_20" custom="readingOrder {index:19;}">
                <Coords points="404,1993 3225,2008 3228,1833 408,1906"/>
                <Baseline points="423,1988 459,1988 549,1988 638,1994 728,1982 818,1982 907,1976 997,1976 1086,1976 1176,1982 1265,1982 1355,1982 1445,1982 1534,1976 1624,1976 1713,1976 1803,1970 1893,1958 1982,1958 2072,1952 2161,1952 2251,1952 2340,1952 2430,1952 2520,1946 2609,1946 2699,1946 2788,1946 2878,1940 2967,1940 3057,1946 3147,1946 3236,1952"/>
                <TextEquiv>
                    <Unicode>Sie sch ich nur poß a - nie war will aucun</Unicode>
                </TextEquiv>
            </TextLine>
            <TextLine id="tr_1_tl_21" custom="readingOrder {index:20;}">
                <Coords points="3662,2190 4948,2066 5170,2146 6285,2132 6293,1928 3997,2059 3666,1960"/>
                <Baseline points="3684,2096 3702,2096 3792,2102 3881,2108 3971,2108 4060,2108 4150,2108 4239,2102 4329,2096 4419,2090 4508,2084 4598,2078 4687,2072 4777,2072 4866,2060 4956,2060 5046,2054 5135,2060 5225,2054 5314,2048 5404,2054 5493,2048 5583,2054 5673,2054 5762,2054 5852,2048 5941,2054 6031,2054 6120,2066 6210,2078 6300,2090"/>
                <TextEquiv>
                    <Unicode>seineml... wie ich weit sie hin</Unicode>
                </TextEquiv>
            </TextLine>
            <TextLine id="tr_1_tl_22" custom="readingOrder {index:21;}">
                <Coords points="339,2223 1982,2164 2186,2241 2627,2132 3101,2208 3181,2008 339,2117"/>
                <Baseline points="358,2203 412,2191 501,2191 591,2191 680,2185 770,2185 859,2185 949,2179 1039,2179 1128,2173 1218,2167 1307,2173 1397,2173 1486,2167 1576,2167 1666,2167 1755,2161 1845,2161 1934,2161 2024,2161 2113,2155 2203,2149 2293,2143 2382,2143 2472,2137 2561,2137 2651,2131 2740,2131 2830,2131 2920,2131 3009,2131 3099,2131 3188,2131"/>
                <TextEquiv>
                    <Unicode>erschenken; - so nichts und freier stand</Unicode>
                </TextEquiv>
            </TextLine>
            <TextLine id="tr_1_tl_23" custom="readingOrder {index:22;}">
                <Coords points="3593,2412 5411,2270 5943,2277 6285,2416 6293,2150 5979,2223 5662,2132 4416,2150 3596,2270"/>
                <Baseline points="3612,2328 3702,2328 3792,2328 3881,2328 3971,2328 4060,2328 4150,2322 4239,2317 4329,2311 4419,2317 4508,2317 4598,2311 4687,2305 4777,2299 4866,2293 4956,2287 5046,2281 5135,2275 5225,2269 5314,2269 5404,2269 5493,2269 5583,2281 5673,2281 5762,2275 5852,2269 5941,2263 6031,2257 6120,2269 6210,2281 6300,2287"/>
                <TextEquiv>
                    <Unicode>we will hi in him</Unicode>
                </TextEquiv>
            </TextLine>
            <TextLine id="tr_1_tl_24" custom="readingOrder {index:23;}">
                <Coords points="353,2416 2904,2372 3079,2350 3083,2190 357,2321"/>
                <Baseline points="376,2382 400,2376 489,2382 579,2382 668,2388 758,2388 847,2382 937,2382 1027,2376 1116,2376 1206,2370 1295,2364 1385,2364 1475,2364 1564,2358 1654,2358 1743,2352 1833,2352 1922,2346 2012,2340 2102,2346 2191,2334 2281,2328 2370,2334 2460,2328 2549,2328 2639,2328 2729,2328 2818,2328 2908,2328 2997,2328 3087,2328"/>
                <TextEquiv>
                    <Unicode>e cor chs da. Wortler offic ln wortlos</Unicode>
                </TextEquiv>
            </TextLine>
            <TextLine id="tr_1_tl_25" custom="readingOrder {index:24;}">
                <Coords points="4937,2405 5856,2401 5972,2379 5976,2281 5815,2314 5750,2285 5564,2303 5531,2270 5451,2306 5407,2266 5061,2314 4941,2288"/>
                <Baseline points="4956,2394 4998,2388 5087,2382 5177,2376 5267,2376 5356,2376 5446,2376 5535,2376 5625,2376 5714,2376 5804,2376 5894,2370 5983,2364"/>
                <TextEquiv>
                    <Unicode>bitt ne deeke wol</Unicode>
                </TextEquiv>
            </TextLine>
            <TextLine id="tr_1_tl_26" custom="readingOrder {index:25;}">
                <Coords points="6329,2543 6391,2554 6417,2529 6449,2543 6490,2532 6428,2146 6380,2164 6336,2139 6329,2150 6304,2143 6267,2153"/>
                <Baseline points="6324,2376 6413,2388 6473,2400"/>
                <TextEquiv>
                    <Unicode>be</Unicode>
                </TextEquiv>
            </TextLine>
            <TextLine id="tr_1_tl_27" custom="readingOrder {index:26;}">
                <Coords points="3593,2675 4212,2529 4478,2532 4843,2693 5389,2489 6100,2554 6103,2390 5987,2368 4981,2419 4817,2314 4274,2467 3604,2350"/>
                <Baseline points="3618,2531 3690,2531 3780,2531 3869,2531 3959,2526 4048,2526 4138,2526 4227,2520 4317,2514 4407,2514 4496,2514 4586,2508 4675,2508 4765,2508 4854,2502 4944,2496 5034,2490 5123,2490 5213,2484 5302,2478 5392,2472 5481,2472 5571,2466 5661,2466 5750,2460 5840,2466 5929,2466 6019,2466 6109,2472"/>
                <TextEquiv>
                    <Unicode>I..... Obi. en t. M..... t'il will il</Unicode>
                </TextEquiv>
            </TextLine>
            <TextLine id="tr_1_tl_28" custom="readingOrder {index:27;}">
                <Coords points="2325,2543 2470,2569 2656,2675 2700,2642 2777,2693 2846,2638 2897,2671 3006,2583 3155,2587 3152,2518 3061,2514 2981,2445 2919,2452 2879,2416 2700,2467 2642,2438 2583,2463 2423,2368 2317,2383"/>
                <Baseline points="2346,2543 2436,2549 2526,2555 2615,2555 2705,2555 2794,2561 2884,2567 2973,2573 3063,2579 3153,2579 3164,2579"/>
                <TextEquiv>
                    <Unicode>Eschift ein</Unicode>
                </TextEquiv>
            </TextLine>
            <TextLine id="tr_1_tl_29" custom="readingOrder {index:28;}">
                <Coords points="350,2634 660,2693 772,2627 889,2671 1035,2613 2190,2569 2066,2503 1822,2547 1640,2463 1170,2551 353,2514"/>
                <Baseline points="370,2597 388,2597 477,2597 567,2603 656,2603 746,2609 836,2615 925,2615 1015,2615 1104,2609 1194,2609 1283,2609 1373,2603 1463,2597 1552,2591 1642,2591 1731,2585 1821,2585 1910,2579 1928,2579 2018,2567 2108,2561 2197,2561"/>
                <TextEquiv>
                    <Unicode>lief in its entrete.</Unicode>
                </TextEquiv>
            </TextLine>
            <TextLine id="tr_1_tl_30" custom="readingOrder {index:29;}">
                <Coords points="3687,2769 3946,2835 4107,2744 4394,2813 6220,2751 6224,2587 5743,2558 5451,2642 5331,2565 4846,2696 4631,2616 3691,2616"/>
                <Baseline points="3708,2729 3726,2729 3815,2729 3905,2729 3995,2729 4084,2729 4174,2735 4263,2735 4353,2735 4442,2735 4532,2735 4622,2729 4711,2735 4801,2735 4890,2735 4980,2735 5069,2735 5159,2723 5249,2717 5338,2711 5428,2705 5517,2699 5607,2699 5696,2693 5786,2693 5876,2693 5965,2693 6055,2699 6144,2705 6234,2711"/>
                <TextEquiv>
                    <Unicode>I bebalt.. ist u d. hoog frt will</Unicode>
                </TextEquiv>
            </TextLine>
            <TextLine id="tr_1_tl_31" custom="readingOrder {index:30;}">
                <Coords points="313,2831 2572,2817 3126,2904 3126,2671 2409,2777 2088,2664 313,2729"/>
                <Baseline points="334,2812 423,2812 513,2806 603,2806 692,2806 782,2812 871,2812 961,2812 1051,2818 1140,2818 1230,2824 1319,2824 1409,2818 1498,2818 1588,2818 1678,2812 1767,2812 1857,2818 1946,2818 2036,2812 2125,2812 2215,2812 2305,2812 2394,2818 2484,2818 2573,2818 2663,2824 2752,2830 2842,2830 2932,2836 3021,2842 3111,2842 3135,2842"/>
                <TextEquiv>
                    <Unicode>dan 1 toce in sei Plades, nor wit e</Unicode>
                </TextEquiv>
            </TextLine>
            <TextLine id="tr_1_tl_32" custom="readingOrder {index:31;}">
                <Coords points="3687,2970 6038,2966 6063,2766 3687,2875"/>
                <Baseline points="3708,2938 3738,2944 3827,2944 3917,2950 4006,2950 4096,2950 4186,2944 4275,2944 4365,2944 4454,2938 4544,2944 4634,2938 4723,2938 4813,2938 4902,2938 4992,2932 5081,2932 5171,2926 5261,2920 5350,2920 5440,2914 5529,2908 5619,2908 5708,2908 5798,2908 5888,2908 5977,2908 6067,2908"/>
                <TextEquiv>
                    <Unicode>ich mit ihm anderen..... die het¬</Unicode>
                </TextEquiv>
            </TextLine>
            <TextLine id="tr_1_tl_33" custom="readingOrder {index:32;}">
                <Coords points="357,3050 1228,3166 1662,3068 3053,3086 3017,2970 2248,2904 1880,3013 1618,2922 357,2897"/>
                <Baseline points="376,3039 465,3033 555,3033 644,3033 734,3039 824,3039 913,3045 1003,3045 1092,3045 1182,3045 1271,3045 1361,3045 1451,3045 1540,3039 1630,3045 1719,3051 1809,3057 1898,3051 1988,3057 2078,3051 2167,3051 2257,3051 2346,3045 2436,3045 2526,3045 2615,3045 2705,3045 2794,3051 2884,3051 2973,3057 3063,3051"/>
                <TextEquiv>
                    <Unicode>Dr. Cuhich Koftekeul, at was i in i</Unicode>
                </TextEquiv>
            </TextLine>
            <TextLine id="tr_1_tl_34" custom="readingOrder {index:33;}">
                <Coords points="3629,3217 4562,3258 4730,3166 5025,3228 5458,3145 5972,3210 5972,3006 4471,2995 4114,3086 3950,2988 3633,3024"/>
                <Baseline points="3654,3164 3744,3170 3833,3164 3923,3170 4012,3170 4102,3164 4192,3159 4281,3153 4371,3159 4460,3153 4550,3153 4639,3153 4729,3153 4819,3153 4908,3147 4998,3147 5087,3147 5177,3147 5267,3141 5356,3141 5446,3135 5535,3135 5625,3141 5714,3141 5804,3141 5894,3147 5983,3159"/>
                <TextEquiv>
                    <Unicode>an huit jany cence, with kispeel</Unicode>
                </TextEquiv>
            </TextLine>
            <TextLine id="tr_1_tl_35" custom="readingOrder {index:34;}">
                <Coords points="375,3341 1734,3239 2073,3356 2416,3258 3232,3345 3232,3177 2795,3112 2423,3206 2139,3075 1957,3174 1702,3083 1290,3214 1130,3115 947,3203 627,3068 375,3104"/>
                <Baseline points="394,3254 483,3266 573,3266 662,3266 752,3260 842,3260 931,3260 1021,3254 1110,3254 1200,3254 1289,3242 1379,3236 1469,3230 1558,3236 1648,3236 1737,3242 1827,3248 1916,3248 2006,3254 2096,3254 2185,3254 2275,3254 2364,3254 2454,3260 2543,3254 2633,3254 2723,3248 2812,3254 2902,3254 2991,3260 3081,3266 3170,3260 3236,3260"/>
                <TextEquiv>
                    <Unicode>frunde. Han, fzt i of boll</Unicode>
                </TextEquiv>
            </TextLine>
            <TextLine id="tr_1_tl_36" custom="readingOrder {index:35;}">
                <Coords points="3706,3385 3972,3454 4128,3396 4249,3462 5225,3403 5968,3462 6009,3217 5506,3283 5138,3203 4708,3290 4424,3217 4270,3301 4070,3239 3706,3319"/>
                <Baseline points="3726,3373 3815,3373 3905,3379 3995,3373 4084,3373 4174,3373 4263,3373 4353,3379 4442,3379 4532,3379 4622,3373 4711,3373 4801,3373 4890,3373 4980,3373 5069,3379 5159,3379 5249,3385 5338,3385 5428,3385 5517,3385 5607,3385 5696,3391 5786,3391 5876,3397 5965,3397 6019,3397"/>
                <TextEquiv>
                    <Unicode>in for it in juberlill nome</Unicode>
                </TextEquiv>
            </TextLine>
            <TextLine id="tr_1_tl_37" custom="readingOrder {index:36;}">
                <Coords points="488,3578 1982,3458 3148,3611 3148,3319 1694,3327 1512,3432 488,3370"/>
                <Baseline points="507,3499 555,3499 644,3493 734,3487 824,3487 913,3487 1003,3481 1092,3481 1182,3481 1271,3481 1361,3475 1451,3469 1540,3463 1630,3463 1719,3463 1809,3457 1898,3457 1988,3457 2078,3463 2167,3463 2257,3463 2346,3469 2436,3469 2526,3469 2615,3469 2705,3469 2794,3463 2884,3469 2973,3475 3063,3487 3157,3491"/>
                <TextEquiv>
                    <Unicode>Eodem or in F Eiste am Rest</Unicode>
                </TextEquiv>
            </TextLine>
            <TextLine id="tr_1_tl_38" custom="readingOrder {index:37;}">
                <Coords points="3731,3680 4354,3622 4839,3717 5061,3644 5812,3669 5808,3436 5724,3414 4930,3432 4773,3513 4453,3421 4281,3513 4088,3418 3728,3462"/>
                <Baseline points="3750,3606 3839,3606 3929,3600 4018,3606 4108,3606 4198,3600 4287,3600 4377,3600 4466,3600 4556,3600 4645,3594 4735,3594 4825,3600 4914,3600 5004,3612 5093,3618 5183,3624 5272,3630 5362,3630 5452,3636 5541,3642 5631,3636 5720,3636 5810,3642 5822,3636"/>
                <TextEquiv>
                    <Unicode>Hac:- die gewiert</Unicode>
                </TextEquiv>
            </TextLine>
        </TextRegion>
    </Page>
</PcGts>
