<?xml version="1.0" encoding="UTF-8" standalone="yes"?>
<PcGts xmlns="http://schema.primaresearch.org/PAGE/gts/pagecontent/2013-07-15" xmlns:xsi="http://www.w3.org/2001/XMLSchema-instance" xsi:schemaLocation="http://schema.primaresearch.org/PAGE/gts/pagecontent/2013-07-15 http://schema.primaresearch.org/PAGE/gts/pagecontent/2013-07-15/pagecontent.xsd">
    <Metadata>
        <Creator>prov=READ-COOP:name=TrHtr:version=2.1.0:model_id=51170:date=14_08_2023_19:12</Creator>
        <Created>2023-05-10T14:35:36.502+02:00</Created>
        <LastChange>2023-08-14T19:12:02.302+02:00</LastChange>
        <TranskribusMetadata docId="1428642" pageId="55422159" pageNr="34" tsid="132822240" status="IN_PROGRESS" userId="64420" imgUrl="https://files.transkribus.eu/Get?id=EUUNCANZYCWUDVUVQIWNRWCO&amp;fileType=view" xmlUrl="https://files.transkribus.eu/Get?id=PGSGBLBBTLYEFTAPAFCSKEGS" imageId="44696238"/>
    </Metadata>
    <Page imageFilename="1428642_0034.jpg" imageWidth="6600" imageHeight="4104">
        <ReadingOrder>
            <OrderedGroup id="ro_1711816360547" caption="Regions reading order">
                <RegionRefIndexed index="0" regionRef="tr_1"/>
            </OrderedGroup>
        </ReadingOrder>
        <TextRegion id="tr_1" custom="readingOrder {index:0;}">
            <Coords points="202,194 6394,194 6394,3863 202,3863"/>
            <TextLine id="tr_1_tl_1" custom="readingOrder {index:0;}">
                <Coords points="338,272 400,275 470,257 514,286 528,275 576,290 646,268 642,125 481,128 415,117 334,132"/>
                <Baseline points="357,244 447,244 536,244 626,250 650,256"/>
                <TextEquiv>
                    <Unicode>1/1</Unicode>
                </TextEquiv>
            </TextLine>
            <TextLine id="tr_1_tl_2" custom="readingOrder {index:1;}">
                <Coords points="6133,382 6151,382 6180,356 6228,360 6279,312 6294,319 6323,294 6367,316 6389,312 6397,213 6371,217 6265,187 6243,202 6232,198 6195,228 6140,231"/>
                <Baseline points="6156,304 6215,304 6305,298 6394,292"/>
                <TextEquiv>
                    <Unicode>17</Unicode>
                </TextEquiv>
            </TextLine>
            <TextLine id="tr_1_tl_3" custom="readingOrder {index:2;}">
                <Coords points="3501,389 4727,492 5707,426 6279,550 6265,286 5296,283 4951,165 3490,198"/>
                <Baseline points="3519,334 3608,334 3698,328 3787,334 3877,340 3966,345 4056,351 4145,351 4235,357 4324,357 4414,363 4503,375 4593,375 4682,381 4772,387 4861,387 4951,399 5040,399 5130,405 5219,405 5308,411 5398,411 5487,417 5577,417 5666,423 5756,423 5845,429 5935,435 6024,447 6114,459 6203,477 6281,501"/>
                <TextEquiv>
                    <Unicode>Verkaufsladen; der großer,</Unicode>
                </TextEquiv>
            </TextLine>
            <TextLine id="tr_1_tl_4" custom="readingOrder {index:3;}">
                <Coords points="2591,352 2653,363 2764,459 2804,440 2819,455 2837,451 2811,202 2752,191 2738,202 2708,198 2697,213 2672,209 2646,231 2580,228"/>
                <Baseline points="2612,334 2702,334 2791,351 2839,351"/>
                <TextEquiv>
                    <Unicode>165</Unicode>
                </TextEquiv>
            </TextLine>
            <TextLine id="tr_1_tl_5" custom="readingOrder {index:4;}">
                <Coords points="242,514 727,642 1053,506 1784,484 2907,584 3057,547 3057,316 2786,459 2510,327 1729,360 1516,275 859,426 532,275 242,360"/>
                <Baseline points="262,507 351,501 441,501 530,501 620,501 709,501 799,501 888,495 978,495 1067,495 1157,501 1246,501 1336,501 1425,489 1515,483 1604,483 1694,489 1783,477 1873,477 1962,477 2052,483 2141,483 2230,483 2320,477 2409,483 2499,483 2588,489 2678,495 2767,513 2857,513 2946,518 3036,524 3066,536"/>
                <TextEquiv>
                    <Unicode>not in ciecu Srott Pm Warenly, &amp;</Unicode>
                </TextEquiv>
            </TextLine>
            <TextLine id="tr_1_tl_6" custom="readingOrder {index:5;}">
                <Coords points="3464,697 3854,591 4129,664 4694,595 5035,756 5428,617 6188,760 6180,510 5879,554 5714,426 5340,547 3997,506 3652,400 3461,477"/>
                <Baseline points="3483,596 3573,596 3662,590 3752,590 3841,584 3931,584 4020,590 4109,590 4199,590 4288,596 4378,596 4467,596 4557,596 4646,596 4736,590 4825,596 4915,602 5004,602 5094,602 5183,596 5273,608 5362,614 5452,620 5541,620 5631,626 5720,626 5810,632 5899,638 5988,650 6078,674 6167,691 6197,697"/>
                <TextEquiv>
                    <Unicode>befoir sil in de iuree Sladt;</Unicode>
                </TextEquiv>
            </TextLine>
            <TextLine id="tr_1_tl_7" custom="readingOrder {index:6;}">
                <Coords points="235,800 2448,694 2841,793 2841,613 2562,565 1868,664 1318,528 734,639 235,562"/>
                <Baseline points="256,721 345,715 435,715 524,715 614,715 703,715 793,715 882,709 972,709 1061,709 1151,709 1240,709 1330,709 1419,697 1509,697 1598,697 1688,697 1777,697 1867,703 1956,703 2046,703 2135,703 2224,703 2314,697 2403,691 2493,697 2582,697 2672,703 2761,709 2851,727 2857,721"/>
                <TextEquiv>
                    <Unicode>Sch ei tes Bild vor, nichth an</Unicode>
                </TextEquiv>
            </TextLine>
            <TextLine id="tr_1_tl_8" custom="readingOrder {index:7;}">
                <Coords points="3417,837 6063,914 6063,811 5916,749 5512,793 5241,686 5028,756 4874,650 4665,745 4276,598 4099,697 3600,668 3413,778"/>
                <Baseline points="3435,805 3525,799 3614,793 3704,793 3793,793 3883,799 3972,799 4062,805 4151,805 4241,811 4330,811 4420,811 4509,811 4599,817 4688,817 4778,817 4867,811 4957,817 5046,817 5135,823 5225,823 5314,829 5404,829 5493,835 5583,847 5672,853 5762,858 5851,876 5941,888 6030,888 6072,894"/>
                <TextEquiv>
                    <Unicode>in the abe de Slomhune Tage</Unicode>
                </TextEquiv>
            </TextLine>
            <TextLine id="tr_1_tl_9" custom="readingOrder {index:8;}">
                <Coords points="264,965 763,1035 1009,921 1740,921 2132,1053 2374,910 2943,958 2947,800 2565,730 2374,829 1604,855 1123,749 866,851 264,840"/>
                <Baseline points="286,924 375,930 465,930 554,930 644,924 733,930 823,924 912,918 1002,918 1091,918 1181,918 1270,912 1360,912 1449,918 1539,918 1628,918 1717,912 1807,912 1896,912 1986,906 2075,906 2165,906 2254,906 2344,900 2433,894 2523,894 2612,894 2702,900 2791,906 2881,918 2952,930"/>
                <TextEquiv>
                    <Unicode>mon; - de nec u coeux enttout</Unicode>
                </TextEquiv>
            </TextLine>
            <TextLine id="tr_1_tl_10" custom="readingOrder {index:9;}">
                <Coords points="3398,1079 4452,1105 4760,1024 4936,1145 5446,1182 6037,1097 6033,921 5688,962 5571,873 5303,962 4646,837 3395,954"/>
                <Baseline points="3418,1049 3507,1043 3596,1031 3686,1031 3775,1026 3865,1031 3954,1031 4044,1031 4133,1043 4223,1043 4312,1043 4402,1043 4491,1031 4581,1026 4670,1020 4760,1020 4849,1020 4939,1026 5028,1026 5118,1031 5207,1031 5297,1043 5386,1049 5475,1055 5565,1061 5654,1061 5744,1061 5833,1067 5923,1073 6012,1079 6048,1079"/>
                <TextEquiv>
                    <Unicode>es in ihr Einkauf tres heraufs</Unicode>
                </TextEquiv>
            </TextLine>
            <TextLine id="tr_1_tl_11" custom="readingOrder {index:10;}">
                <Coords points="220,1226 892,1171 1116,1281 1395,1174 2466,1152 2712,1251 2716,1072 1677,1002 998,1101 580,1068 451,958 224,1079"/>
                <Baseline points="244,1145 310,1151 399,1151 489,1157 578,1157 668,1163 757,1157 847,1163 936,1157 1026,1163 1115,1163 1204,1163 1294,1157 1383,1157 1473,1157 1562,1157 1652,1157 1741,1151 1831,1145 1920,1139 2010,1139 2099,1145 2189,1139 2278,1139 2368,1133 2457,1133 2547,1133 2636,1139 2726,1139"/>
                <TextEquiv>
                    <Unicode>and da wil eine problul feuil.</Unicode>
                </TextEquiv>
            </TextLine>
            <TextLine id="tr_1_tl_12" custom="readingOrder {index:11;}">
                <Coords points="3398,1336 3604,1259 3986,1336 4672,1296 4940,1424 5285,1325 5285,1222 4870,1204 4621,1097 4474,1200 4283,1204 3890,1068 3762,1160 3637,1105 3395,1156"/>
                <Baseline points="3418,1252 3507,1252 3596,1258 3686,1264 3775,1270 3865,1270 3954,1270 4044,1270 4133,1276 4223,1276 4312,1276 4402,1288 4491,1282 4581,1282 4670,1282 4760,1282 4849,1276 4939,1276 5028,1276 5118,1282 5207,1294 5291,1300"/>
                <TextEquiv>
                    <Unicode>in Stenhain zu besorgen</Unicode>
                </TextEquiv>
            </TextLine>
            <TextLine id="tr_1_tl_13" custom="readingOrder {index:12;}">
                <Coords points="213,1398 584,1512 1666,1395 2576,1494 2874,1457 2877,1321 2529,1215 1743,1321 1541,1244 213,1321"/>
                <Baseline points="232,1395 322,1401 411,1407 501,1407 590,1407 680,1407 769,1407 858,1407 948,1407 1037,1401 1127,1395 1216,1395 1306,1395 1395,1395 1485,1395 1574,1389 1664,1389 1753,1389 1843,1389 1932,1389 2022,1383 2111,1383 2201,1377 2290,1371 2380,1371 2469,1371 2559,1371 2648,1383 2737,1395 2827,1395 2887,1407"/>
                <TextEquiv>
                    <Unicode>were no uit unhmas in there -</Unicode>
                </TextEquiv>
            </TextLine>
            <TextLine id="tr_1_tl_14" custom="readingOrder {index:13;}">
                <Coords points="4492,1453 4532,1453 4558,1483 4602,1472 4654,1497 4668,1516 4731,1516 4745,1329 4727,1325 4694,1340 4665,1303 4646,1299 4595,1325 4551,1307 4536,1321 4503,1321"/>
                <Baseline points="4515,1437 4569,1431 4658,1431 4748,1419"/>
                <TextEquiv>
                    <Unicode>bil</Unicode>
                </TextEquiv>
            </TextLine>
            <TextLine id="tr_1_tl_15" custom="readingOrder {index:14;}">
                <Coords points="5806,1475 5857,1479 5879,1453 5942,1457 5993,1435 6026,1453 6056,1428 6155,1512 6191,1512 6169,1281 6089,1299 6033,1347 5989,1321 5960,1340 5938,1321 5909,1343 5791,1332"/>
                <Baseline points="5821,1431 5911,1431 6000,1437 6090,1443 6179,1467 6197,1473"/>
                <TextEquiv>
                    <Unicode>d'o</Unicode>
                </TextEquiv>
            </TextLine>
            <TextLine id="tr_1_tl_16" custom="readingOrder {index:15;}">
                <Coords points="3457,1494 4147,1523 4331,1622 4661,1534 6195,1615 6059,1428 5802,1519 5439,1351 4863,1505 4261,1461 3887,1307 3453,1413"/>
                <Baseline points="3477,1479 3561,1497 3650,1497 3740,1503 3829,1503 3919,1503 4008,1503 4098,1503 4187,1509 4276,1527 4366,1533 4455,1533 4545,1533 4634,1533 4724,1533 4813,1539 4903,1539 4992,1533 5082,1539 5171,1539 5261,1544 5350,1550 5440,1556 5529,1562 5619,1568 5708,1568 5798,1562 5887,1562 5977,1562 6066,1562 6156,1574 6203,1580"/>
                <TextEquiv>
                    <Unicode>Lre Mohœur, mais ca reste stuk; - wo</Unicode>
                </TextEquiv>
            </TextLine>
            <TextLine id="tr_1_tl_17" custom="readingOrder {index:16;}">
                <Coords points="3736,1644 5435,1681 5711,1842 5978,1710 6279,1740 6276,1611 6026,1578 3732,1552"/>
                <Baseline points="3758,1616 3847,1616 3936,1616 4026,1622 4115,1622 4205,1628 4294,1640 4384,1640 4473,1640 4563,1634 4652,1634 4742,1640 4831,1646 4921,1646 5010,1652 5100,1652 5189,1646 5279,1652 5368,1658 5458,1664 5547,1676 5637,1682 5726,1694 5815,1694 5905,1694 5994,1688 6084,1694 6173,1700 6263,1711 6287,1717"/>
                <TextEquiv>
                    <Unicode>in de Salm, in den brem Te uetlief, schreibt</Unicode>
                </TextEquiv>
            </TextLine>
            <TextLine id="tr_1_tl_18" custom="readingOrder {index:17;}">
                <Coords points="195,1677 697,1780 2800,1758 2800,1560 2642,1508 1846,1501 1519,1604 1233,1501 815,1607 341,1494 195,1578"/>
                <Baseline points="214,1676 304,1676 393,1676 483,1676 572,1670 662,1670 751,1670 841,1664 930,1658 1020,1658 1109,1658 1198,1658 1288,1652 1377,1652 1467,1658 1556,1658 1646,1664 1735,1658 1825,1664 1914,1658 2004,1658 2093,1658 2183,1658 2272,1658 2362,1664 2451,1676 2541,1676 2630,1670 2720,1676 2809,1688"/>
                <TextEquiv>
                    <Unicode>Citmars in 1... in Mwehr? Le</Unicode>
                </TextEquiv>
            </TextLine>
            <TextLine id="tr_1_tl_19" custom="readingOrder {index:18;}">
                <Coords points="3409,1729 3615,1798 4914,1758 5641,1835 5637,1751 5457,1688 3406,1607"/>
                <Baseline points="3429,1723 3519,1723 3608,1729 3698,1729 3787,1735 3877,1735 3966,1741 4056,1741 4145,1747 4235,1753 4324,1759 4414,1753 4503,1747 4593,1747 4682,1753 4772,1759 4861,1759 4951,1759 5040,1765 5130,1765 5219,1771 5308,1777 5398,1789 5487,1789 5577,1777 5648,1771"/>
                <TextEquiv>
                    <Unicode>gehylnt, elle altwort il l'uzle</Unicode>
                </TextEquiv>
            </TextLine>
            <TextLine id="tr_1_tl_20" custom="readingOrder {index:19;}">
                <Coords points="5824,1820 5865,1820 5916,1846 5934,1828 6000,1846 6030,1824 6081,1857 6114,1820 6133,1820 6125,1707 6089,1707 6052,1729 5978,1710 5905,1758 5817,1736"/>
                <Baseline points="5839,1783 5929,1801 6018,1807 6108,1801 6138,1801"/>
                <TextEquiv>
                    <Unicode>a1</Unicode>
                </TextEquiv>
            </TextLine>
            <TextLine id="tr_1_tl_21" custom="readingOrder {index:20;}">
                <Coords points="4514,1857 5079,1861 5244,1949 5498,1879 5619,1938 5960,1894 6287,1978 6279,1872 6180,1817 5652,1853 5255,1776 4510,1787"/>
                <Baseline points="4533,1855 4622,1855 4712,1855 4801,1861 4891,1861 4980,1861 5070,1861 5159,1867 5249,1873 5338,1879 5344,1879 5356,1884 5446,1873 5535,1879 5625,1884 5714,1884 5804,1890 5893,1890 5983,1896 6072,1902 6161,1926 6251,1932 6293,1944"/>
                <TextEquiv>
                    <Unicode>ndd th i d at i.</Unicode>
                </TextEquiv>
            </TextLine>
            <TextLine id="tr_1_tl_22" custom="readingOrder {index:21;}">
                <Coords points="261,1945 591,2041 984,1919 1420,1971 1549,1908 1714,1989 1952,1901 2371,1945 2433,1817 2180,1868 1773,1710 1384,1831 1050,1736 440,1872 264,1798"/>
                <Baseline points="280,1944 292,1938 381,1932 471,1938 560,1932 650,1932 739,1932 829,1926 918,1920 1008,1914 1097,1902 1187,1902 1276,1902 1366,1902 1455,1902 1544,1902 1634,1896 1723,1896 1813,1902 1902,1902 1992,1896 2081,1896 2171,1896 2260,1896 2350,1890 2439,1890"/>
                <TextEquiv>
                    <Unicode>We pd there daip...</Unicode>
                </TextEquiv>
            </TextLine>
            <TextLine id="tr_1_tl_23" custom="readingOrder {index:22;}">
                <Coords points="3409,1963 6180,2066 6177,1974 5956,1890 5281,1952 4000,1784 3409,1883"/>
                <Baseline points="3429,1944 3519,1950 3608,1950 3698,1956 3787,1956 3877,1956 3966,1956 4056,1950 4145,1950 4235,1956 4324,1956 4414,1962 4503,1962 4593,1968 4682,1974 4772,1980 4861,1980 4951,1980 5040,1974 5130,1974 5219,1974 5308,1980 5398,1980 5487,1980 5577,1986 5666,1998 5756,1998 5845,2004 5935,2010 6024,2016 6114,2034 6185,2040"/>
                <TextEquiv>
                    <Unicode>in in theisopinemen have heve, aber</Unicode>
                </TextEquiv>
            </TextLine>
            <TextLine id="tr_1_tl_24" custom="readingOrder {index:23;}">
                <Coords points="231,2202 547,2250 940,2154 1934,2154 2246,2114 2250,2041 2129,2074 1769,1952 1373,2070 811,1985 635,2085 239,2074"/>
                <Baseline points="250,2201 286,2201 375,2195 465,2195 554,2195 644,2189 733,2177 823,2165 912,2153 1002,2147 1091,2147 1181,2141 1270,2135 1360,2129 1449,2129 1539,2129 1628,2123 1717,2123 1807,2117 1896,2111 1986,2111 2075,2105 2165,2105 2254,2105"/>
                <TextEquiv>
                    <Unicode>Uth Bimlin klein:</Unicode>
                </TextEquiv>
            </TextLine>
            <TextLine id="tr_1_tl_25" custom="readingOrder {index:24;}">
                <Coords points="3409,2209 4701,2290 5017,2209 5384,2338 5597,2228 6144,2290 6136,2059 6000,2033 5549,2162 4958,2044 4562,2158 3920,2041 3409,2136"/>
                <Baseline points="3429,2177 3519,2183 3608,2183 3698,2195 3787,2201 3877,2207 3966,2207 4056,2201 4145,2201 4235,2201 4324,2207 4414,2207 4503,2207 4593,2213 4682,2213 4772,2207 4861,2207 4951,2201 5040,2201 5130,2201 5219,2207 5308,2219 5398,2224 5487,2219 5577,2213 5666,2219 5756,2224 5845,2230 5935,2236 6024,2242 6114,2248 6150,2254"/>
                <TextEquiv>
                    <Unicode>tribst man ihr Möbel; - und</Unicode>
                </TextEquiv>
            </TextLine>
            <TextLine id="tr_1_tl_26" custom="readingOrder {index:25;}">
                <Coords points="1883,2294 2037,2239 2129,2283 2235,2235 2778,2250 2782,2103 2551,2151 2507,2114 2404,2154 2187,2114 1886,2147"/>
                <Baseline points="1902,2242 1980,2242 2069,2236 2159,2236 2248,2230 2338,2224 2427,2224 2517,2219 2606,2219 2696,2219 2785,2230"/>
                <TextEquiv>
                    <Unicode>I be in a 1.</Unicode>
                </TextEquiv>
            </TextLine>
            <TextLine id="tr_1_tl_27" custom="readingOrder {index:26;}">
                <Coords points="261,2455 642,2525 811,2441 1809,2485 1952,2400 2749,2466 2936,2319 2444,2246 2242,2341 1751,2231 1270,2349 264,2367"/>
                <Baseline points="280,2457 345,2451 435,2451 524,2445 614,2445 703,2445 793,2439 882,2439 972,2439 1061,2433 1151,2427 1240,2421 1330,2415 1419,2415 1509,2409 1598,2403 1688,2403 1777,2403 1867,2397 1956,2397 2046,2397 2135,2392 2224,2386 2314,2386 2403,2386 2493,2386 2582,2386 2672,2386 2761,2386 2851,2386 2940,2392"/>
                <TextEquiv>
                    <Unicode>Es war ein (sch.) altes (Haus in dem</Unicode>
                </TextEquiv>
            </TextLine>
            <TextLine id="tr_1_tl_28" custom="readingOrder {index:27;}">
                <Coords points="3362,2481 3685,2415 4448,2573 5109,2433 6309,2628 6301,2345 6158,2323 5505,2286 5266,2378 4958,2213 4789,2316 3358,2297"/>
                <Baseline points="3382,2409 3471,2409 3561,2409 3650,2415 3740,2421 3829,2421 3919,2421 4008,2421 4098,2421 4187,2415 4276,2421 4366,2421 4455,2421 4545,2421 4634,2427 4724,2427 4813,2421 4903,2421 4992,2421 5082,2433 5171,2439 5261,2439 5350,2445 5440,2451 5529,2451 5619,2457 5708,2463 5798,2475 5887,2481 5977,2493 6066,2505 6156,2511 6245,2529 6317,2547"/>
                <TextEquiv>
                    <Unicode>wis in the fiepe Koreleben stord</Unicode>
                </TextEquiv>
            </TextLine>
            <TextLine id="tr_1_tl_29" custom="readingOrder {index:28;}">
                <Coords points="3398,2661 3677,2778 3971,2646 4966,2771 5322,2657 5670,2767 6261,2752 6257,2606 5465,2488 3395,2529"/>
                <Baseline points="3418,2654 3507,2648 3596,2654 3686,2654 3775,2660 3865,2654 3954,2648 4044,2648 4133,2636 4223,2636 4312,2636 4402,2642 4491,2642 4581,2642 4670,2642 4760,2642 4849,2642 4939,2642 5028,2648 5118,2648 5207,2654 5297,2660 5386,2666 5475,2666 5565,2660 5654,2672 5744,2672 5833,2678 5923,2690 6012,2702 6102,2726 6191,2737 6269,2737"/>
                <TextEquiv>
                    <Unicode>acif. his uit but it Thild enfr</Unicode>
                </TextEquiv>
            </TextLine>
            <TextLine id="tr_1_tl_30" custom="readingOrder {index:29;}">
                <Coords points="279,2679 940,2738 1534,2664 1949,2808 2261,2668 2874,2694 2830,2507 1692,2518 1461,2613 1325,2507 1160,2602 283,2529"/>
                <Baseline points="298,2672 375,2672 465,2666 554,2666 644,2666 733,2666 823,2666 912,2666 1002,2666 1091,2666 1181,2666 1270,2660 1360,2660 1449,2660 1539,2660 1628,2660 1717,2660 1807,2660 1896,2660 1986,2666 2075,2666 2165,2660 2254,2648 2344,2648 2433,2648 2523,2648 2612,2642 2702,2642 2791,2648 2881,2666"/>
                <TextEquiv>
                    <Unicode>Sevlend or Margatilf, do ne</Unicode>
                </TextEquiv>
            </TextLine>
            <TextLine id="tr_1_tl_31" custom="readingOrder {index:30;}">
                <Coords points="3413,2863 4169,2874 4298,2976 4793,2885 6092,2954 6089,2811 5960,2778 4588,2723 4191,2804 3876,2701 3413,2775"/>
                <Baseline points="3435,2827 3525,2839 3614,2851 3704,2851 3793,2851 3883,2851 3972,2857 4062,2869 4151,2869 4241,2875 4330,2875 4420,2881 4509,2881 4599,2881 4688,2881 4778,2881 4867,2881 4957,2881 5046,2881 5135,2881 5225,2881 5314,2893 5404,2893 5493,2899 5583,2899 5672,2905 5762,2910 5851,2916 5941,2910 6030,2916 6096,2928"/>
                <TextEquiv>
                    <Unicode>in them, etc, but</Unicode>
                </TextEquiv>
            </TextLine>
            <TextLine id="tr_1_tl_32" custom="readingOrder {index:31;}">
                <Coords points="253,2907 1839,2987 2253,2885 2749,2984 2947,2899 2947,2775 2635,2672 2081,2848 1622,2730 1086,2819 822,2752 528,2852 253,2786"/>
                <Baseline points="274,2893 363,2899 453,2893 542,2893 632,2893 721,2887 811,2887 900,2893 990,2893 1079,2899 1169,2905 1258,2899 1348,2905 1437,2899 1527,2899 1616,2899 1706,2893 1795,2893 1884,2893 1974,2893 2063,2893 2153,2887 2242,2881 2332,2881 2421,2881 2511,2881 2600,2875 2690,2881 2779,2881 2869,2881 2958,2893"/>
                <TextEquiv>
                    <Unicode>en eutile Tg bekal; - die</Unicode>
                </TextEquiv>
            </TextLine>
            <TextLine id="tr_1_tl_33" custom="readingOrder {index:32;}">
                <Coords points="3431,3108 5982,3171 5931,2998 5483,3053 5230,2929 4929,3072 4510,2954 3428,2951"/>
                <Baseline points="3453,3072 3543,3078 3632,3089 3722,3095 3811,3095 3901,3095 3990,3095 4080,3101 4169,3101 4259,3101 4348,3101 4438,3107 4527,3107 4617,3107 4706,3113 4795,3119 4885,3113 4974,3119 5064,3125 5153,3125 5243,3119 5332,3125 5422,3131 5511,3137 5601,3137 5690,3143 5780,3143 5869,3143 5959,3149 5988,3149"/>
                <TextEquiv>
                    <Unicode>The last appellant in Salon hell</Unicode>
                </TextEquiv>
            </TextLine>
            <TextLine id="tr_1_tl_34" custom="readingOrder {index:33;}">
                <Coords points="217,3131 2929,3193 2929,3020 2657,2998 1358,3050 980,2958 826,3050 415,2940 217,3017"/>
                <Baseline points="238,3113 328,3113 417,3107 507,3107 596,3113 685,3113 775,3119 864,3119 954,3119 1043,3119 1133,3119 1222,3119 1312,3119 1401,3119 1491,3125 1580,3125 1670,3125 1759,3125 1849,3119 1938,3119 2028,3125 2117,3125 2207,3125 2296,3119 2386,3119 2475,3119 2565,3119 2654,3119 2743,3125 2833,3125 2922,3131 2934,3131"/>
                <TextEquiv>
                    <Unicode>de den Wohlsdein beförend en schort</Unicode>
                </TextEquiv>
            </TextLine>
            <TextLine id="tr_1_tl_35" custom="readingOrder {index:34;}">
                <Coords points="3457,3336 6162,3428 6158,3281 5553,3208 5200,3274 4947,3160 4437,3299 3453,3164"/>
                <Baseline points="3477,3334 3567,3334 3656,3334 3746,3340 3835,3340 3925,3340 4014,3340 4104,3340 4193,3340 4282,3334 4372,3340 4461,3340 4551,3340 4640,3346 4730,3346 4819,3346 4909,3352 4998,3352 5088,3352 5177,3352 5267,3358 5356,3364 5446,3370 5535,3376 5625,3382 5714,3382 5804,3382 5893,3388 5983,3388 6072,3394 6161,3406 6167,3406"/>
                <TextEquiv>
                    <Unicode>Macht wien.. Aber sie wir sich</Unicode>
                </TextEquiv>
            </TextLine>
            <TextLine id="tr_1_tl_36" custom="readingOrder {index:35;}">
                <Coords points="184,3413 1108,3358 1784,3453 2018,3362 2697,3380 2701,3252 2239,3164 1901,3274 1505,3182 962,3241 822,3149 525,3285 187,3255"/>
                <Baseline points="202,3388 292,3376 381,3370 471,3370 560,3370 650,3364 739,3358 829,3352 918,3352 1008,3346 1097,3346 1187,3346 1276,3340 1366,3340 1455,3340 1544,3334 1634,3334 1723,3334 1813,3334 1902,3340 1992,3340 2081,3334 2171,3340 2260,3346 2350,3346 2439,3340 2529,3340 2618,3352 2708,3358"/>
                <TextEquiv>
                    <Unicode>de Faa Woll din seit beu</Unicode>
                </TextEquiv>
            </TextLine>
            <TextLine id="tr_1_tl_37" custom="readingOrder {index:36;}">
                <Coords points="3402,3681 4698,3589 6191,3703 6188,3567 5076,3424 4643,3509 3740,3424 3398,3512"/>
                <Baseline points="3423,3579 3513,3585 3602,3579 3692,3585 3781,3585 3871,3585 3960,3591 4050,3591 4139,3591 4229,3591 4318,3585 4408,3585 4497,3585 4587,3585 4676,3591 4766,3591 4855,3596 4945,3596 5034,3596 5124,3602 5213,3608 5302,3614 5392,3614 5481,3620 5571,3626 5660,3632 5750,3638 5839,3644 5929,3644 6018,3656 6108,3668 6197,3686"/>
                <TextEquiv>
                    <Unicode>krull geken.</Unicode>
                </TextEquiv>
            </TextLine>
            <TextLine id="tr_1_tl_38" custom="readingOrder {index:37;}">
                <Coords points="184,3622 2723,3663 2866,3633 2866,3413 2639,3479 2422,3387 2154,3534 1824,3545 1457,3538 1086,3384 609,3520 184,3442"/>
                <Baseline points="202,3602 292,3602 381,3596 471,3585 560,3585 650,3585 739,3585 829,3591 918,3591 1008,3591 1097,3596 1187,3591 1276,3596 1366,3591 1455,3591 1544,3596 1634,3602 1723,3596 1813,3596 1902,3596 1992,3591 2081,3591 2171,3602 2260,3608 2350,3620 2439,3608 2529,3608 2618,3614 2708,3620 2797,3626 2875,3644"/>
                <TextEquiv>
                    <Unicode>Auscle Jahren; - im Ganen</Unicode>
                </TextEquiv>
            </TextLine>
            <TextLine id="tr_1_tl_39" custom="readingOrder {index:38;}">
                <Coords points="308,3784 1134,3905 1431,3820 1681,3894 1949,3828 2565,3883 2536,3659 2286,3725 2026,3626 1919,3699 1009,3637 308,3725"/>
                <Baseline points="328,3781 417,3781 507,3781 596,3787 685,3781 775,3781 864,3787 954,3793 1043,3799 1133,3805 1222,3811 1312,3817 1401,3817 1491,3817 1580,3817 1670,3811 1759,3817 1849,3811 1938,3817 2028,3823 2117,3823 2207,3829 2296,3829 2386,3835 2475,3841 2565,3853 2570,3853"/>
                <TextEquiv>
                    <Unicode>in Adjertofs beforsnd d</Unicode>
                </TextEquiv>
            </TextLine>
            <TextLine id="tr_1_tl_40" custom="readingOrder {index:39;}">
                <Coords points="3398,3861 5835,3879 5879,3732 4694,3593 4411,3674 4320,3615 4110,3736 3909,3655 3398,3740"/>
                <Baseline points="3418,3835 3507,3823 3596,3811 3686,3799 3775,3799 3865,3799 3954,3805 4044,3805 4133,3805 4223,3805 4312,3805 4402,3805 4491,3805 4581,3811 4670,3811 4760,3823 4849,3823 4939,3823 5028,3823 5118,3817 5207,3823 5297,3829 5386,3823 5475,3817 5565,3823 5654,3823 5744,3835 5833,3841 5887,3853"/>
                <TextEquiv>
                    <Unicode>J'ai eu de harial huf il y a</Unicode>
                </TextEquiv>
            </TextLine>
        </TextRegion>
    </Page>
</PcGts>
