6872 4392
2903 168 3117 379 1
6303 275 6574 540 75
3714 343 6542 618 at wurde ich über de dit Schmefall
2785 465 3132 690 25
433 483 3153 919 de febri de cnd heure we, a man
3700 579 6267 894 Uur deu, ad. nur Soi, - et compt.
425 776 3175 1123 im erlegt kebet — wenn wer nach
3725 812 6410 1047 dep ue dint claed, ite gewntal..
393 987 3064 1312 weg hi forst in Reus. - ers
3739 1026 6317 1233 sene langue Theille, -
343 1248 3221 1534 markt in meer behet - wird - sich
3722 1212 6181 1544 ell & will lon Schritt in anfrie
1487 1423 2513 1648 in h- bin
354 1376 3192 1788 um die ersten garten.  In gart
3750 1448 6178 1755 Auszul zu - hat sie fließen, - im
2213 1670 2721 1816 de la
465 1762 3146 2023 is, der aus der Engebrett
3764 1705 6203 1991 wo auch ihr eine e/ vorit... darin
425 1913 3057 2188 I will.  to  $    J.J.F. J
3729 1941 6228 2181 neh eie. - Er werden sich nicht
425 2116 3200 2492 beweings wd long his jur befliss
3643 2188 6185 2467 me - Carium totis. - - zu bln
461 2381 3057 2681 Jasär vin mie ne
3679 2410 6142 2703 es wie dets; werde sich nie –
526 2620 3278 2885 Sie eilt “ die Bekentte der wieder
3700 2681 4050 2899 jus
493 2774 3117 3135 in die Secretät in ne stellt
518 3039 3067 3357 rich in wd theper entblos
515 3303 3150 3589 at on - gegenb d Bihnesti
536 3482 3110 3790 - outche and Seit & hope, in
479 3682 3250 4033 Linkel jeit si weile... hs - de hare
