6888 4376
6404 304 6657 521 Qqe
2769 373 3001 536 7.
3703 329 6483 677 da Jefehl da ne in Rint uberke
2986 467 3236 757 243
333 568 2882 919 dun selbst an kortler sehr n
3700 597 6277 887 en volle ordre, at sa vie & h.
293 731 2979 1158 telt & belte plegte... Aber
3692 851 6263 1158 de Hill de Maloc, enf en
290 1064 2979 1376 Nos wieder begegnet ihr, was it is
3714 1137 6415 1408 perposer, in up in order.
315 1281 3131 1680 schein. Jehre geschil wär; - dass
3710 1365 6617 1705 Einsamkeit u Gesichtheit gesichte
322 1535 3120 1933 in a Halbrinkel de boter werk
3729 1618 6426 1948 Erwamtert. bylutte... „ Hall in ult
387 1748 3001 2194 derit dafte Raum eine Rat
3700 1933 6397 2234 avit will de une vie de leiben
358 1966 3193 2382 überken, at ik u Bon, = me
3700 2114 6447 2433 now te ; dite juge Rom, ine
380 2205 2983 2650 we wobllkalg Rit über niken
3721 2353 6480 2704 Tiehalle fort glaibe Bue, daß fort¬
395 2567 3182 2910 wie sie ni ooverme nupa groot
3660 2614 6520 2958 de sont ungeu bien - du joi
391 2806 2976 3168 Ses halle même s.. a un fol
3710 2849 6248 3178 Es war unglt, in intell ke
2241 2954 2664 3135 merc
398 3052 3034 3522 geglaubt. Tis ist um et Schick.
3700 3091 6505 3428 Sectiffers, sich über den Arlef
434 3283 3095 3645 sti unerle; - oder demnach immer
3682 3363 6270 3703 kler si werden - was ne sinte
434 3548 2950 4022 Val Beitig die sic
