<?xml version="1.0" encoding="UTF-8" standalone="yes"?>
<PcGts xmlns="http://schema.primaresearch.org/PAGE/gts/pagecontent/2013-07-15" xmlns:xsi="http://www.w3.org/2001/XMLSchema-instance" xsi:schemaLocation="http://schema.primaresearch.org/PAGE/gts/pagecontent/2013-07-15 http://schema.primaresearch.org/PAGE/gts/pagecontent/2013-07-15/pagecontent.xsd">
    <Metadata>
        <Creator>prov=READ-COOP:name=TrHtr:version=2.1.0:model_id=51170:date=14_08_2023_19:12</Creator>
        <Created>2023-05-10T14:35:38.380+02:00</Created>
        <LastChange>2023-08-14T19:12:05.644+02:00</LastChange>
        <TranskribusMetadata docId="1428642" pageId="55422252" pageNr="44" tsid="132822250" status="IN_PROGRESS" userId="64420" imgUrl="https://files.transkribus.eu/Get?id=OPQGDKFPVHNIJBRAIQMGMSOQ&amp;fileType=view" xmlUrl="https://files.transkribus.eu/Get?id=ANKYLVWDCQMIGSCMPMYZKLYN" imageId="44696331"/>
    </Metadata>
    <Page imageFilename="1428642_0044.jpg" imageWidth="6680" imageHeight="4104">
        <ReadingOrder>
            <OrderedGroup id="ro_1711816404825" caption="Regions reading order">
                <RegionRefIndexed index="0" regionRef="tr_1"/>
            </OrderedGroup>
        </ReadingOrder>
        <TextRegion id="tr_1" custom="readingOrder {index:0;}">
            <Coords points="351,122 6454,122 6454,3905 351,3905"/>
            <TextLine id="tr_1_tl_1" custom="readingOrder {index:0;}">
                <Coords points="426,301 483,297 519,315 562,279 584,279 576,79 519,79 494,97 469,79 419,79"/>
                <Baseline points="441,172 530,172 584,178"/>
                <TextEquiv>
                    <Unicode>1</Unicode>
                </TextEquiv>
            </TextLine>
            <TextLine id="tr_1_tl_2" custom="readingOrder {index:1;}">
                <Coords points="3555,251 3573,251 3594,229 3623,236 3641,218 3677,226 3684,215 3712,226 3738,218 3766,240 3802,236 3798,72 3712,79 3652,132 3630,129 3605,104 3551,107"/>
                <Baseline points="3573,196 3662,202 3752,202 3811,208"/>
                <TextEquiv>
                    <Unicode>F.</Unicode>
                </TextEquiv>
            </TextLine>
            <TextLine id="tr_1_tl_3" custom="readingOrder {index:2;}">
                <Coords points="3111,347 3150,333 3208,365 3265,340 3301,351 3319,333 3340,333 3337,243 3308,236 3286,247 3193,208 3147,233 3132,222 3107,229"/>
                <Baseline points="3131,316 3221,316 3310,322 3346,322"/>
                <TextEquiv>
                    <Unicode>1.</Unicode>
                </TextEquiv>
            </TextLine>
            <TextLine id="tr_1_tl_4" custom="readingOrder {index:3;}">
                <Coords points="6136,530 6222,505 6294,533 6319,512 6358,526 6390,505 6412,519 6448,505 6430,283 6304,297 6251,337 6222,329 6190,369 6125,372"/>
                <Baseline points="6150,435 6239,441 6328,447 6418,453 6454,459"/>
                <TextEquiv>
                    <Unicode>522.</Unicode>
                </TextEquiv>
            </TextLine>
            <TextLine id="tr_1_tl_5" custom="readingOrder {index:4;}">
                <Coords points="3064,569 3104,562 3122,544 3183,558 3326,548 3312,376 3276,383 3226,354 3186,369 3132,365 3104,387 3043,376"/>
                <Baseline points="3072,483 3161,489 3250,501 3328,507"/>
                <TextEquiv>
                    <Unicode>5/4</Unicode>
                </TextEquiv>
            </TextLine>
            <TextLine id="tr_1_tl_6" custom="readingOrder {index:5;}">
                <Coords points="3580,576 4994,587 5581,716 6050,669 5975,458 5338,558 3576,469"/>
                <Baseline points="3596,513 3686,513 3775,518 3865,518 3954,524 4044,530 4133,536 4223,536 4312,542 4402,548 4491,560 4581,560 4670,572 4760,566 4849,578 4939,584 5028,584 5118,590 5207,602 5297,602 5386,608 5475,614 5565,614 5654,620 5744,620 5833,620 5923,626 6012,644 6054,650"/>
                <TextEquiv>
                    <Unicode>née des nécessités de nouveau le héte,</Unicode>
                </TextEquiv>
            </TextLine>
            <TextLine id="tr_1_tl_7" custom="readingOrder {index:6;}">
                <Coords points="480,551 1206,598 1715,519 2101,634 2950,634 2946,476 2814,455 2610,523 1933,415 1522,483 476,426"/>
                <Baseline points="501,524 590,524 680,518 769,524 858,524 948,524 1037,530 1127,530 1216,530 1306,530 1395,536 1485,536 1574,542 1664,548 1753,554 1843,554 1932,554 2022,554 2111,554 2201,560 2290,566 2380,572 2469,584 2559,584 2648,590 2737,590 2827,590 2916,596 2958,602"/>
                <TextEquiv>
                    <Unicode>du Comte. Il selon un t</Unicode>
                </TextEquiv>
            </TextLine>
            <TextLine id="tr_1_tl_8" custom="readingOrder {index:7;}">
                <Coords points="6193,745 6229,734 6279,745 6304,730 6329,748 6340,730 6380,716 6358,519 6315,516 6294,533 6272,530 6233,501 6218,512 6172,508"/>
                <Baseline points="6203,638 6293,650 6382,656"/>
                <TextEquiv>
                    <Unicode>ein</Unicode>
                </TextEquiv>
            </TextLine>
            <TextLine id="tr_1_tl_9" custom="readingOrder {index:8;}">
                <Coords points="4747,727 4776,734 4876,684 4944,716 5019,687 5051,709 5094,687 5137,698 5137,601 5041,644 5023,626 4994,641 4933,623 4897,598 4851,616 4812,594 4747,598"/>
                <Baseline points="4766,685 4784,685 4873,674 4962,674 5052,680 5141,680"/>
                <TextEquiv>
                    <Unicode>21 m. w</Unicode>
                </TextEquiv>
            </TextLine>
            <TextLine id="tr_1_tl_10" custom="readingOrder {index:9;}">
                <Coords points="3551,777 6301,859 6297,737 6075,695 3544,655"/>
                <Baseline points="3567,703 3656,703 3746,709 3835,709 3925,715 4014,715 4104,727 4193,721 4282,727 4372,733 4461,739 4551,745 4640,751 4730,751 4819,757 4909,763 4998,763 5088,763 5177,763 5267,769 5356,769 5446,775 5535,775 5625,775 5714,781 5804,781 5893,787 5983,787 6072,805 6161,817 6251,823 6311,829"/>
                <TextEquiv>
                    <Unicode>you had to the a sum as still and heeres. Ifs</Unicode>
                </TextEquiv>
            </TextLine>
            <TextLine id="tr_1_tl_11" custom="readingOrder {index:10;}">
                <Coords points="422,755 3022,823 3014,652 1930,727 419,666"/>
                <Baseline points="441,739 530,721 620,721 709,727 799,733 888,745 978,745 1067,745 1157,745 1246,751 1336,757 1425,757 1515,763 1604,763 1694,763 1783,769 1873,769 1962,769 2052,769 2141,775 2230,775 2320,781 2409,781 2499,787 2588,793 2678,793 2767,799 2857,805 2946,805 3030,817"/>
                <TextEquiv>
                    <Unicode>wenn   gt ue    werth in</Unicode>
                </TextEquiv>
            </TextLine>
            <TextLine id="tr_1_tl_12" custom="readingOrder {index:11;}">
                <Coords points="3523,863 5481,1038 5886,967 6107,1056 6100,838 5946,802 4432,877 4038,748 3523,820"/>
                <Baseline points="3543,858 3632,864 3722,870 3811,876 3901,876 3990,882 4080,888 4169,888 4259,900 4348,906 4438,912 4527,918 4617,918 4706,924 4795,930 4885,930 4974,942 5064,942 5153,942 5243,948 5332,954 5422,954 5511,960 5601,960 5690,960 5780,960 5869,966 5959,966 6048,978 6114,984"/>
                <TextEquiv>
                    <Unicode>et en trotshoven at Aistifstellen - Su¬</Unicode>
                </TextEquiv>
            </TextLine>
            <TextLine id="tr_1_tl_13" custom="readingOrder {index:12;}">
                <Coords points="390,1006 2320,977 2964,1060 2961,888 2814,845 2560,902 2374,831 2202,924 1711,802 387,838"/>
                <Baseline points="411,960 501,954 590,948 680,942 769,954 858,960 948,966 1037,966 1127,966 1216,960 1306,960 1395,954 1485,954 1574,954 1664,960 1753,960 1843,960 1932,960 2022,954 2111,954 2201,954 2290,954 2380,954 2469,954 2559,960 2648,960 2737,960 2827,978 2916,996 2970,1008"/>
                <TextEquiv>
                    <Unicode>bereil, itre de cette haute</Unicode>
                </TextEquiv>
            </TextLine>
            <TextLine id="tr_1_tl_14" custom="readingOrder {index:13;}">
                <Coords points="3548,1085 6218,1149 6218,1063 6043,1031 3544,942"/>
                <Baseline points="3567,1049 3656,1049 3746,1049 3835,1055 3925,1061 4014,1061 4104,1067 4193,1073 4282,1073 4372,1073 4461,1079 4551,1079 4640,1085 4730,1085 4819,1085 4909,1091 4998,1091 5088,1091 5177,1097 5267,1097 5356,1097 5446,1103 5535,1103 5625,1109 5714,1115 5804,1121 5893,1127 5983,1133 6072,1133 6161,1139 6227,1145"/>
                <TextEquiv>
                    <Unicode>Feiertayer gedent habe bedevitet gewiss ive</Unicode>
                </TextEquiv>
            </TextLine>
            <TextLine id="tr_1_tl_15" custom="readingOrder {index:14;}">
                <Coords points="1922,1113 1955,1106 1980,1085 1994,1095 2023,1070 2062,1074 2076,1088 2105,1085 2116,1074 2166,1081 2169,1002 2148,1002 2137,984 2087,1027 2076,1017 2051,1017 2030,992 1983,1010 1965,999 1930,1006"/>
                <Baseline points="1944,1073 1998,1061 2087,1055 2177,1055"/>
                <TextEquiv>
                    <Unicode>par</Unicode>
                </TextEquiv>
            </TextLine>
            <TextLine id="tr_1_tl_16" custom="readingOrder {index:15;}">
                <Coords points="372,1242 1453,1167 3000,1249 3000,1060 2893,1049 1958,1099 1625,1006 1439,1131 827,1035 652,1128 372,1031"/>
                <Baseline points="393,1193 483,1181 572,1175 662,1175 751,1175 841,1175 930,1169 1020,1169 1109,1169 1198,1175 1288,1169 1377,1163 1467,1157 1556,1151 1646,1157 1735,1163 1825,1169 1914,1175 2004,1169 2093,1169 2183,1169 2272,1169 2362,1163 2451,1163 2541,1169 2630,1169 2720,1175 2809,1181 2899,1187 2988,1198 3006,1204"/>
                <TextEquiv>
                    <Unicode>Hepritte... Franz unter ein Cip und</Unicode>
                </TextEquiv>
            </TextLine>
            <TextLine id="tr_1_tl_17" custom="readingOrder {index:16;}">
                <Coords points="3555,1224 4328,1368 4908,1282 5524,1411 6122,1360 6118,1260 5674,1178 5488,1246 5291,1110 4998,1196 3551,1121"/>
                <Baseline points="3573,1216 3662,1216 3752,1222 3841,1228 3931,1234 4020,1240 4109,1252 4199,1258 4288,1264 4378,1264 4467,1270 4557,1270 4646,1270 4736,1270 4825,1270 4915,1270 5004,1270 5094,1282 5183,1282 5273,1282 5362,1288 5452,1294 5541,1294 5631,1300 5720,1300 5810,1306 5899,1312 5988,1318 6078,1324 6126,1336"/>
                <TextEquiv>
                    <Unicode>Und er hattbegemeente Hoffnung und das</Unicode>
                </TextEquiv>
            </TextLine>
            <TextLine id="tr_1_tl_18" custom="readingOrder {index:17;}">
                <Coords points="387,1432 1675,1393 2066,1486 2502,1393 2767,1500 3168,1482 3168,1253 2592,1214 387,1300"/>
                <Baseline points="405,1389 495,1377 584,1377 674,1377 763,1383 853,1383 942,1383 1031,1383 1121,1383 1210,1377 1300,1383 1389,1383 1479,1377 1568,1377 1658,1383 1747,1383 1837,1383 1926,1389 2016,1383 2105,1383 2195,1377 2284,1383 2374,1377 2463,1383 2553,1377 2642,1383 2732,1389 2821,1395 2910,1401 3000,1407 3089,1413 3179,1425"/>
                <TextEquiv>
                    <Unicode>an und starrt in der Luft... E-H- Re¬</Unicode>
                </TextEquiv>
            </TextLine>
            <TextLine id="tr_1_tl_19" custom="readingOrder {index:18;}">
                <Coords points="3498,1479 6283,1507 6279,1357 6043,1335 5803,1461 4765,1303 3498,1385"/>
                <Baseline points="3519,1443 3608,1437 3698,1437 3787,1443 3877,1449 3966,1461 4056,1467 4145,1467 4235,1473 4324,1467 4414,1467 4503,1461 4593,1461 4682,1455 4772,1455 4861,1461 4951,1467 5040,1473 5130,1479 5219,1479 5308,1479 5398,1479 5487,1485 5577,1485 5666,1485 5756,1491 5845,1491 5935,1497 6024,1497 6114,1497 6203,1503 6293,1515 6305,1527"/>
                <TextEquiv>
                    <Unicode>er behauptel hall in Aussicht, in (kind)</Unicode>
                </TextEquiv>
            </TextLine>
            <TextLine id="tr_1_tl_20" custom="readingOrder {index:19;}">
                <Coords points="390,1618 1095,1708 2259,1586 3107,1632 3129,1457 2860,1529 2370,1446 2051,1557 716,1443 390,1525"/>
                <Baseline points="411,1580 501,1580 590,1580 680,1586 769,1586 858,1586 948,1598 1037,1598 1127,1592 1216,1598 1306,1598 1395,1592 1485,1598 1574,1592 1664,1592 1753,1592 1843,1592 1932,1592 2022,1592 2111,1586 2201,1580 2290,1574 2380,1574 2469,1574 2559,1574 2648,1580 2737,1586 2827,1592 2916,1592 3006,1598 3095,1604 3137,1610"/>
                <TextEquiv>
                    <Unicode>we shall get jetzt ist...  Ein the</Unicode>
                </TextEquiv>
            </TextLine>
            <TextLine id="tr_1_tl_21" custom="readingOrder {index:20;}">
                <Coords points="3476,1729 3838,1636 4543,1747 4754,1668 6347,1761 6344,1632 6154,1554 5685,1650 4976,1532 3473,1586"/>
                <Baseline points="3495,1640 3585,1634 3674,1634 3763,1628 3853,1628 3942,1634 4032,1640 4121,1640 4211,1646 4300,1640 4390,1646 4479,1646 4569,1646 4658,1646 4748,1646 4837,1652 4927,1652 5016,1652 5106,1658 5195,1658 5285,1658 5374,1664 5464,1664 5553,1670 5643,1676 5732,1682 5821,1688 5911,1688 6000,1700 6090,1706 6179,1717 6269,1729 6358,1747"/>
                <TextEquiv>
                    <Unicode>de Meer est fait, als kellen 1. et heeft</Unicode>
                </TextEquiv>
            </TextLine>
            <TextLine id="tr_1_tl_22" custom="readingOrder {index:21;}">
                <Coords points="333,1826 1321,1790 1586,1876 2456,1769 2982,1854 3100,1751 2774,1647 2008,1636 337,1747"/>
                <Baseline points="351,1801 423,1789 513,1789 602,1789 691,1789 781,1789 870,1789 960,1789 1049,1789 1139,1789 1228,1783 1318,1783 1407,1783 1497,1783 1586,1777 1676,1777 1765,1777 1855,1777 1944,1777 2034,1771 2123,1771 2213,1765 2302,1765 2392,1759 2481,1765 2570,1771 2660,1771 2749,1771 2839,1771 2928,1777 3018,1777 3107,1789"/>
                <TextEquiv>
                    <Unicode>part with aion bek:-</Unicode>
                </TextEquiv>
            </TextLine>
            <TextLine id="tr_1_tl_23" custom="readingOrder {index:22;}">
                <Coords points="3544,1894 6347,1969 6340,1829 5152,1811 4973,1715 4808,1826 4393,1704 4056,1826 3734,1693 3537,1761"/>
                <Baseline points="3561,1831 3650,1831 3740,1837 3829,1843 3919,1849 4008,1855 4098,1855 4187,1855 4276,1861 4366,1873 4455,1873 4545,1873 4634,1879 4724,1879 4813,1890 4903,1896 4992,1890 5082,1879 5171,1873 5261,1873 5350,1873 5440,1879 5529,1884 5619,1890 5708,1902 5798,1908 5887,1908 5977,1914 6066,1932 6156,1944 6245,1956 6334,1962 6358,1968"/>
                <TextEquiv>
                    <Unicode>frage en ferle jugement, wohl.</Unicode>
                </TextEquiv>
            </TextLine>
            <TextLine id="tr_1_tl_24" custom="readingOrder {index:23;}">
                <Coords points="337,2076 2932,2008 2936,1883 2492,1854 2352,1937 2130,1844 1214,1944 1045,1854 702,1969 494,1851 337,1905"/>
                <Baseline points="357,2004 435,2010 524,2010 614,2010 703,2010 793,2004 882,1998 972,1992 1061,1986 1151,1986 1240,1980 1330,1974 1419,1980 1509,1980 1598,1980 1688,1980 1777,1986 1867,1986 1956,1986 2046,1974 2135,1974 2224,1974 2314,1980 2403,1980 2493,1974 2582,1968 2672,1968 2761,1968 2851,1980 2940,1986"/>
                <TextEquiv>
                    <Unicode>Abe i en Rue ledut un de potil.</Unicode>
                </TextEquiv>
            </TextLine>
            <TextLine id="tr_1_tl_25" custom="readingOrder {index:24;}">
                <Coords points="3555,2058 5255,2184 5420,2123 5696,2227 6097,2169 6011,2055 5889,2112 5470,1980 4872,1965 4686,2069 3959,1926 3551,1998"/>
                <Baseline points="3573,2022 3662,2034 3752,2040 3841,2046 3931,2057 4020,2057 4109,2069 4199,2069 4288,2075 4378,2081 4467,2081 4557,2093 4646,2093 4736,2093 4825,2099 4915,2105 5004,2099 5094,2099 5183,2105 5273,2105 5362,2111 5452,2117 5541,2123 5631,2135 5720,2141 5810,2147 5899,2147 5988,2153 6078,2165 6102,2165"/>
                <TextEquiv>
                    <Unicode>... Erbalt es schon längst gekengt,</Unicode>
                </TextEquiv>
            </TextLine>
            <TextLine id="tr_1_tl_26" custom="readingOrder {index:25;}">
                <Coords points="426,2209 1160,2259 1496,2155 2535,2123 2885,2238 3132,2209 3136,2069 2649,1976 1801,2123 1371,2023 1124,2127 995,2058 426,2127"/>
                <Baseline points="447,2195 459,2195 548,2195 638,2195 727,2189 817,2183 906,2177 996,2165 1085,2159 1175,2153 1264,2153 1354,2147 1443,2141 1533,2141 1622,2153 1711,2153 1801,2147 1890,2141 1980,2129 2069,2123 2159,2123 2248,2123 2338,2123 2427,2117 2517,2117 2606,2117 2696,2123 2785,2135 2875,2147 2964,2153 3054,2159 3143,2165"/>
                <TextEquiv>
                    <Unicode>Sei, ditte &amp; Nov... Ob...a Reinellen</Unicode>
                </TextEquiv>
            </TextLine>
            <TextLine id="tr_1_tl_27" custom="readingOrder {index:26;}">
                <Coords points="3541,2309 6158,2406 6093,2209 5771,2306 5395,2212 5119,2273 4908,2141 4550,2245 4092,2112 3533,2173"/>
                <Baseline points="3555,2236 3644,2230 3734,2242 3823,2248 3913,2254 4002,2260 4092,2260 4181,2266 4271,2272 4360,2272 4449,2278 4539,2284 4628,2284 4718,2290 4807,2290 4897,2290 4986,2290 5076,2302 5165,2302 5255,2308 5344,2314 5434,2320 5523,2332 5613,2344 5702,2344 5792,2350 5881,2350 5971,2350 6060,2350 6150,2362 6161,2356"/>
                <TextEquiv>
                    <Unicode>is ita will as alled notarum fille</Unicode>
                </TextEquiv>
            </TextLine>
            <TextLine id="tr_1_tl_28" custom="readingOrder {index:27;}">
                <Coords points="659,2420 3100,2409 3186,2252 2531,2216 1407,2331 662,2273"/>
                <Baseline points="680,2403 685,2409 775,2409 864,2403 954,2397 1043,2397 1133,2392 1222,2392 1312,2386 1401,2386 1491,2380 1580,2380 1670,2374 1759,2374 1849,2368 1938,2368 2028,2368 2117,2368 2207,2362 2296,2356 2386,2356 2475,2356 2565,2350 2654,2350 2743,2350 2833,2350 2922,2356 3012,2356 3101,2350 3191,2362"/>
                <TextEquiv>
                    <Unicode>Fas ler de vie schreis- und...</Unicode>
                </TextEquiv>
            </TextLine>
            <TextLine id="tr_1_tl_29" custom="readingOrder {index:28;}">
                <Coords points="3573,2517 3863,2456 4368,2556 4812,2506 4912,2578 5989,2610 5979,2424 4933,2456 4547,2291 4260,2377 3863,2302 3562,2366"/>
                <Baseline points="3585,2433 3674,2433 3763,2439 3853,2439 3942,2445 4032,2445 4121,2451 4211,2451 4300,2463 4390,2463 4479,2463 4569,2475 4658,2481 4748,2487 4837,2487 4927,2499 5016,2511 5106,2517 5195,2523 5285,2535 5374,2541 5464,2553 5553,2559 5643,2559 5732,2565 5821,2565 5911,2576 6000,2594"/>
                <TextEquiv>
                    <Unicode>soo alle an Freundes</Unicode>
                </TextEquiv>
            </TextLine>
            <TextLine id="tr_1_tl_30" custom="readingOrder {index:29;}">
                <Coords points="451,2642 2925,2596 3011,2585 3014,2456 2212,2409 2001,2535 1382,2445 451,2535"/>
                <Baseline points="471,2600 513,2600 602,2600 691,2600 781,2600 870,2594 960,2594 1049,2594 1139,2588 1228,2588 1318,2588 1407,2588 1497,2594 1586,2594 1676,2588 1765,2588 1855,2582 1944,2582 2034,2582 2123,2576 2213,2565 2302,2565 2392,2565 2481,2559 2570,2553 2660,2553 2749,2553 2839,2553 2928,2559 3018,2570"/>
                <TextEquiv>
                    <Unicode>wast de en tel 17t w. At ke the</Unicode>
                </TextEquiv>
            </TextLine>
            <TextLine id="tr_1_tl_31" custom="readingOrder {index:30;}">
                <Coords points="3623,2635 6150,2825 6136,2649 6029,2621 3616,2563"/>
                <Baseline points="3644,2618 3734,2624 3823,2642 3913,2642 4002,2648 4092,2648 4181,2654 4271,2654 4360,2660 4449,2660 4539,2672 4628,2678 4718,2684 4807,2690 4897,2696 4986,2702 5076,2708 5165,2720 5255,2732 5344,2737 5434,2743 5523,2755 5613,2761 5702,2773 5792,2779 5881,2791 5971,2797 6060,2803 6150,2815 6161,2821"/>
                <TextEquiv>
                    <Unicode>an mit ein schät es erstleit</Unicode>
                </TextEquiv>
            </TextLine>
            <TextLine id="tr_1_tl_32" custom="readingOrder {index:31;}">
                <Coords points="415,2835 2853,2814 2893,2703 2467,2742 1647,2635 1357,2735 1189,2656 874,2796 698,2714 415,2764"/>
                <Baseline points="435,2833 483,2833 572,2833 662,2827 751,2827 841,2821 930,2815 1020,2809 1109,2797 1198,2791 1288,2791 1377,2791 1467,2791 1556,2785 1646,2785 1735,2785 1825,2785 1914,2785 2004,2779 2093,2779 2183,2779 2272,2779 2362,2779 2451,2773 2541,2773 2630,2773 2720,2767 2809,2773 2899,2773"/>
                <TextEquiv>
                    <Unicode>yhe u. Ricallee ist berer wach</Unicode>
                </TextEquiv>
            </TextLine>
            <TextLine id="tr_1_tl_33" custom="readingOrder {index:32;}">
                <Coords points="3544,2925 4153,2871 6265,3082 6254,2946 5914,2893 5452,2936 3698,2674 3530,2746"/>
                <Baseline points="3555,2833 3644,2833 3734,2839 3823,2845 3913,2851 4002,2857 4092,2863 4181,2869 4271,2875 4360,2881 4449,2881 4539,2893 4628,2899 4718,2905 4807,2916 4897,2928 4986,2940 5076,2952 5165,2958 5255,2958 5344,2964 5434,2976 5523,2982 5613,2994 5702,3000 5792,3006 5881,3018 5971,3024 6060,3036 6150,3048 6239,3048 6269,3048"/>
                <TextEquiv>
                    <Unicode>betellt. Und in einer den rechten;</Unicode>
                </TextEquiv>
            </TextLine>
            <TextLine id="tr_1_tl_34" custom="readingOrder {index:33;}">
                <Coords points="5073,2850 5144,2839 5255,2875 5449,2868 5556,2900 5631,2893 5624,2800 5578,2785 5510,2778 5477,2800 5409,2760 5370,2782 5245,2749 5069,2785"/>
                <Baseline points="5094,2833 5183,2833 5273,2839 5362,2851 5452,2863 5541,2863 5631,2869 5637,2869"/>
                <TextEquiv>
                    <Unicode>&amp; to be</Unicode>
                </TextEquiv>
            </TextLine>
            <TextLine id="tr_1_tl_35" custom="readingOrder {index:34;}">
                <Coords points="426,3082 1185,3022 1496,3143 1876,3036 2979,3079 3039,2975 2492,2853 1976,2964 1514,2875 1249,2943 1113,2860 909,2971 430,2957"/>
                <Baseline points="447,3024 536,3024 626,3024 715,3024 805,3018 894,3018 984,3018 1073,3018 1163,3018 1252,3018 1342,3024 1431,3024 1521,3030 1610,3036 1700,3030 1789,3024 1879,3018 1968,3018 2057,3018 2147,3018 2236,3018 2326,3018 2415,3012 2505,3006 2594,3006 2684,3006 2773,3012 2863,3024 2952,3024 3042,3036 3048,3030"/>
                <TextEquiv>
                    <Unicode>mann. I wf j wd cts asse</Unicode>
                </TextEquiv>
            </TextLine>
            <TextLine id="tr_1_tl_36" custom="readingOrder {index:35;}">
                <Coords points="3559,3064 4260,3090 4457,3211 5069,3143 6251,3265 6236,3079 5803,3022 5001,3082 4661,2975 3551,2975"/>
                <Baseline points="3579,3054 3668,3048 3758,3054 3847,3054 3936,3066 4026,3072 4115,3083 4205,3078 4294,3089 4384,3089 4473,3089 4563,3101 4652,3101 4742,3113 4831,3119 4921,3125 5010,3125 5100,3125 5189,3131 5279,3137 5368,3143 5458,3155 5547,3161 5637,3167 5726,3167 5815,3179 5905,3203 5994,3221 6084,3233 6173,3245 6257,3256"/>
                <TextEquiv>
                    <Unicode>is em jurein hadde; - de beill dar ik-</Unicode>
                </TextEquiv>
            </TextLine>
            <TextLine id="tr_1_tl_37" custom="readingOrder {index:36;}">
                <Coords points="3684,3201 3734,3204 3773,3233 3806,3222 3859,3240 3917,3240 3934,3222 4020,3247 4078,3233 4074,3143 4024,3143 3992,3115 3949,3111 3909,3136 3852,3122 3834,3143 3784,3104 3755,3132 3716,3107 3680,3118"/>
                <Baseline points="3704,3185 3793,3197 3883,3197 3972,3209 4062,3203 4086,3203"/>
                <TextEquiv>
                    <Unicode>de t4</Unicode>
                </TextEquiv>
            </TextLine>
            <TextLine id="tr_1_tl_38" custom="readingOrder {index:37;}">
                <Coords points="372,3333 1761,3236 1983,3340 3047,3286 3047,3179 2767,3082 2298,3193 874,3075 372,3175"/>
                <Baseline points="393,3250 483,3250 572,3250 662,3256 751,3250 841,3250 930,3256 1020,3250 1109,3256 1198,3262 1288,3250 1377,3245 1467,3239 1556,3239 1646,3233 1735,3233 1825,3233 1914,3233 2004,3239 2093,3239 2183,3239 2272,3239 2362,3233 2451,3233 2541,3233 2630,3233 2720,3239 2809,3239 2899,3245 2988,3250 3054,3262"/>
                <TextEquiv>
                    <Unicode>tob hart.. Um er gies und krit.</Unicode>
                </TextEquiv>
            </TextLine>
            <TextLine id="tr_1_tl_39" custom="readingOrder {index:38;}">
                <Coords points="3490,3387 4486,3301 4851,3448 5871,3390 6140,3512 6129,3315 6022,3279 5742,3329 5033,3197 4819,3294 4360,3208 3974,3261 3480,3168"/>
                <Baseline points="3507,3286 3596,3280 3686,3286 3775,3298 3865,3298 3954,3298 4044,3292 4133,3292 4223,3298 4312,3298 4402,3304 4491,3304 4581,3310 4670,3310 4760,3322 4849,3322 4939,3328 5028,3334 5118,3340 5207,3346 5297,3352 5386,3358 5475,3358 5565,3364 5654,3370 5744,3376 5833,3382 5923,3394 6012,3406 6102,3423 6144,3435"/>
                <TextEquiv>
                    <Unicode>lroy. Es waren die Lackel erlatt; - der</Unicode>
                </TextEquiv>
            </TextLine>
            <TextLine id="tr_1_tl_40" custom="readingOrder {index:39;}">
                <Coords points="1604,3394 1636,3394 1733,3347 1769,3380 1786,3362 1815,3369 1833,3358 1858,3365 1890,3354 1890,3308 1865,3312 1808,3265 1743,3265 1708,3240 1629,3290 1607,3290"/>
                <Baseline points="1628,3358 1717,3346 1807,3346 1896,3352"/>
                <TextEquiv>
                    <Unicode>seem</Unicode>
                </TextEquiv>
            </TextLine>
            <TextLine id="tr_1_tl_41" custom="readingOrder {index:40;}">
                <Coords points="387,3494 2048,3541 2560,3448 2860,3566 3079,3523 3082,3369 390,3362"/>
                <Baseline points="405,3477 495,3465 584,3471 674,3477 763,3489 853,3489 942,3495 1031,3495 1121,3495 1210,3495 1300,3483 1389,3477 1479,3477 1568,3477 1658,3471 1747,3465 1837,3465 1926,3465 2016,3459 2105,3453 2195,3447 2284,3447 2374,3447 2463,3447 2553,3441 2642,3441 2732,3447 2821,3453 2910,3459 3000,3465 3089,3477"/>
                <TextEquiv>
                    <Unicode>Sie bettet 12 de Sinee it die offa</Unicode>
                </TextEquiv>
            </TextLine>
            <TextLine id="tr_1_tl_42" custom="readingOrder {index:41;}">
                <Coords points="3480,3544 4597,3512 5993,3680 5986,3555 5871,3498 3473,3380"/>
                <Baseline points="3495,3495 3585,3495 3674,3495 3763,3501 3853,3501 3942,3495 4032,3501 4121,3501 4211,3507 4300,3501 4390,3507 4479,3513 4569,3513 4658,3519 4748,3519 4837,3531 4927,3537 5016,3543 5106,3549 5195,3555 5285,3561 5374,3567 5464,3573 5553,3573 5643,3579 5732,3585 5821,3596 5911,3602 5994,3620"/>
                <TextEquiv>
                    <Unicode>Ort to be sent woll dirckbule</Unicode>
                </TextEquiv>
            </TextLine>
            <TextLine id="tr_1_tl_43" custom="readingOrder {index:42;}">
                <Coords points="408,3755 2291,3695 3168,3798 3165,3684 2613,3662 2212,3508 1006,3634 401,3544"/>
                <Baseline points="429,3692 518,3680 608,3674 697,3674 787,3674 876,3680 966,3680 1055,3680 1145,3686 1234,3680 1324,3686 1413,3680 1503,3680 1592,3680 1682,3680 1771,3680 1861,3680 1950,3680 2040,3686 2129,3692 2219,3692 2308,3692 2397,3698 2487,3704 2576,3710 2666,3722 2755,3728 2845,3740 2934,3752 3024,3769 3113,3781 3179,3793"/>
                <TextEquiv>
                    <Unicode>a - loup hart in it beiuewor</Unicode>
                </TextEquiv>
            </TextLine>
            <TextLine id="tr_1_tl_44" custom="readingOrder {index:43;}">
                <Coords points="3541,3748 6304,3866 6294,3691 6168,3673 5456,3727 4547,3587 4224,3677 3773,3508 3533,3591"/>
                <Baseline points="3561,3692 3650,3692 3740,3698 3829,3704 3919,3710 4008,3716 4098,3722 4187,3722 4276,3728 4366,3728 4455,3728 4545,3728 4634,3734 4724,3740 4813,3752 4903,3763 4992,3769 5082,3775 5171,3781 5261,3787 5350,3793 5440,3787 5529,3787 5619,3787 5708,3787 5798,3793 5887,3793 5977,3799 6066,3805 6156,3805 6245,3811 6311,3823"/>
                <TextEquiv>
                    <Unicode>Alen... Durchturs: - ne comptant</Unicode>
                </TextEquiv>
            </TextLine>
            <TextLine id="tr_1_tl_45" custom="readingOrder {index:44;}">
                <Coords points="3734,3888 3942,3917 4128,3891 4618,3906 4615,3848 4504,3823 4446,3848 4296,3802 4045,3834 3816,3809 3734,3841"/>
                <Baseline points="3752,3871 3841,3883 3931,3889 4020,3889 4109,3895 4199,3889 4288,3889 4378,3889 4467,3889 4557,3889 4622,3895"/>
                <TextEquiv>
                    <Unicode>propre au mois</Unicode>
                </TextEquiv>
            </TextLine>
        </TextRegion>
    </Page>
</PcGts>
