6744 4232
3515 189 3861 389 610
3708 236 6053 517 Ses, - wie sich hatt' ne dort juhr
2780 271 2973 446 1
546 286 867 503 111
2823 432 3098 596 6 x
3562 443 6160 717 liefe ce nicht in enthöre - an
378 525 3215 814 of Kilderich auf angelegen rechst
3569 639 6124 946 dull abe - jeg bill, entrein-
314 757 3101 999 nach ihr erkundet und
3572 889 6210 1213 rellst. (sehr ja nogert, denn sie
1727 931 2727 1142 in eyepre
368 1017 3101 1221 belangt habe. I ne herd litt lon
3554 1160 6124 1435 wecken aufzuboren, wer
343 1221 3119 1460 in every sorty. besitve, - but
3565 1338 6213 1634 I shall it undt unwartit noch - at
375 1477 2909 1742 Vesser... Und it hast it geregt.
3551 1577 6213 1870 in diese zwei Hauskleid, im
335 1702 2851 2066 sept ne voit écue en ploie
3847 1777 4279 1956 uberit
3572 1834 5967 2063 der kräubt, und woll zur
364 2027 2901 2323 leide, daf et un plaisir
3601 1916 6360 2309 Gebolt - a he poven Heisklead
4504 2238 4746 2373 elc
3558 2248 6409 2619 und der Flüchtig formit, mit
400 2216 3112 2630 bestell auch. W. acht ce etc
5396 2427 5671 2570 - " -
739 2495 3105 2837 Ist wollte d fd to I. S.
3637 2559 6231 2909 gens ein en pa Jahr alle ein.
414 2766 3023 3123 ne weiss a un nicht. Ich.
3651 2762 6335 3119 aI see on it in your liebl. -
3622 3005 6145 3301 I be a i ine jartl werk un
525 3008 3098 3376 Ich. hal ich gern, dass ich dir sine
3576 3223 6106 3544 der, wie zartlich im andxx
435 3226 3037 3619 wil ihreitig erwieder.
3644 3480 6513 3758 we will tell & it to the theel
400 3565 3123 3940 eine in wei Flessen.
