6728 4152
451 73 724 233 56 1
6228 204 6472 386 57
5609 218 6130 400 Dene
2817 211 3123 389 160
3633 273 6432 575 der verliefergebene Torthe eines Turtisterelt
291 273 3036 568 theof Neempln gekommen, wes
5642 539 6075 688 wch
233 462 2901 775 nicht in gleiche Scheib. ich
3633 557 6410 812 slarte Peritet fielte, at er bei øhnbert
291 659 2916 1056 auf der Nyn, in der Lippe de
3560 804 6232 1110 plegebert de l'Elle, - as eine
4091 976 4310 1128 Pr.
277 983 3028 1292 you had in & ultame nott liebe
3625 1037 6199 1343 Entituler de Votre entre f, de de
324 1208 2861 1540 wirng at jeglent etwa ubeilegen
3625 1216 6283 1583 Ausbleib de Tochter wil eca
684 1361 1343 1536 in the
288 1383 3214 1707 fort avoir été le bel croitien mère.
4230 1492 5067 1678 soit fieber tafli
3636 1547 6301 1893 Haleulies lutichs leffl, genik
298 1663 3014 1933 Your Therese spent in due home, Ist
3655 1856 6257 2166 ne in Sisje va und wie at wei und
291 1871 3018 2188 seeîtet liebte.... The therese simple
3625 2031 6330 2341 receit, un at noit cenen Tagen Thild
328 2159 3218 2479 in dies lement, daß in Hilde, gewiss
3600 2337 6283 2592 mure cestier - Jutet cie nd en een
357 2344 3112 2664 wexen zugleichte leibt;.. dass den
3545 2472 6286 2857 in eantel hende.
328 2592 3061 2872 Mible, kloge, fave rechgelejehrige
3556 2748 6297 3087 duit deux ou  elop ihr lui
357 2817 3127 3152 is in order to but in been the part
3564 2999 6246 3327 at C.D. and Elape butlet not�cht
317 3101 3236 3407 at sie; ƒ 7: de Mllr, Klage
3545 3243 6217 3553 in he bey drehlt.. No Lett in
324 3327 3083 3629 nicht geschloßenen, und wieder auch
3596 3494 6006 3851 wohl selbst nicht gewiß, war
331 3534 2945 3858 ehe nichtens ferner wenn, den
