6920 4424
2857 191 3136 420 in
6137 282 6480 487 r.
3701 392 6324 692 Noch in der gleich haubt allenden Freien¬
823 558 1028 862 .
3676 650 6399 918 la Spital geschafft, ou du Comt auillus
569 798 1437 992 ié.. 1u florit
759 809 2493 1098 Esterl. Glotti a Oc.. Rett
3690 879 4813 1084 verblossen. - 1
544 975 2903 1367 in  de Ope.  wille ne niet
3687 999 6476 1377 hrt wen. festgedell. Den Behlkorttung
826 1176 2687 1596 be Alfred; mie will at you
3708 1225 6342 1533 geboute cau; - car de Verheerge croye ont
622 1381 3040 1734 comple.. wel es et oui mitt... Es seint
3680 1441 6466 1737 prteltel, oud fa 1e. Soh..
501 1674 2482 1946 will as well [illegible]
3669 1610 6512 1921 du Noill. Si c'est avec un vérité
3655 1833 6374 2119 in the "   Mr.  B. D. C.
674 1879 2765 2126 H. dann sogt un besche- et u
710 2020 2094 2306 &c ortt. 2 pai s...
3687 2034 6233 2316 d Hershmotner eiget u. ehe de
2942 2101 3118 2359 'H
858 2235 2874 2504 Viel t, späle erst..., auf dies
3658 2292 6324 2560 Meuchet tabe de cinz Nnde, de
777 2373 2889 2701 an Hollen.. nur es seel k. nicht
3711 2511 6240 2726 Lehre Theres Telsand me; - so even: c
4411 2701 4968 2885 sonder
3722 2733 6349 2966 not in Senf al handt in drie Vulverte
3743 2956 6272 3189 viedenep Sare se Hweib begangen
3782 3185 6240 3394 worve c- : - as et de kongen
3789 3369 6130 3704 met si t reglut sur
3778 3634 6226 3856 a Bellicinte cersitie in
