6616 4168
342 74 596 265 561
6081 155 6310 339 me
228 276 475 504 57
5975 324 6350 582 564
3538 272 6258 663 Hr Hegen wa ich nicht gewen. - Aber an
346 269 3022 652 il très leblé, une Il tehore compte
3346 512 6288 935 1.4. Tag, halte man in weggeschicht - es
225 515 2971 872 nicht. -.j.d. will rei-sehr vers d
3516 825 6350 1163 man ganz schon gewesen, allein und ungestort
309 722 3074 1112 Elter nie geschreven, i de Wille, lek
3482 1009 6328 1388 in Bett p. lege, in eer schöne theil zu lese.
228 972 2938 1215 sebn uit Julien... in Italium in der
762 1145 3022 1347 weil in der Vlien nicht zugleichne
3512 1233 6229 1565 To lebe Suatigang allei cent three
2404 1252 2835 1439 1 biles
250 1266 2330 1506 that rouge vinter me war
3449 1432 6196 1833 Kerre Pape. Ne Ausdreit wisst thild
243 1465 3052 1745 en pa luite be ik je ceux. -;- une
236 1609 3199 1918 celui de hautteuen bei wlche gelegenheit
3479 1660 6122 2025 wohl ihrer Kunigkeit - de
228 1859 3066 2212 in Dezer - in my Septenbe we
3479 1922 6372 2360 ni ladæt liebeuniers - uod i - ihre Calmont
328 2117 2783 2393 Thlile utrye beide hille jever
3479 2176 6369 2558 Uhr sehr nur in der Vells der Reise und wahr
265 2334 3052 2654 in einer Seebe... Prof. Th. de Nacht
3479 2393 6376 2853 né en son crzahlt, cœur ne beivete coeur.
239 2518 3066 2897 withnamt, ponte 10 jany p che,
3464 2603 6199 3022 S.C. S. C. J.D. octir, metitu. Oh. es lief
294 2816 2916 3144 ne lieble es bei lait je veu, un
3449 2853 6361 3254 nil reke gut wil ihn allen leben; - nach
350 3063 3070 3387 Theren Juhlbe, daft ihn die Frage
3390 3085 6247 3435 de lille algerent cua, halli Stildl wok
3460 3365 5978 3696 1, 2, ad j. 2 fehre sagte né, en
398 3240 3011 3541 in welcher Seeben, ugenluee une
320 3530 2875 3843 laubt i vordrugled jnverte man
3438 3582 6262 4027 Troule gehabt; - aber es hebte sich gepre¬
