6904 4312
4368 121 4569 362 A.J.
2882 219 3229 438 26th
6480 303 6750 511 to
3090 365 3408 544 21-5
3824 376 6045 654 niet euenamllat bevorumse Blick. -
2991 500 3309 818 G.
3839 570 6673 825 Ara Sie en le nicht; - was in mir so wolle
457 577 3046 939 meubleses ntweegsam, nduf ni fa s ds
3788 749 6622 1004 daß er der polizeileit hochfertung entgege-
438 895 3145 1180 Bertassus empsam, et pfiger, mais et
3758 972 6505 1209 daß man i.t. bal fonci - uu onfrigl it.
4178 1110 4544 1238 mieter
420 1041 3207 1414 eigullid auf i Huyen habe:- in der
3751 1165 6560 1446 bige civijeure solle - In beid
413 1304 3152 1523 de nt-t-il nt à été cipule
3802 1344 6542 1611 Sie meft mit nicht d. beide wünsche
4989 1494 5450 1655 beventete
478 1446 3167 1735 tidrudt; - an deell cefendabe kam
3802 1563 6567 1793 me on Eave for in for ne de gleiche cnt
701 1611 2506 1834 spät; - al m, ihr, dit le
442 1669 3225 2016 et : il veut je m'écrire ici, tharrbe - :
3755 1746 6567 2034 taltei, auf eine in ite befreit ja sein.-
442 1903 3211 2202 Et hat der erweist als ein umge¬
3813 1914 6593 2228 Ihr dar, Siebeinen wäre in der letzt
519 2144 3075 2454 mape unuitie:- et hatt iets ce fait
3780 2162 6399 2433 Sagen, et nt geschreibt fort
1695 2327 2078 2462 I am
482 2356 3156 2696 in part gefad, wolle d
3762 2381 6209 2644 but hilleid, je wie ik henl
3758 2560 6465 2867 de Biberning een wollt fast
435 2549 3218 2907 Mll veeht bora jor hart sllen.
3963 2758 4989 2918 et hy me in herenflel
3755 2896 6509 3130 en fortitkeit fois et j'esprit - un
420 2845 3010 3130 aber.. ni ne nous et un bienst. m1 en
4051 2991 4474 3211 Gleib
5844 3021 6242 3156 Red,
3795 3068 6465 3349 hill for - and it left wt
464 3094 3170 3324 Hleghert kler gelobets 1c bell
3773 3265 6534 3594 Je et celuiheu nd iswer fort cent
427 3240 3364 3642 nehme i jong fait ture les terres gestellt
3788 3532 6538 3850 in it. at Capt. or in Murukal
446 3576 3083 3766 beidehen. – Sie weiter ist — er bekauft
500 3704 3185 4014 kein - ging - wergele nicht; - belangte
