6632 4104
6135 193 6436 380 5 58
2603 183 3020 452 155
3722 234 6214 512 (dort) uinwünschtes verantren,
193 244 1663 484 déciter d'en sovra
3738 449 6189 708 zu hören bekommen, je daß du Retord
237 440 2688 718 gab ce et pourtet. selfs et dieu
3729 629 6100 848 nillentt in ein Feust
237 655 2625 993 Löwenig Weerting keine
3757 784 6116 1088 Sos hebes wertte (komt), diese
190 867 2736 1157 wegs sollen finden kann was daß ne
3741 977 6170 1297 Verstanden als eine Flucht aufgefährt
190 1037 2473 1293 au beste d'Italé, du Sant:
3754 1138 6097 1414 im dienst der Avzeig de lutte
266 1287 2783 1556 kreuele Scheik pielunden; je
3741 1350 6012 1603 seit aif die vor der Rückbar
3754 1556 6091 1749 gehadt werden könnte - Sie von
221 1499 2505 1799 derf ce.defé sceur Cem dt un
3789 1714 6236 1942 l'able de se bite tout à emistère
218 1749 2603 2015 in befondl sei. Prang einer freude
813 1913 1651 2071 et sa liebne
3767 1929 6205 2245 Oufangen, V immer Transportstell
225 1954 2568 2204 ment in and  for one at it
3801 2169 6072 2334 aus sezt u. mit u Kultinstin und
199 2125 2631 2464 liebst; vor de Diagen ihrer
3744 2315 6100 2600 Alfred - erstien sind vorstell
259 2422 2675 2717 darif si lonen.  Temi Hinaume
3776 2530 6217 2786 dess in its wahrear der Orthee
316 2619 2568 2963 ler er entschre Ien übrige keine in
3823 2745 6009 3083 stiocle ourief; - at ue it is de
313 2887 2625 3162 wch beide will alle sprich
3871 3004 6164 3238 Neeighert wir Woll, ihr
607 3109 1050 3257 deugen
266 3096 2502 3422 de cette bifigt de
4443 3147 5266 3324 - Reiffèle
3890 3254 4981 3450 cher beschigt ja
5240 3248 6154 3441 c. p. viritet
313 3286 2571 3548 ni volle it deese Tage mieda
3874 3422 5920 3700 I am verfall ach nicht
1385 3539 2407 3757 Therein
294 3602 832 3823 over for
