6824 4200
6303 169 6627 454 R0 E
587 227 890 465 6bre
3651 216 6220 551 nest très je fonc et fait; - def
2915 321 3207 544 201.
2224 357 2515 620 lav
3579 483 6353 771 M. ferei qui kui feschafes, eux nous
494 490 3038 778 Sti. zu Ofsopl wa in nur wert, dee
432 678 2912 948 Mevel beinebe, und daß trot & di¬
3636 656 6195 933 Poles, en ne Dicol akslak
1305 883 1831 1038 ludet.
357 861 3182 1182 Hodgut ereweit hroussito, la (darin
3654 883 6462 1160 standlich, daß er gewisst
3636 1103 6213 1373 Aend i to be bont kind a of
375 1124 3269 1409 défé, et ne les dernier a été
411 1341 3103 1604 beide, et inoot    et
3636 1319 6508 1622 Uwe usperne wers sollten,
1279 1550 1899 1715 in bei on
3661 1607 6447 1845 es get ouil wil lst Anwaltall
386 1578 3186 1838 allerle abwittel allulé et
3589 1798 6206 2040 l p bespied. vidhe. - die
353 1834 3215 2144 erled allein wieder in. Ordnung
3665 2025 6407 2299 unberende in der walerie
360 2058 3121 2393 Wollten i et ne in
3654 2191 6393 2515 Bezieln zum Fgendin Frau, dezliche
393 2252 3153 2537 nal ciltar halsi.
1856 2407 2562 2595 Fue nieu
396 2530 3128 2800 there is I am, I am it to
3654 2436 6465 2768 jurich mit feigelyk man... No-
422 2735 3233 3063 sifluk mit soct t buch abbrochen:
3618 2696 6375 2998 an bestemenlei Bejeldung Neder
2281 2908 2483 3024 to
501 2948 3128 3240 daß in Zien zeit Kild: undere Zeit
3633 2944 6397 3279 2 Jwites Krenos sollbe selv jet
4043 3142 4710 3305 in wollt
512 3164 3315 3427 wird in März en einzunehmen
3690 3247 6357 3524 in hand ye uid weissn, I plroff
465 3391 2991 3651 Kild: in dier fort
3701 3413 6134 3770 were.. Mr die Cumball onbelang
483 3661 3279 3964 mehr sevli gewes in wird. ein Stil
