6952 4184
6239 146 6489 366 21
3082 216 3377 410 253
3608 254 6295 601 von ihn werd in taues jeuen.
373 336 3123 634 gewif. ich gut je weint.
3582 511 6339 813 Ihr die Leutgleit soll, und wurf ich
392 586 3075 873 Cantil... Me so gut givenl for
3560 724 6261 1052 alle feller lahr... Nr 17 L
384 802 3313 1116 & not...    he iur Cemend. Uhrgen
3612 970 6418 1231 nicht et beantwenden. In meinen
213 1078 3149 1362 lo - pauvel di uberagt du
3537 1213 6019 1519 re - and...du Hure
284 1265 3284 1530 « Es we ami erscheinen...  Ver¬
3578 1437 6358 1750 Verletz lerst? - Und wenn u.
362 1526 3242 1840 Hen... den... wen.....  Bverligen........
3548 1683 6280 1933 Owenk. yet will pl. or ulb
369 1754 3145 2041 in 14 Tag. gestort.... Es schon
3537 1869 6239 2198 Veertich lass, i un uit... 4
4813 2104 5384 2242 I have
384 2037 3186 2377 ein einvergleich zu erst - die ein uns
3589 2168 6328 2463 kennst deine. de Herrn geb.
388 2280 3048 2657 sevente mar, daß in sil
3929 2429 6336 2772 ? I have blad going on being -
3638 2507 3828 2686 Von
388 2541 3119 2933 irqen auf derer eine thunialite
3597 2686 6351 2959 - d Leb  uwren
414 2828 3168 3101 so neue kwennen i n
3623 2929 6339 3254 porsin. -  Euer wenigte fleut
679 2974 2970 3224 rebelis in der telle (convent at Mrs)
414 3112 3145 3369 souszen wollte - - we will
3653 3220 6179 3519 & Mr Spivak we in it..... I.
463 3358 3101 3619 seve hlick eulgung winte blut
3642 3429 6291 3675 parle vue : -
507 3541 3015 3869 out h Antlitz in her this
