6865 4440
2863 164 3132 364 in
6128 266 6416 532 ile.
2926 336 3227 546 814
6290 458 6584 732 8th
438 455 3084 802 Boves, vostell, attincte.... Ein
3888 570 5050 850 obgemeiblig
455 763 3052 1120 je nie jete huit nel e plôtte
3892 780 6552 1116 hier klage. Klage. un klop
458 1057 2776 1320 Aber A Cui. 1 Gvig ware off.
3871 1032 6584 1410 a de Thi... Et... slust run this
448 1270 2950 1614 blickl.. veu ne cas un tout.. abe
3748 1228 6562 1690 de évouement telle..., offre en -
942 1578 3146 1824 wird klage, die - nd
3822 1554 6482 1936 en à toujours - de précopéel a une
497 1827 2989 2194 forh..... Heugel ant einen
3916 1820 6370 2184 Et : jeh en ai j. alle cui. S.
1026 2096 2884 2370 - - Es blieb zu meist
3864 2090 6209 2446 officte.  Et m̂a uni en Tro -
595 2334 2877 2667 uhr ist aufsivon. Je
3808 2324 6198 2737 in the said -- is chef in
616 2555 2818 2972 teod tiven! So knt.
3822 2614 6083 2958 I bei seil.. ei dert al
4725 2846 5005 3045 be
651 2870 2919 3227 Nein...   And Lord
3882 2856 6265 3238 Treppe & Mr. of Lher
3972 3196 6307 3560 a hint ud. Aifhelk.
668 3143 2888 3549 sorbei. ut de Heiſ tout
4218 3479 6055 3815 best. Und noch
732 3496 2912 3780 we iue, and etc.
3924 3644 6524 4084 de Stor. par., teller En egar
732 3756 3336 4056 Un lui en nef witt.-  Une
2586 3944 3056 4158 and
