6952 4424
2848 200 3152 346 2c4
3173 325 3353 491 1-6
3785 301 6156 681 wach ein Blick. wel de Cunga
2865 394 3166 650 1762
325 525 2720 843 de de  diex    ld  dre
4739 529 5489 722 o Mrill
3816 608 6145 874 zweit - ich es nicht ist allen
346 653 2889 961 I en beust... etc. tote... heren
4839 833 5164 944 ceau
377 912 2862 1268 j'egage a; de ce de il
3767 871 6353 1168 sebst zu End wäre. -  -  so
408 1037 2710 1421 Solx we je vais iam Tit... We
3833 1123 6321 1320 and abe untnimand the ture
1863 1255 2340 1410 leurs ou¬
5032 1272 5378 1441 well.
411 1279 3069 1718 Je je meusamkeit un  bijuttoit.
3729 1303 6508 1597 de Torlei staa/ un an at den thos
432 1562 2879 1897 -in des Jucces inheil in ter
3985 1479 6543 1801 Ia. Gisne bespurl/ne de
435 1738 3035 2063 is in the Augenblut he - in - all
3726 1749 6467 2029 in de Richtung mit Haus -; - das
449 1963 3052 2323 zu bericht bin – was - die.. weil de
3798 1949 6432 2247 wandt mit noch einmal um - - de
1777 2139 2119 2285 been
449 2108 2965 2599 sleich wird zu belehren -?
3802 2191 6290 2395 Ne balli en de jette ; -
442 2368 3000 2734 Mitte -... thei nel beventel es als
3836 2392 6442 2675 weil der Viertel; - wie aber mit
435 2544 3069 2945 beul voil - il n'est Art soll verlor
3830 2575 6308 2848 der Viertich der Stadt... Als —
512 2772 2772 3197 the in Val - ime toen h
5561 2751 5841 2938 in
3788 2793 6318 3080 en (che – wandt) - it
522 3000 2941 3380 dui beveulet. Auch wie neale
3950 3031 4313 3162 dir,
3899 3042 6512 3294 - was at [illegible]
584 3156 2921 3546 I in der Sohn einige undt he
3812 3256 6394 3560 don d andern Lidthxi di
2834 3418 3359 3598 Mar a cnt -
550 3518 1721 3771 Bease in
2876 3563 3180 3705 n'est
3926 3467 6270 3781 bet du belei Lichter de
626 3639 2724 3961 (Ira qualt in en wiltin in
2827 3667 3107 3909 sible
843 3871 1427 4013 nen wint, ja
671 3788 2699 4103 also in it. I has a well went
674 3982 2160 4196 in vertcht  -   ye
