6552 4024
3446 186 5876 552 erschiede. - Auit du komt in une
2880 222 3179 461 20s
6006 200 6340 422 c&7
292 267 3105 577 Wm Dr. "No I don't ne bea Rien".
3502 390 6129 809 noch eigentr. - jedenfall merkam
313 545 2947 760 at the fof it quill de cenige
3474 552 4455 777 verstunden.-
292 668 2880 963 Art. do al die Buer!
3523 745 6336 1196 Vous ne avoir vous reçue l'écaule d'gestour
302 925 2834 1167 wiederholt haben dat
3439 932 6178 1445 de tres les herais. Hages in Kaalort,
309 1062 3094 1336 was no une cemel beff.
3495 1157 6203 1589 de Schlappheit et de Hand, -
267 1333 2855 1568 Wee pbtele als ikke......  Ma ile
3432 1329 6076 1800 suite de Lippes, - jusse, voir son
4715 1410 5183 1593 un feu p
278 1484 3052 1786 de clui, nous enjouge. Heuse
3485 1568 6206 2011 21 jahin : - blichte sich wert aller Seite
338 1674 2901 1934 -te ist mit mirfrautte...
3474 1776 6083 2170 ein - der u der Höhe, - ein schullelle
362 1867 2954 2180 Freibil  will  will be
3442 1934 6234 2440 de Ropf, et un monde ci-t-ils de schwerpe
327 2082 2985 2395 Heis. Les dessur ui nicht je¬
3400 2173 5981 2609 is unillige ihr encoreux. - Am das
323 2335 3091 2599 <gap/> (Hiho Nil pon Tuhu
3376 2416 6206 2820 a noufler. Il diait un touch, du 13
355 2560 3133 2792 I know of the
3340 2602 5971 3063 Dvortet, celle ci fait longer 1 huit
313 2753 2890 3066 in 28 Jahren...    hld gereicht
3383 2911 5992 3302 de Huit in de Strasstilpen, - and ine
369 2978 3049 3291 leogst verbersch tost Kinder
3379 3049 5942 3499 I is, - set we flöckling - - - we am
376 3235 3070 3474 Ihr sein wäre, nicht aufgelegt
3393 3302 4824 3625 strauch umbe. -
2064 3369 3136 3696 men the it for
411 3407 1952 3674 No I am here.
