<?xml version="1.0" encoding="UTF-8" standalone="yes"?>
<PcGts xmlns="http://schema.primaresearch.org/PAGE/gts/pagecontent/2013-07-15" xmlns:xsi="http://www.w3.org/2001/XMLSchema-instance" xsi:schemaLocation="http://schema.primaresearch.org/PAGE/gts/pagecontent/2013-07-15 http://schema.primaresearch.org/PAGE/gts/pagecontent/2013-07-15/pagecontent.xsd">
    <Metadata>
        <Creator>prov=READ-COOP:name=TrHtr:version=2.1.0:model_id=51170:date=14_08_2023_19:12</Creator>
        <Created>2023-05-10T14:35:52.069+02:00</Created>
        <LastChange>2023-08-14T19:12:29.234+02:00</LastChange>
        <TranskribusMetadata docId="1428642" pageId="55422964" pageNr="118" tsid="132822327" status="IN_PROGRESS" userId="64420" imgUrl="https://files.transkribus.eu/Get?id=DQYKRXTQKEKUAAWMFXUXOSZH&amp;fileType=view" xmlUrl="https://files.transkribus.eu/Get?id=KDRNBTKFFXJUAVUCZUQOVKQW" imageId="44697043"/>
    </Metadata>
    <Page imageFilename="1428642_0118.jpg" imageWidth="6744" imageHeight="4184">
        <ReadingOrder>
            <OrderedGroup id="ro_1711816726226" caption="Regions reading order">
                <RegionRefIndexed index="0" regionRef="tr_2"/>
                <RegionRefIndexed index="1" regionRef="tr_1"/>
            </OrderedGroup>
        </ReadingOrder>
        <TextRegion id="tr_2" custom="readingOrder {index:0;}">
            <Coords points="328,391 3199,391 3199,3901 328,3901"/>
            <TextLine id="tr_2_tl_1" custom="readingOrder {index:0;}">
                <Coords points="438,487 459,487 491,512 537,487 635,501 667,480 699,494 710,357 667,349 593,378 561,353 533,360 477,406 445,402"/>
                <Baseline points="459,465 531,453 620,453 710,441"/>
                <TextEquiv>
                    <Unicode>in3</Unicode>
                </TextEquiv>
            </TextLine>
            <TextLine id="tr_2_tl_2" custom="readingOrder {index:1;}">
                <Coords points="304,660 325,667 339,660 371,688 402,678 413,688 420,681 455,692 491,519 462,515 455,505 431,515 420,505 357,530 332,515"/>
                <Baseline points="328,638 387,626 477,608"/>
                <TextEquiv>
                    <Unicode>61</Unicode>
                </TextEquiv>
            </TextLine>
            <TextLine id="tr_2_tl_3" custom="readingOrder {index:2;}">
                <Coords points="501,791 1260,837 1603,734 2870,731 2905,568 2407,597 2160,512 1401,646 1070,565 505,688"/>
                <Baseline points="519,769 584,763 674,758 763,758 853,752 943,746 1032,746 1122,740 1211,740 1301,734 1390,734 1480,728 1569,728 1659,722 1748,722 1838,722 1927,722 2017,716 2106,716 2196,710 2285,704 2375,704 2465,698 2554,692 2644,692 2733,692 2823,698 2912,704"/>
                <TextEquiv>
                    <Unicode>Et vlert en pa horen udi ten</Unicode>
                </TextEquiv>
            </TextLine>
            <TextLine id="tr_2_tl_4" custom="readingOrder {index:3;}">
                <Coords points="374,999 2768,935 2820,770 2040,791 1790,882 1444,819 1288,897 766,830 378,943"/>
                <Baseline points="393,990 399,990 489,990 578,990 668,978 758,972 847,966 937,966 1026,966 1116,954 1205,954 1295,949 1384,943 1474,937 1563,931 1653,931 1742,931 1832,925 1921,919 2011,913 2100,913 2190,913 2280,901 2369,895 2459,895 2548,889 2638,889 2727,889 2817,889"/>
                <TextEquiv>
                    <Unicode>re Malerock. - nahm iin Re</Unicode>
                </TextEquiv>
            </TextLine>
            <TextLine id="tr_2_tl_5" custom="readingOrder {index:4;}">
                <Coords points="328,1260 971,1296 1236,1193 2118,1144 2757,1260 2789,1045 1687,1108 1306,1010 766,1133 339,1063"/>
                <Baseline points="352,1241 376,1235 465,1217 555,1211 644,1199 734,1193 823,1187 913,1181 1002,1175 1092,1169 1181,1157 1271,1151 1360,1145 1450,1151 1539,1145 1629,1140 1718,1134 1808,1134 1898,1134 1987,1134 2077,1134 2166,1134 2256,1140 2345,1134 2435,1134 2524,1134 2614,1128 2703,1122 2793,1128"/>
                <TextEquiv>
                    <Unicode>Ule sind Een; - z wird i</Unicode>
                </TextEquiv>
            </TextLine>
            <TextLine id="tr_2_tl_6" custom="readingOrder {index:5;}">
                <Coords points="1101,1454 1447,1405 1878,1468 2616,1345 2803,1437 2813,1232 2496,1310 2069,1175 1433,1345 1108,1239"/>
                <Baseline points="1122,1402 1205,1396 1295,1396 1384,1390 1474,1390 1563,1390 1653,1384 1742,1378 1832,1378 1921,1366 2011,1360 2100,1360 2190,1360 2280,1360 2369,1354 2459,1348 2548,1348 2638,1342 2727,1336 2817,1336"/>
                <TextEquiv>
                    <Unicode>he - weil ist ei-</Unicode>
                </TextEquiv>
            </TextLine>
            <TextLine id="tr_2_tl_7" custom="readingOrder {index:6;}">
                <Coords points="367,1518 409,1546 477,1525 526,1560 650,1521 660,1536 784,1521 830,1550 865,1317 664,1327 551,1398 388,1370"/>
                <Baseline points="393,1486 411,1486 501,1462 590,1462 680,1450 769,1426 859,1420"/>
                <TextEquiv>
                    <Unicode>is not</Unicode>
                </TextEquiv>
            </TextLine>
            <TextLine id="tr_2_tl_8" custom="readingOrder {index:7;}">
                <Coords points="1384,1656 1751,1677 2294,1578 3029,1613 3121,1599 3128,1500 2880,1405 2520,1525 2234,1472 1998,1525 1903,1454 1758,1536 1394,1511"/>
                <Baseline points="1408,1647 1432,1641 1521,1647 1611,1641 1701,1635 1790,1623 1880,1611 1969,1605 2059,1593 2148,1587 2238,1581 2327,1575 2417,1569 2506,1563 2596,1551 2685,1545 2775,1545 2864,1551 2954,1557 3043,1563 3133,1575"/>
                <TextEquiv>
                    <Unicode>-platlie de ce M. -</Unicode>
                </TextEquiv>
            </TextLine>
            <TextLine id="tr_2_tl_9" custom="readingOrder {index:8;}">
                <Coords points="724,1723 766,1737 914,1698 988,1719 1038,1694 1264,1684 1271,1525 1161,1528 1006,1606 879,1546 734,1543"/>
                <Baseline points="746,1683 823,1683 913,1677 1002,1671 1092,1671 1181,1665 1271,1659"/>
                <TextEquiv>
                    <Unicode>theren;</Unicode>
                </TextEquiv>
            </TextLine>
            <TextLine id="tr_2_tl_10" custom="readingOrder {index:9;}">
                <Coords points="473,1853 2217,1673 2909,1740 2997,1624 1327,1634 819,1740 639,1571 487,1606"/>
                <Baseline points="495,1814 584,1814 674,1808 763,1796 853,1784 943,1778 1032,1766 1122,1760 1211,1754 1301,1742 1390,1730 1480,1724 1569,1724 1659,1718 1748,1712 1838,1712 1927,1701 2017,1689 2106,1689 2196,1677 2285,1677 2375,1677 2465,1671 2554,1671 2644,1671 2733,1671 2823,1677 2912,1683 3002,1683"/>
                <TextEquiv>
                    <Unicode>Edui un jeté les bijout.</Unicode>
                </TextEquiv>
            </TextLine>
            <TextLine id="tr_2_tl_11" custom="readingOrder {index:10;}">
                <Coords points="357,1984 921,2019 1927,1853 2125,2002 2524,1832 3096,1874 3198,1761 2284,1680 1599,1850 1084,1779 717,1931 367,1850"/>
                <Baseline points="376,1969 423,1975 513,1975 602,1975 692,1969 781,1951 871,1945 960,1933 1050,1921 1140,1915 1229,1909 1319,1898 1408,1898 1498,1892 1587,1892 1677,1880 1766,1868 1856,1856 1945,1844 2035,1838 2124,1826 2214,1826 2303,1826 2393,1820 2482,1820 2572,1814 2662,1814 2751,1808 2841,1808 2930,1808 3020,1802 3109,1808 3199,1814"/>
                <TextEquiv>
                    <Unicode>der... selt dir darauf entre le</Unicode>
                </TextEquiv>
            </TextLine>
            <TextLine id="tr_2_tl_12" custom="readingOrder {index:11;}">
                <Coords points="512,2178 1144,2249 2203,2072 2778,2100 3106,2238 3121,2012 2517,1899 2040,2012 1910,1952 1468,2111 1260,2012 515,2107"/>
                <Baseline points="531,2178 620,2178 710,2178 799,2172 889,2166 978,2160 1068,2160 1157,2154 1247,2148 1336,2148 1426,2148 1516,2136 1605,2124 1695,2124 1784,2112 1874,2089 1963,2077 2053,2071 2142,2071 2232,2071 2321,2065 2411,2065 2500,2071 2590,2071 2679,2065 2769,2065 2858,2065 2948,2071 3038,2065 3127,2065"/>
                <TextEquiv>
                    <Unicode>in acht ue haut a a</Unicode>
                </TextEquiv>
            </TextLine>
            <TextLine id="tr_2_tl_13" custom="readingOrder {index:12;}">
                <Coords points="459,2429 921,2390 1366,2503 1663,2376 2390,2294 2972,2362 3015,2171 2884,2238 2467,2122 2277,2266 1878,2312 1550,2192 1384,2280 469,2252"/>
                <Baseline points="477,2411 507,2411 596,2405 686,2399 775,2399 865,2393 954,2387 1044,2381 1134,2375 1223,2375 1313,2369 1402,2369 1492,2369 1581,2357 1671,2363 1760,2351 1850,2339 1939,2333 2029,2327 2118,2321 2208,2309 2297,2297 2387,2285 2476,2291 2566,2297 2656,2303 2745,2303 2835,2309 2924,2309 3014,2303"/>
                <TextEquiv>
                    <Unicode>huit in en celle.....roux gel</Unicode>
                </TextEquiv>
            </TextLine>
            <TextLine id="tr_2_tl_14" custom="readingOrder {index:13;}">
                <Coords points="402,2672 752,2750 2065,2577 2909,2587 2969,2418 2344,2383 2002,2531 1465,2570 1306,2478 741,2598 409,2520"/>
                <Baseline points="423,2656 465,2656 555,2656 644,2650 734,2650 823,2644 913,2650 1002,2644 1092,2644 1181,2638 1271,2638 1360,2632 1450,2626 1539,2626 1629,2620 1718,2614 1808,2608 1898,2596 1987,2590 2077,2572 2166,2560 2256,2548 2345,2542 2435,2536 2524,2530 2614,2530 2703,2524 2793,2524 2882,2524 2972,2524"/>
                <TextEquiv>
                    <Unicode>Cung with us for.. the</Unicode>
                </TextEquiv>
            </TextLine>
            <TextLine id="tr_2_tl_15" custom="readingOrder {index:14;}">
                <Coords points="445,2933 1889,2842 2086,2905 2453,2768 3015,2838 3075,2718 2206,2623 1401,2849 1010,2729 448,2835"/>
                <Baseline points="465,2906 483,2906 572,2906 662,2900 752,2906 841,2906 931,2900 1020,2900 1110,2894 1199,2894 1289,2888 1378,2876 1468,2864 1557,2852 1647,2847 1736,2841 1826,2835 1915,2823 2005,2817 2094,2805 2184,2799 2274,2787 2363,2781 2453,2769 2542,2769 2632,2769 2721,2769 2811,2769 2900,2775 2990,2775 3079,2775"/>
                <TextEquiv>
                    <Unicode>I was in in den H tot. de cin</Unicode>
                </TextEquiv>
            </TextLine>
            <TextLine id="tr_2_tl_16" custom="readingOrder {index:15;}">
                <Coords points="519,3244 1514,3117 2775,3096 2789,2859 2185,3018 2062,2930 1525,3036 533,2986"/>
                <Baseline points="543,3163 549,3157 638,3157 728,3151 817,3151 907,3145 996,3139 1086,3139 1175,3127 1265,3121 1354,3121 1444,3115 1533,3115 1623,3103 1712,3103 1802,3097 1892,3091 1981,3079 2071,3073 2160,3067 2250,3055 2339,3049 2429,3043 2518,3038 2608,3038 2697,3038 2787,3026"/>
                <TextEquiv>
                    <Unicode>Hee Soh. Ich chere Jno voland</Unicode>
                </TextEquiv>
            </TextLine>
            <TextLine id="tr_2_tl_17" custom="readingOrder {index:16;}">
                <Coords points="2086,3346 2330,3329 2478,3417 2566,3417 2640,3361 2700,3389 2835,3325 2948,3371 3061,3354 3053,3219 3022,3212 2662,3255 2178,3149 2083,3184"/>
                <Baseline points="2106,3294 2196,3306 2285,3312 2375,3318 2465,3318 2554,3324 2644,3318 2733,3324 2823,3324 2912,3330 3002,3330 3067,3336"/>
                <TextEquiv>
                    <Unicode>touce in de</Unicode>
                </TextEquiv>
            </TextLine>
            <TextLine id="tr_2_tl_18" custom="readingOrder {index:17;}">
                <Coords points="575,3414 847,3442 1010,3523 1130,3431 1221,3435 1285,3385 1567,3421 1571,3293 1454,3336 1327,3332 1236,3251 1087,3318 893,3248 579,3279"/>
                <Baseline points="596,3390 680,3390 769,3390 859,3390 949,3390 1038,3390 1128,3390 1217,3384 1307,3378 1396,3378 1486,3372 1575,3360"/>
                <TextEquiv>
                    <Unicode>enfin him</Unicode>
                </TextEquiv>
            </TextLine>
            <TextLine id="tr_2_tl_19" custom="readingOrder {index:18;}">
                <Coords points="660,3706 1927,3604 2757,3703 3103,3668 3106,3544 1564,3421 1370,3516 664,3569"/>
                <Baseline points="680,3676 698,3682 787,3676 877,3670 966,3658 1056,3652 1145,3652 1235,3640 1325,3628 1414,3622 1504,3622 1593,3616 1683,3611 1772,3605 1862,3605 1951,3599 2041,3599 2130,3599 2220,3599 2309,3605 2399,3611 2488,3611 2578,3616 2667,3622 2757,3628 2847,3634 2936,3640 3026,3646 3115,3640"/>
                <TextEquiv>
                    <Unicode>Sie, in halekt, u</Unicode>
                </TextEquiv>
            </TextLine>
            <TextLine id="tr_2_tl_20" custom="readingOrder {index:19;}">
                <Coords points="738,3971 2439,3855 2926,3950 3000,3918 3004,3714 2111,3668 1896,3756 1123,3788 741,3706"/>
                <Baseline points="758,3891 769,3885 859,3879 949,3879 1038,3867 1128,3873 1217,3867 1307,3861 1396,3855 1486,3843 1575,3843 1665,3843 1754,3843 1844,3837 1933,3831 2023,3837 2112,3837 2202,3837 2291,3837 2381,3837 2471,3843 2560,3849 2650,3849 2739,3861 2829,3867 2918,3873 3008,3885"/>
                <TextEquiv>
                    <Unicode>zeine mönnige Huhrenleich</Unicode>
                </TextEquiv>
            </TextLine>
        </TextRegion>
        <TextRegion id="tr_1" custom="readingOrder {index:1;}">
            <Coords points="3485,272 6386,272 6386,3704 3485,3704"/>
            <TextLine id="tr_1_tl_1" custom="readingOrder {index:0;}">
                <Coords points="6107,349 6139,335 6156,346 6206,339 6245,371 6259,357 6269,367 6280,357 6290,367 6322,360 6354,385 6379,381 6372,240 6350,247 6319,226 6298,237 6266,226 6188,240 6167,226 6139,244 6100,244"/>
                <Baseline points="6123,322 6213,328 6302,334 6386,334"/>
                <TextEquiv>
                    <Unicode>1661</Unicode>
                </TextEquiv>
            </TextLine>
            <TextLine id="tr_1_tl_2" custom="readingOrder {index:1;}">
                <Coords points="3996,360 4014,360 4070,388 4109,371 4134,388 4155,371 4180,395 4218,395 4222,300 4165,289 4155,300 4123,304 4102,282 4081,293 4052,268 3996,275"/>
                <Baseline points="4016,358 4052,352 4142,358 4231,346"/>
                <TextEquiv>
                    <Unicode>ne</Unicode>
                </TextEquiv>
            </TextLine>
            <TextLine id="tr_1_tl_3" custom="readingOrder {index:2;}">
                <Coords points="3590,494 6178,540 6174,402 5683,321 4165,420 3918,307 3590,409"/>
                <Baseline points="3611,453 3700,459 3790,453 3879,453 3969,453 4058,453 4148,453 4237,453 4327,453 4416,453 4506,459 4595,465 4685,471 4774,471 4864,477 4953,465 5043,465 5133,471 5222,477 5312,477 5401,483 5491,477 5580,477 5670,477 5759,471 5849,471 5938,483 6028,489 6117,495 6183,513"/>
                <TextEquiv>
                    <Unicode>at's her    the  -</Unicode>
                </TextEquiv>
            </TextLine>
            <TextLine id="tr_1_tl_4" custom="readingOrder {index:3;}">
                <Coords points="3562,692 5291,699 6065,830 6036,582 5800,667 5620,558 4974,642 4324,540 3558,597"/>
                <Baseline points="3581,632 3670,644 3760,644 3849,644 3939,650 4028,650 4118,650 4207,650 4297,656 4386,662 4476,674 4565,674 4655,686 4745,692 4834,692 4924,698 5013,704 5103,716 5150,698 5150,698 5240,698 5329,698 5419,698 5509,698 5598,698 5688,704 5777,704 5867,710 5956,716 6046,728 6070,728"/>
                <TextEquiv>
                    <Unicode>tied de ik s ein Unk derisf</Unicode>
                </TextEquiv>
            </TextLine>
            <TextLine id="tr_1_tl_5" custom="readingOrder {index:4;}">
                <Coords points="3590,1024 3922,928 4137,995 4243,928 5990,992 5987,907 5489,777 5182,882 4324,745 4098,865 3583,777"/>
                <Baseline points="3605,877 3694,889 3784,889 3873,889 3963,895 4052,901 4142,901 4231,907 4321,913 4410,919 4500,925 4589,931 4679,931 4768,943 4858,943 4947,943 5037,943 5127,949 5216,949 5306,949 5395,949 5485,943 5574,943 5664,943 5753,949 5843,960 5932,966 5998,966"/>
                <TextEquiv>
                    <Unicode>avec le Concilio Nesi et Fangéon</Unicode>
                </TextEquiv>
            </TextLine>
            <TextLine id="tr_1_tl_6" custom="readingOrder {index:5;}">
                <Coords points="3488,1214 3908,1140 5390,1218 5577,1334 5704,1221 6156,1267 6153,1151 5793,1066 5662,1161 5359,1006 4857,1130 4511,1031 4289,1119 3481,1055"/>
                <Baseline points="3503,1134 3593,1134 3682,1134 3772,1140 3861,1134 3951,1140 4040,1145 4130,1145 4219,1151 4309,1157 4398,1163 4488,1169 4577,1175 4667,1181 4756,1187 4846,1181 4936,1181 5025,1187 5115,1181 5204,1187 5294,1193 5383,1199 5473,1205 5562,1205 5652,1211 5741,1217 5831,1217 5920,1223 6010,1223 6099,1229 6165,1235"/>
                <TextEquiv>
                    <Unicode>bei wenn an eben, d eine, eben in</Unicode>
                </TextEquiv>
            </TextLine>
            <TextLine id="tr_1_tl_7" custom="readingOrder {index:6;}">
                <Coords points="4833,1331 4903,1334 5002,1288 5097,1331 5157,1310 5214,1331 5274,1303 5323,1324 5359,1310 5436,1359 5486,1352 5482,1278 5397,1239 5316,1260 5203,1204 5111,1218 5062,1197 4995,1250 4886,1207 4829,1214"/>
                <Baseline points="4852,1283 4942,1283 5031,1283 5121,1283 5210,1289 5300,1295 5389,1301 5479,1307 5491,1307"/>
                <TextEquiv>
                    <Unicode>on a</Unicode>
                </TextEquiv>
            </TextLine>
            <TextLine id="tr_1_tl_8" custom="readingOrder {index:7;}">
                <Coords points="3474,1454 4924,1440 6202,1560 6117,1366 3459,1221"/>
                <Baseline points="3485,1360 3575,1366 3664,1366 3754,1372 3843,1372 3933,1378 4022,1378 4112,1384 4201,1384 4291,1390 4380,1402 4470,1402 4560,1396 4649,1402 4739,1414 4828,1420 4918,1432 5007,1432 5097,1432 5186,1432 5276,1432 5365,1438 5455,1444 5544,1450 5634,1456 5723,1468 5813,1480 5902,1492 5992,1504 6082,1510 6171,1516 6207,1516"/>
                <TextEquiv>
                    <Unicode>a Testament J et Nachwohl abholte.</Unicode>
                </TextEquiv>
            </TextLine>
            <TextLine id="tr_1_tl_9" custom="readingOrder {index:8;}">
                <Coords points="3516,1613 4137,1603 4398,1716 4624,1666 4960,1754 5482,1680 5655,1737 5609,1486 5411,1553 4847,1514 4649,1596 4321,1468 3509,1490"/>
                <Baseline points="3533,1563 3622,1581 3712,1581 3802,1587 3891,1593 3981,1605 4070,1605 4160,1605 4249,1611 4339,1617 4428,1623 4518,1629 4607,1629 4697,1641 4786,1641 4876,1647 4965,1647 5055,1647 5144,1647 5234,1653 5324,1659 5413,1665 5503,1671 5592,1677 5664,1677"/>
                <TextEquiv>
                    <Unicode>na sie.. blaß wiegt - de by</Unicode>
                </TextEquiv>
            </TextLine>
            <TextLine id="tr_1_tl_10" custom="readingOrder {index:9;}">
                <Coords points="5539,1793 5595,1776 5712,1811 5807,1804 5863,1836 5895,1814 5990,1860 6061,1825 6029,1599 5987,1624 5870,1634 5846,1659 5704,1641 5669,1680 5627,1673 5602,1694 5524,1677"/>
                <Baseline points="5550,1748 5640,1760 5729,1778 5819,1790 5908,1808 5998,1814 6070,1814"/>
                <TextEquiv>
                    <Unicode> Dieu,</Unicode>
                </TextEquiv>
            </TextLine>
            <TextLine id="tr_1_tl_11" custom="readingOrder {index:10;}">
                <Coords points="3558,1889 6089,1980 6082,1874 5793,1800 4953,1853 4571,1719 4360,1811 4063,1705 3548,1705"/>
                <Baseline points="3575,1820 3664,1832 3754,1838 3843,1838 3933,1838 4022,1844 4112,1838 4201,1832 4291,1844 4380,1850 4470,1850 4560,1856 4649,1856 4739,1862 4828,1874 4918,1880 5007,1880 5097,1886 5186,1892 5276,1898 5365,1898 5455,1898 5544,1915 5634,1915 5723,1915 5813,1927 5902,1945 5992,1957 6082,1969 6099,1969"/>
                <TextEquiv>
                    <Unicode>prottet in them but - tt</Unicode>
                </TextEquiv>
            </TextLine>
            <TextLine id="tr_1_tl_12" custom="readingOrder {index:11;}">
                <Coords points="3558,2090 6252,2242 6245,2030 5980,1984 5348,2086 4028,1942 3823,2054 3555,2033"/>
                <Baseline points="3575,2077 3664,2083 3754,2089 3843,2089 3933,2089 4022,2089 4112,2083 4201,2083 4291,2094 4380,2094 4470,2094 4560,2094 4649,2094 4739,2094 4828,2094 4918,2100 5007,2106 5097,2112 5186,2112 5276,2124 5365,2130 5455,2136 5544,2142 5634,2142 5723,2148 5813,2160 5902,2172 5992,2184 6082,2196 6171,2214 6261,2220"/>
                <TextEquiv>
                    <Unicode>reiche nicht ausbeweige, daß habe</Unicode>
                </TextEquiv>
            </TextLine>
            <TextLine id="tr_1_tl_13" custom="readingOrder {index:12;}">
                <Coords points="3509,2376 3894,2330 4282,2418 4494,2340 4723,2457 4967,2362 6178,2467 6174,2390 5726,2280 5553,2355 5140,2238 3505,2234"/>
                <Baseline points="3527,2327 3616,2327 3706,2327 3796,2327 3885,2327 3975,2321 4064,2327 4154,2327 4243,2327 4333,2339 4422,2339 4512,2339 4601,2345 4691,2345 4780,2351 4870,2351 4959,2357 5049,2357 5138,2363 5228,2369 5318,2375 5407,2381 5497,2381 5586,2387 5676,2393 5765,2399 5855,2399 5944,2399 6034,2411 6123,2423 6183,2435"/>
                <TextEquiv>
                    <Unicode>eben das iure dgewies in F und nie</Unicode>
                </TextEquiv>
            </TextLine>
            <TextLine id="tr_1_tl_14" custom="readingOrder {index:13;}">
                <Coords points="3512,2573 6093,2715 5987,2570 5570,2612 4794,2429 4483,2506 3505,2478"/>
                <Baseline points="3533,2560 3622,2560 3712,2554 3802,2554 3891,2554 3981,2560 4070,2560 4160,2566 4249,2566 4339,2572 4428,2572 4518,2578 4607,2584 4697,2590 4786,2596 4876,2602 4965,2608 5055,2608 5144,2614 5234,2620 5324,2626 5413,2632 5503,2638 5592,2638 5682,2650 5771,2650 5861,2656 5950,2656 6040,2656 6099,2650"/>
                <TextEquiv>
                    <Unicode>nd deobre beinete. N is</Unicode>
                </TextEquiv>
            </TextLine>
            <TextLine id="tr_1_tl_15" custom="readingOrder {index:14;}">
                <Coords points="3541,2909 3717,2824 6160,2948 6029,2796 5535,2813 5267,2711 4991,2845 4730,2679 3534,2718"/>
                <Baseline points="3557,2823 3646,2817 3736,2811 3825,2811 3915,2817 4004,2823 4094,2823 4184,2823 4273,2823 4363,2829 4452,2835 4542,2847 4631,2858 4721,2858 4810,2864 4900,2870 4989,2876 5079,2876 5168,2876 5258,2876 5347,2882 5437,2882 5526,2888 5616,2894 5705,2894 5795,2900 5885,2912 5974,2924 6064,2930 6153,2942 6165,2942"/>
                <TextEquiv>
                    <Unicode>sel verlagt halle... Um in geschon</Unicode>
                </TextEquiv>
            </TextLine>
            <TextLine id="tr_1_tl_16" custom="readingOrder {index:15;}">
                <Coords points="3555,3099 5736,3170 6167,3279 6153,3053 5983,3096 5828,2976 5415,2923 4907,3061 4091,2831 3551,3011"/>
                <Baseline points="3575,3061 3664,3067 3754,3073 3843,3079 3933,3085 4022,3091 4112,3097 4201,3103 4291,3103 4380,3109 4470,3109 4560,3115 4649,3121 4739,3127 4828,3133 4918,3133 5007,3133 5097,3133 5186,3127 5276,3133 5365,3133 5455,3139 5544,3151 5634,3163 5723,3169 5813,3181 5902,3187 5992,3199 6082,3211 6171,3217 6177,3211"/>
                <TextEquiv>
                    <Unicode>the imitabes ad. daß is no</Unicode>
                </TextEquiv>
            </TextLine>
            <TextLine id="tr_1_tl_17" custom="readingOrder {index:16;}">
                <Coords points="4924,3248 5186,3241 5323,3308 5387,3269 5546,3318 5722,3308 5712,3177 5680,3170 5595,3226 5549,3195 5316,3226 5196,3170 5136,3209 5002,3184 4921,3205"/>
                <Baseline points="4942,3234 5031,3240 5121,3240 5210,3246 5300,3252 5389,3258 5479,3264 5568,3276 5658,3288 5729,3294"/>
                <TextEquiv>
                    <Unicode>no wisable</Unicode>
                </TextEquiv>
            </TextLine>
            <TextLine id="tr_1_tl_18" custom="readingOrder {index:17;}">
                <Coords points="3509,3396 4529,3378 4773,3512 5411,3431 6036,3491 6029,3315 5634,3378 5472,3290 4504,3244 4194,3318 3834,3163 3505,3251"/>
                <Baseline points="3529,3352 3622,3354 3712,3354 3802,3354 3891,3354 3981,3360 4070,3372 4160,3372 4249,3372 4339,3372 4428,3372 4518,3372 4607,3378 4697,3384 4786,3390 4876,3384 4965,3390 5055,3390 5144,3396 5234,3408 5324,3402 5413,3408 5503,3414 5592,3420 5682,3425 5771,3431 5861,3443 5950,3449 6040,3455"/>
                <TextEquiv>
                    <Unicode>tell nu q. a.t tiel d in is 2</Unicode>
                </TextEquiv>
            </TextLine>
            <TextLine id="tr_1_tl_19" custom="readingOrder {index:18;}">
                <Coords points="3537,3597 4455,3781 4755,3689 5457,3777 6019,3714 6012,3516 5602,3466 4240,3537 3964,3421 3534,3523"/>
                <Baseline points="3557,3587 3646,3593 3736,3599 3825,3599 3915,3599 4004,3611 4094,3616 4184,3622 4273,3628 4363,3628 4452,3634 4542,3634 4631,3640 4721,3634 4810,3634 4900,3640 4989,3640 5079,3634 5168,3634 5258,3634 5347,3634 5437,3640 5526,3646 5616,3652 5705,3664 5795,3676 5885,3682 5974,3688 6028,3694"/>
                <TextEquiv>
                    <Unicode>Nest gavin w - Testar unem</Unicode>
                </TextEquiv>
            </TextLine>
        </TextRegion>
    </Page>
</PcGts>
