6744 4216
446 277 662 475 xx
371 461 803 777 619
738 536 2861 986 chez Jeunes - de et seul
536 813 885 946 einte
435 810 2940 1162 gepacht halte, und nie mit rei¬
403 1065 2904 1335 thestel Hides, sewer schwend
335 1278 2901 1637 Morte. Novem des Moutes - une
363 1504 2991 1789 a wilde marie & with us with it
363 1745 3160 2026 I have been woll, with him had
345 1965 3059 2346 an it fell at Liebe p. thild
378 2213 3120 2620 a  ue ue in de K. A. de
371 2512 2764 2890 Rild we dine, Ihnen
349 2731 2757 3156 vigt werde sehre Münch
381 3023 3052 3469 wieve seke man, waar in
446 3401 2922 3779 sich bergicht. - und, ledg
421 3739 2883 3977 be pd in and de/s in lot
3764 230 4128 414 6 in
3782 385 6233 720 - die uitan - und auf - in
3455 349 3782 612 61 - 6
3440 601 6345 957 in Stelle auf de einer, die Woh
4830 813 5204 964 with
3502 849 6125 1267 t il mit les M. bez. zeigt
5690 1033 6427 1321 Tillah
3466 1152 5607 1483 " middel  de du mil
3530 1368 6251 1645 kleinere. Les cootes & Fichungen
3581 1533 6247 1857 itre huijam 2 [4] l'Hv.üge
3602 1763 6492 2094 le bes n'est-il devenu aussi tolu.
5409 1947 5992 2116 1658 646
3635 2012 6366 2364 Aul de passés  Fol
3606 2289 6258 2620 Therex. of woll and (da eul
3502 2494 6237 2836 b 1 i d Soh cvoll i Soh
3512 2757 6309 3102 d. von. d in Stiongeweldt
5211 2965 5391 3135 in
3559 3019 6172 3340 n'est sur les feil. c'est hveri.
3613 3325 5459 3610 uszuweit sei.....
