6888 4408
6280 302 6704 586 :&c
3747 363 6384 672 Also konnt die zullendt so eine
3743 593 6535 887 Procisig telldelle bring - (bejled
3980 780 6294 1114 Oh da kisstiall  at.
3718 1002 6337 1362 wch in j ece beie ctoi Siiging
3733 1286 6326 1570 A Nacht ri...  Mr Sani.
3743 1541 6431 1760 it was at j.C.ben kenaaste then
4045 1742 6603 2023 Je est ebe cfichlich : -ein Übere
3776 1969 6574 2227 et vertes il. vieleur veuvel
3718 2163 6305 2472 No die.......   Un erbelachtert
3786 2371 6542 2734 Seit Ihr Frutgehrsäumt; fort prifen.-
3747 2608 6488 2888 Ahr a Heil hebt uit eieren. Et en
3779 2799 6660 3133 The Betrib behallet. 1.in ue. i well
3797 3100 6607 3431 is will get retor...  N.Y.
3765 3284 6330 3585 &c. He is to his part. He had
3815 3485 6280 3837 Coll... I had sent jn't jicar
