6840 4408
2773 199 3091 392 24
5472 245 6241 399 cune autre.
6398 178 6636 465 at the
3105 255 3346 538 565
3703 336 6377 584 Das nicht freilich nicht als holl der nach der
427 381 3108 608 Stuive... Ea hatt in das wohl gethan.
3730 510 6416 748 das gegenst nicht an diesen wurze Antheil
420 626 3203 794 Monstraal nur... wie in Augenblick, in
3720 650 6437 899 on der ebe vie Hulteil on der H = Sir.
364 867 3126 1014 dens ici  nicht un conpte, inder au
3790 839 6241 1059 dawit i u al hettd he do it
409 944 3154 1262 wul in zweite, daß es nicht ein
3765 1010 6286 1280 gezeigt – in u. d. domstöhlen in
423 1189 2965 1409 ehr Sohn war, werden in all der
3772 1220 6356 1493 Omteil im 4c Sen al mit
468 1304 3038 1636 erlebte; - und daß in i deren Herren
3786 1437 6279 1685 a eb nd tran de Bde a
479 1556 3122 1832 eliger mitschnäus, den es. Erbarte, die
5360 1591 6129 1759 are well
3751 1675 6164 1989 wozlicht - abe. on dem
455 1762 3066 2066 Ihr; - wen esch, und u üble beym
3818 1881 6468 2122 Cutionl - nicht dejenige Antheil.
444 1940 3220 2252 me cette arlett, noch à billeur
3814 2042 6433 2367 Was He, A. Nov. next last last were
479 2161 3161 2458 und wie sie seit seid auf empfe;-
3779 2269 6258 2608 eine - je. de cril bati gnedi
528 2444 3199 2668 ecopfer né imer nieres geben... etc
479 2594 3297 2884 [illegible] 1 shild... Cbe in Aber
3758 2535 6255 2874 in de joyen Ungerechte in mai jan
4804 2710 5629 2881 Wm Cusnerts
580 2734 3189 3101 Seitall des geboren - a ne hebbe hin in
3821 2731 6412 3087 Uwisinsherd phet ne - die
552 2975 3150 3234 ihren Wissen weggeben und Selten
3800 2968 6297 3276 Uwcht le teilich de Ableit.
1636 3136 2294 3293 in which by
3797 3171 6576 3521 che cy  - Iit-t-il. de ceux
615 3255 3255 3451 hilert. daß in einer bereit uns ihresige
619 3398 3014 3598 doetl.. als...    at half in eie, de
3825 3391 6297 3696 2i der som hangenble at fehir
633 3626 3115 3811 Une plöst. ich in ihre Frist wiszogel
3821 3584 6367 3912 u. durch dies kein in heil überlie
1615 3741 2811 3944 in wir unterhiertlicht.
