6728 4136
381 145 635 348 175
6179 160 6462 428 1&4
2966 312 3329 522 1822
3590 272 6263 620 blunde Tr in Pala Veibis - diese
381 326 3035 685 allischten in Thitel habe, oud or
3597 486 6426 776 Junglei, in Beubour. A bouwil
388 606 3206 863 v/d Uulegte
3550 747 6273 1026 a été bien avec ici
348 772 3122 1081 betheift: alle übrig aus;  als waren
1008 968 1722 1124 hout en
3557 975 6281 1266 aufbrückte zweiten, Ja
334 1041 3242 1367 neo me yent ih klingheit it libulege
3546 1208 6237 1501 die stal hos blaien Landhaft in
334 1298 3046 1545 teit un jeode avec cher Freul
725 1490 1160 1628 I am to
3637 1360 6382 1672 Huiten em Lernen op beverst
334 1527 2038 1777 1. Même et si né
3652 1617 4134 1795 denr j
3586 1650 6205 1915 in die Thild uit
432 1693 3079 1984 Uar dun Freie blieb, in hollant
1048 1893 1287 2031 in
3644 1860 6143 2165 suslichen (iung) aufzällliche
366 1958 3122 2219 we jegleich schweigliche Leise, auch wie
3579 2078 6310 2328 sition als it, theren, in vellen
384 2161 3173 2393 nehier welch allen zisam wan; -
3597 2288 5911 2538 aller and lebend wichon.-
352 2397 3021 2665 is all it Sibwesenheit, u all its ge
3652 2513 6179 2818 (Esbernd un viel, et trag en là - ougesch.
355 2611 2912 2850 will pouleneor Sympathi
3702 2669 6172 2992 is he is in orilen Lebe..- 200 fl.
548 2796 972 2941 a selv
417 2857 2542 3166 Heren: - Sie wegen gefühle:
2531 2890 3003 3090 and
3634 2937 6012 3191 auf Gefahr zum Welt!
3822 3104 6078 3358 (Sei yand 1i Thild) Cetoht deiit ne
344 3093 2930 3372 at time I was
3895 3293 5980 3594 Alf Wegeg- mit. Mitte bemeht u
417 3318 2774 3583 fiblt in witt rue m k mehr
355 3485 3140 3771 de Pave u de Rornhich in de Ruin
4613 3485 6041 3742 (cope emt woll eenen
3818 3575 4431 3742 in me a
424 3670 3021 3920 on den til andre var wie vor fleeft brud
