6696 4152
859 302 2618 581 - On 31 for lettre geten
681 504 1085 772 sert.
869 594 2134 848 all - little... All.
3584 170 6226 508 622 eie, daß schon in Worte 2
3619 407 6334 727 Mollchen die Schicht ausgepracht.
3608 647 6240 1012 hatte, laut und de Verleiden
5093 834 5729 984 e S
3598 893 6122 1213 tot sein Tochter auf Uilenitge¬
3643 1123 6177 1523 Schn - und und - wenn auch
3640 1324 6341 1679 dei Eullins, - daß auch das
3640 1533 6448 1940 schwerte Vertrachtung mit Thilda
3716 1759 6368 2096 reibes überbricken war, (fiel
3626 2065 6372 2413 it is, ihr auf Herz2
3591 2378 6056 2715 at we daf he ist une
4641 2534 5545 2701 viborend
3643 2632 6316 2920 viel bekant einan werken.
3626 2896 6428 3261 als gled noit wsher in Loopsa
5638 3097 6365 3424 Rochweg
3678 3222 5649 3452 werk ne nl oul de
3709 3466 6226 3740 die Straper mai hans à ont du
