6600 4040
736 244 3115 574 In Baffekowen - im 11 ich krvoll.
438 502 1894 784 2 - id tstell, Am
750 607 2735 937 It is in Mr lebe -
645 787 2684 1066 sotre! - (Triste café).
529 998 2634 1307 - Espellit gut -  Sut il mon
468 1262 2355 1581 Will a it with etc...
574 1476 1622 1697 At.ven. - -
699 1598 2393 1799 I - d toel - geheiset.-
937 1734 2369 2002 Vollken dürfte...
1432 1928 2053 2111 5 - Magi
767 2040 2919 2321 Till in die er sehr? - Major.
601 2206 3044 2433 sint – was ist wil dem? - I hagor -
882 2596 1639 2800 in abd.
930 2691 2773 2959 Gel hant good: to be telll
764 2898 2698 3194 Ei hont. Ne Lebt to it or
808 3180 2135 3407 I will be had.
3557 183 6200 468 Mollinmal und dritten unter und
6272 200 6462 465 ¾
3519 360 6177 679 no in year, but see but it is for
3523 601 6248 787 I will be it work a wollte. She per- but
5698 733 6234 920 en soll. —
3740 733 6231 1011 (Erdichlt....) - D. Lillnonturptt. - Änd
3716 926 5834 1222 1 Alfred, Silv. -    Ent 40:- 0
5732 1096 6373 1310 I am Sir! -
3621 1181 3791 1374 -
3855 1188 6204 1473 Agnes - Totiph - Absistert wil
3638 1385 4398 1622 Cen werke. –
5634 1381 6082 1660 Tob
3920 1568 5179 1816 bre tres uny a tibuis.-
3923 1775 5410 2165 in it on which gab.
4154 3567 4697 3825 in a
