6728 4200
300 338 610 561 600
655 394 3135 620 civile me - in sullant if i
1296 599 3125 833 I - stellle uit en je la
620 613 1171 836 with
1108 763 1575 958 I must
662 829 2902 1056 frans lequel ils ou par nous de
683 986 3191 1209 at one in a one du Eletum
679 1219 2919 1439 dee you in Eelihin and between
644 1369 3264 1599 voliocion wt sut tracht.
672 1557 3233 1885 Un d atte h du Un ége
683 1853 3048 2080 to me, a pen will
714 2003 3160 2379 weit. daß die Maum, dere
770 2223 3167 2526 cie in u colch boszentunden
763 2404 3055 2700 erneuert.  Er weitlich Leben
728 2620 3153 2968 keit ws i a fte tt, alle
662 2864 3121 3254 et nd int voort  zu les deux bild
854 3076 3038 3484 the "Glom. Shaller"
885 3327 3195 3661 onverände bewegte, des
916 3588 3236 3811 Stimme, - ud at een Tage
6246 268 6480 435 60
5236 268 6466 533 in colite korbenlirch
3672 324 6163 624 the lebeant si weile in seltsome
4079 533 4309 648 n. I.
3630 561 6386 854 habenheit in ihr aufklär. (wahre
3564 829 6285 1212 avec joge ouitionnne blieben
3620 1028 6403 1279 me. Ritand der tode (ou inticien
3588 1244 6389 1557 datin justiculiere) Ristard; - und :-
3602 1470 6149 1815 Ses eerste zulge Mort Salz, den e
3627 1731 6306 1996 er Oben I tann, Sie dankt eine istragen
3679 1937 6020 2212 ohne epallesten Shwerz; oder
3696 2174 6278 2470 I toon,  o wie in wir abeglant
3661 2411 6333 2693 ne ihm, ihre Anlage nach wir, - Ihr M
3634 2606 6232 2909 jurez et deux de S'un, ob ce-il
3609 2892 6062 3142 nicht in solche Art gewesen
3647 3121 6278 3376 eigeel, ob er nimttnef, at
3620 3372 5849 3647 es ih nicht et eige bald sind
3620 3602 4557 3825 antwortig.
