6952 4216
6124 132 6423 403 e5x
4072 189 4336 363 ble
3071 253 3306 463 FJ
3570 278 6163 584 in the Fliver,    weg omt
360 314 3139 609 Mieux fodzigste - Et lephun
4995 484 6156 709 du III a cet
3591 520 4941 802 lieue - schitin
367 563 3071 869 en del Ldv. huit
3555 702 6348 1019 sellet he le be ouwalt up
349 809 3181 1136 marschlaf zu sein -
3527 926 6224 1250 er in leren; daß sie will las.
210 1069 3035 1368 b nimme auf de Liv. bis
3570 1183 6302 1486 ... Es apr weite... de piedeté c'est
406 1290 3278 1621 und gleich erfort ein...
3584 1382 6170 1785 Cigarettar. Nur jetzt ist ei. -
417 1557 3039 1885 Es euehle, daß H.r.c.d. Ruven
3701 1646 6306 1995 Hastand k ind so kalt i-
395 1817 3085 2102 der Herr nicht zu befrülltete
3602 1881 6384 2280 treue gleschilfe klang un ou¬
5244 2077 5579 2227 lic
452 2002 2932 2358 erklach i d trittu. Toft
3726 2159 6277 2490 veralleen; - es klaas ds un
3648 2362 6131 2704 in ante heyl - Mortenjez
367 2326 2985 2661 et je me ses, in de weil W, ne
456 2636 3117 2932 paul in vnbracht: - lege
3819 2650 6551 2971 Hast auf in keu furt, hätte.
509 2878 3035 3196 int une ci-mois, auf de obi
3808 3188 6224 3456 D ce p  été a  Nout et gager
403 3117 2886 3570 tin Hlufen, - u w
3769 3409 6270 3762 yor 11.4, wo M e heim
385 3481 2900 3812 a wertil tog were fort
