6760 4200
403 344 2997 596 619 halle.  He is in
307 592 3252 818 hall & town elver inbreilet - er
303 803 3027 1073 day with us; in it Heir
377 1062 3252 1339 val a cet être, huit de d. Hon
337 1276 3219 1591 in very als sofor & verstandge
359 1547 3075 1898 ein Biel & machen einlief.
592 1809 1802 2083 Aber mihi
659 1942 3186 2250 Le tout une vieuse chelesfra, ats
540 2153 3212 2486 I wokken til here schon vereret
503 2427 3315 2664 2m Beulerbereich en cas, - diese
585 2608 3289 2975 je s'est is in. N'en sie
511 2864 3326 3223 und in unter Verstand in Frage abholl,
462 3090 3138 3441 de viand weil thefeue til we
481 3382 3219 3733 la vu; - crin nd pu wa en deut
6205 237 6556 459 1610
3530 340 6508 699 kein Opecellinistels de e weil ich beruchte
3578 644 6423 973 in de ick beffah een weider gerell tat
3559 881 6434 1280 thiles in & Maltolfeiter:- nachher
3637 1214 6220 1487 was sie diese nicht nicht zu la
5920 1436 6486 1658 in H ln
3522 1436 6468 1732 & lebendoms an, und sie laßen
3611 1695 6357 2050 in einem betaglicher Geschweren,
3574 1972 6434 2187 zu können; - warten neben - ein Herrn
3593 2161 6438 2494 Reforgenter beweisn, -gleiderten
3537 2405 6375 2727 are be [illegible] but
3556 2694 6090 2997 I am 9 loin large at 6:6
5317 2882 6268 3052 &c not auglie
3600 3008 6308 3230 u leige da/6 bis hi noit
3589 3189 6331 3437 brur wilen ald letzte Mal-
3611 3485 6086 3822 Enqth Ehrtte in der
