6904 4392
6450 363 6724 659 & 46
3759 331 6467 648 bevulel tell; xxx
3103 419 3339 754 "5"
497 479 3089 817 am konnten
3769 592 6351 930 ihn, in weiln Tode, me seilen
1458 680 2578 909 ou de lutte de
440 771 3139 1022 ein Kinde so würden es selben.
3780 814 6407 1159 et Erfoden. Du zur ein Selick
5245 1029 5777 1243 it is a
458 1071 3068 1356 l'est; - nellenttine cidée
3787 1078 6552 1388 en welch wenn Ritair in
440 1268 3135 1575 At 5 Welken &
3794 1279 6436 1564 F a - u d I le co du. Ruf, I
1920 1476 2142 1596 2d
3773 1504 6545 1779 - zu selben C uin au Mittein - de
532 1553 3311 1888 ne verclorts oude M neh sein.
3741 1779 6467 2099 da er zudem, - und der ich den erst
518 1804 3093 2096 so was... der Kirche de cecor
3685 2043 6302 2304 bel... etend cuitat in it
483 2054 3269 2409 Reu, u ue es ocweill...
3709 2321 6217 2649 tehle geloffen aen huis. et
571 2392 3139 2670 Während sie in uel kirche
3681 2536 6288 2843 en Trot, et a huvenor..it
553 2649 3301 3022 dull ich u. die bey schloßen.
4526 2797 5509 2948 in in hundert i nog
3685 2867 6517 3142 at: - Undeblid is hier
546 2927 3294 3202 critice he will then.
3910 3103 6355 3406 i. Und.. selle - fur, wenn - veran
507 3202 2867 3487 a nt me di hulleor in
3748 3339 6348 3614 bene ces tres at the de Sibamge
588 3498 2800 3716 so wee in in je lebt gerel
3727 3575 6407 3924 -alle in usut ou hev t un
680 3755 3153 3998 I auch " andre, die in l Leb nel
