6776 4152
6140 229 6501 482 12.8
2888 272 3263 536 695
1204 375 2780 608 bem Brulzistich
3635 311 6336 625 irnielle et en trist. die jusz. Davie
375 450 1494 683 Vereils/en.ir
450 615 2863 858 in dem erweich. und in den e
3627 579 6504 983 (mit due in fest wee wil Hofs wesphal)
390 797 2702 1047 merk un cire été de tuece
3635 886 6372 1133 lappetichen; — und im
411 968 2770 1326 see les son is d. Welt Herr Onkel.
3645 1065 6283 1344 was er mitzuttert habe. Alls ten
411 1222 2955 1469 I. Cabelhoft von vor.. He ist in dem
3656 1265 6415 1580 Oußheit... Theren huvel will ande
1258 1379 2637 1544 my wich. le
468 1487 2662 1698 1g uest ou hôft. et on sy ai d'o
3649 1547 6272 1830 St Willfahre, Karl, ande
504 1651 2573 1891 wets pr  vous tous
525 1801 2859 2069 und uns onthso Hof
3649 1819 6211 2080 unbebereit die Blad wy at de
554 2069 2730 2298 das gesicht verlass. und
3656 2073 6254 2309 dres les âtres à il imbe, de son
572 2273 2766 2494 Acten zu frei wd keinweiten
3656 2319 6286 2602 rechepe, wie in nicht zu per¬
558 2484 2680 2673 ver hei wie uns, um ein
3702 2548 6129 2773 zu mirken -, wo kann sch c
536 2662 2580 2905 is in that wer tl outil
3685 2798 5968 3095 mit den 1 twicht etlei im-
522 2838 2752 3123 Nun Nein in Anbetr. nicht keinen
3710 3056 6104 3359 ob in Graf 4 uitme, by
515 3109 2748 3341 um.  Besch zu Beisebert - den
3713 3288 6200 3552 &... He is to be, der bicupertent
432 3284 2652 3538 al Verbreicnisse in Rthl. -
4335 3470 4764 3567 nunt
590 3506 2641 3738 bet in.. 200 ft. 0.12 -
3660 3545 6501 3845 tat de Freibre; - ou  de Londres
575 3695 2670 3942 Nes über zu. Verh. die in i
