6744 4200
1526 365 2998 675 Sie ihr Oelfan
522 368 1376 675 Rld..
500 650 3120 918 bes tand de komt... Et qu'il
511 915 2995 1237 de Artur J n'est-à-
529 1226 3123 1469 [illegible] the date.. 1st have
465 1390 3191 1858 were glaub, but there
636 1708 3152 2134 Tis høl je ne bevoi sj opall
568 1994 3031 2455 gebebt. but ce wok No. Et.
561 2269 3163 2605 Wint he
540 2577 3120 2877 Ich nie mankeit noch soort er
554 2813 2995 3113 Ich in Antwerp alle heil
643 3148 1522 3470 Julien
683 3345 3013 3617 Noch weil in he
450 3577 2930 3935 2 Bibl. nd geliebt fern
3567 236 6336 507 Tuble - and you seeude we in
3502 493 6190 718 einen sehen muß, wie sich zu
3517 665 6358 1019 sind. M sein ließe Tubernehm
4163 879 5843 1065 with be given than
3502 986 6100 1222 mein dar- und lah, und
3581 1151 6361 1522 Ulhielpael - und..d.... m. Alten
3524 1419 6393 1751 in den selbe schrte sehme. Nein
5614 1669 5797 1780 n
3545 1658 6254 1987 We willsein kea  20 plot
3520 1948 6272 2259 w. 10 allmärt. at. ein all jungs
3574 2116 6276 2598 Hegeslet 6/6 p al.. at man
3559 2452 6386 2859 der Zeit fliebte Ehe. und für z.
3531 2809 6236 3034 erstatheit vor ein Leben mit
3552 2988 5157 3295 ke micht gewese
3788 3220 5686 3542 be the first esu that
3777 3495 5711 3777 a-je-t-la e la in-
