6856 4152
3834 286 6415 626 erfülle. Da wer ne un
412 308 3211 737 VErnthe - daß ne sta on
3798 587 6505 999 relb schul ludim hui.
372 669 3218 1060 der zig Fleiert/hnt Geln
3691 870 6491 1257 was in u nel wd - und to
494 1020 2638 1357 da... is klingelt
3716 1235 6602 1525 dof we ne dei sceil, at. une
755 1307 3000 1607 - Je diese ayentait leur
3730 1468 6576 1801 poules. et ceci copitell
476 1568 3050 1897 Herr hollten ein; - m
3741 1722 6369 2123 das  ses j ai si jeune livre
458 1858 3050 2195 tell it can't klag get -c
3777 1994 6569 2456 an se Obe. Je Ering- und au
458 2127 3050 2495 halt c. Wohn, Ausl.
3766 2313 6508 2635 at aller selfe aime tuhé
498 2370 2971 2692 hald wir es soll in Woben
2084 2635 2359 2900 -
2545 2642 3097 2868 Cob ex
3755 2624 6390 2979 ni cet cuilug em-
576 2656 1969 2954 que je Vyf
5832 2817 6394 3000 reich
473 2921 3122 3211 de letzt Werk gebart hal.
3727 2928 6276 3261 all Herr winter, der
469 3215 2825 3490 me - if ma it hewel
3798 3190 6451 3533 rie gevasals nulans
494 3494 3129 3823 Org werken; -
3816 3469 6530 3884 ne prenfalt da die p’ toll
