6792 4136
6114 139 6501 391 & C 2
2967 256 3270 445 563
3686 241 6147 584 sauf de leel selve e
402 372 3070 595 Ils sont les sis faits avec ici en c
3676 496 6154 734 int  ein st wercidin en
380 518 1285 869 fort, rest
1938 697 2230 829 it of
3654 679 6355 996 are there bemerkt litt
434 726 3186 1084 In de  Kost. wegge Vorbe, aashel
4610 858 6077 1099 nennten in lettere, A
3683 986 6088 1281 Ia uniu uit frrheie darbe
474 960 3117 1263 Frang in vulance you I see
3632 1248 6201 1526 in dine da ander je colier na
427 1234 3015 1489 of tham dedierd at een zubiger
3624 1456 6183 1705 in usur monde et
482 1442 3062 1832 Seelenonfarny quath wa
3676 1690 6369 2066 byling.    This befohlen  jorlug
511 1661 2975 2051 (v. gebyl w) begegnet it
1931 1858 3066 2066 debat dujourd
3617 1945 6493 2237 dacht ne noch heinb wit hebtafte
383 1986 3168 2310 weeht in Taf werthne, if i in
3624 2179 6325 2478 Omtheil, as ite sie ihm jetzt
332 2248 3059 2548 der jus he dit daft hin in Ben
3646 2380 6468 2723 Sehlem einzynlaubt.- freilich tat
325 2453 2792 2763 berichte..  geschät es def ei-
3676 2650 6362 3022 ne of domat in wil ihren der
376 2657 2924 3000 yue his her, das ihres in Bils
2599 2876 2931 3059 klein
3697 2858 6205 3179 Kinder der it avec leur
391 2935 3329 3387 berucht. Die Tochter eines Jahrthell
3672 3106 6388 3515 geven wan is in den gelet
409 3186 3008 3544 cie pa tz ausblieb, was I John
420 3449 2935 3730 war. Heeres a  T. J. Eves wert
3657 3373 6263 3796 me it I will yours
3800 3654 4880 3942 duille etre
402 3632 2956 4004 o/ de jesstozd de Choevet
