6728 4120
4378 157 5525 310 Kusauptierten,
6220 142 6484 281 1-10
3723 214 6199 492 Sine Gleichgelligkeit that tuev
2864 274 3231 556 956
460 403 3146 716 Nie selke kam es vor, daß ses fois ean che
3773 445 6199 677 weh; - mit eine Arten übeloffe
1653 606 2241 787 willicke
388 598 3260 1019 Schlerme en huyschou (tufue) Jahren
3798 638 6135 926 fitte en dieh auf der Haus
1486 816 2708 994 a un jeune p cin
388 755 3185 1215 fant; and were sy upettre whom is in
3748 848 6298 1115 futte sie, daß Alfred Vitulle
381 1083 3156 1450 ging nevelter is weit, up theilst
3758 1040 6213 1332 ne life iusticuent as Fagens
360 1261 2900 1575 zube du have des Anleuchtsand
3737 1340 6295 1546 Flicht. Hee darauf verlei und
381 1457 3206 1860 binnen anden Lebes (or der Schickele
3694 1528 6220 1781 an - es komen Tiske der T.en
321 1674 3128 2073 der Familienverhältniss Arthe
3737 1763 6242 2038 gle Vemofly in nt: -ga in illas
360 2024 3171 2344 naten - nur weinesamt vielleicht werde
3730 2009 6192 2259 lon hauttes aenpil ici un
349 2180 3035 2611 davon la, d'yf viele du juge
3758 2187 6049 2458 uoreabile Schumibt nach de
1543 2465 2041 2622 so &c
363 2383 2903 2800 Madite keine Sanart oogelhen
3719 2458 6092 2736 Verschnehre;- und in wort
360 2697 3185 3103 mer, the Juliein (ne) & je fessels,
3748 2697 6338 2968 mit Vorwurf auf m al Bekow
3758 2911 6338 3174 nial a Berntagendst veertiniss
413 2957 2804 3285 ne selt glaubte j fahlen,
3758 3121 6021 3334 doft ne nicht kommt do
2052 3181 3074 3441 (A) Geopon
492 3142 3106 3652 Ihr zor allen ihre einigen
3737 3292 6217 3562 Einfall, in die festung einer
463 3495 3181 3897 Jilligkeit, (itre Ritle), die sit
3773 3541 6170 3808 kennen einzurück, wie in der
