6952 4392
2797 171 3101 339 2c=t
6419 196 6695 475 1621
3782 290 4418 513 furne.
2958 318 3238 555 761
1889 370 2165 674 R.
3856 478 6363 733 Mrs hall is vin aint wlebte. Ein Frau
2860 527 3227 761 16 do
391 653 1736 936 by aett j in -?
3800 705 4422 880 Tisseurer
3835 838 6580 1114 (Lauge nert sehr ne an deesen Abend in art.)
569 831 2797 1090 Ie hel. he C, and wollt nerere
3880 992 6335 1324 We had in  and etleb...  War is al ce
395 1062 3171 1334 ab etiret sein. Dass in d Hlassimme
3828 1166 6646 1582 etwas..besamte zuwechen is verkeurdigt
1848 1215 2221 1373 Ihr im
1030 1254 1428 1397 sagels
468 1275 2941 1582 -nort ce t hautte don - en woll¬
3782 1362 6468 1725 Nun mihalliewe Sote, der ein toch Nrittlung
513 1484 3004 1837 Zeit her... -   Mart
3758 1498 6346 1858 aller; - ein Verhärte, der sich mit Scholthe
3758 1701 6527 2113 Lirve hericuleret, de etehl der inde Polle
489 1715 3203 2015 ament - in rie jus in Hlehieum-
3726 1942 6479 2263 rende, wenn das in ihr gefinde ward, da-
1132 1977 3157 2277 - zum xxx in der oben Amt
695 2075 1034 2291 d
3730 2155 6280 2480 me zu weil iusqu'il s'est dès un in
461 2176 3070 2476 Ede - nel ihr zu Bitten - den
3761 2375 5906 2616 Jugesilengebet lag, wie er
580 2420 2934 2738 de Cijant uort - ui tell to
5888 2490 6475 2675 gerarte
5469 2567 5909 2679 wiran
3740 2598 6472 2860 Zu un rol il fait en ager un ubes
6112 2612 6405 2738 Sec
3674 2742 6266 3014 erkonkt u... Und esiam jemit noch
580 2665 3189 3011 do rrgener - ne ne a Hendroll
3765 2920 6486 3245 lens nicht aber sind,... Jeune tiefe avoir
639 2923 3056 3203 -and galice Agne....  N-   ik
3702 3077 6154 3370 en werken; -  Unebenanlant in
587 3161 2909 3527 bunde joui. og by die in
3713 3314 6276 3608 es jeress wir nicht vnd.
608 3402 3025 3726 statt a-d liep in eine
3765 3454 6112 3733 ne hebte sich enolut dann so ob
674 3681 2881 3954 darf ich selb zweit - ver¬
