6952 4408
6174 217 6464 379 11th
2966 316 3289 577 R S C
6336 345 6608 577 tot
426 419 2966 680 nicht recht, wie de gekunden
3782 463 6700 757 wie ich ne u den letzt Monat vertgebenen.
1577 595 1860 746 our
382 636 3028 989 es nicht wohl dav liege, daß
4079 698 6472 1000 Hukon So to koneo He kon
390 860 3072 1161 war were.. die Eben...  A Hule
3840 948 6655 1194 knepp in der porteron i en i bekend
2323 1066 2635 1194 me
3785 1128 6733 1433 stirbsfall - ne ertielt einen isich xxx
331 1102 2859 1382 wil I Fortsbitt und gan je
323 1323 2955 1624 hier is waren – 2 -. Nun wie er
3748 1371 6597 1621 Überrast - deu de notaire de Verlour
1448 1510 1705 1617 is
257 1544 3127 1852 l'entele - ne fusil a j ullit, un un
3737 1602 6303 1893 def in Belis for a one Iubain of
368 1849 3102 2087 seh erheblud. zeven; - sind for he
3737 1860 6523 2120 botili- et dont in e en jeune tat
393 2109 2973 2323 I be... + abes the...
3789 2058 6376 2334 sas sie al lebeneheil bveitlagt,
2238 2201 3120 2378 Freunden - auch
419 2312 2914 2609 Gewertschaft, ihr lebenswerk
3785 2304 6365 2602 had no hielt Fydam hielt ni
1940 2455 2510 2598 & nibetu
467 2525 3102 2756 Art, welche überlängsgeben waren
3804 2528 6409 2848 samt werden Hand, - daß er
2841 2642 2995 2778 Mr
423 2686 3179 3036 hätter. hatte hatte sie der letter sehr
3748 2782 6325 3039 ne lisent de somme to
1782 2859 2091 3006 befal
426 2925 3058 3212 mousch bengel + gebolf, die Cvrouw
3829 3014 6347 3330 in zart Habst... mir will
1139 3094 1569 3249 selid
445 3124 3087 3429 wil hebben in gegen gep mn
3859 3230 6299 3524 quittert we... He istient N.
478 3366 2940 3671 und von großer pådas talert
3833 3466 6409 3932 bot et Hennung werk, Taf¬
503 3613 2833 3929 on-out-moi.. Ne fusse ulter.
