6760 4168
2794 125 3062 321 61
6206 161 6517 332 1610
2830 250 3133 435 6 11
3612 271 6349 635 bls de fligt - null aber wite will
314 435 3133 735 En vie da andt bel medi- en abgebot
3619 485 6388 828 sgla-benomt de Santé
3676 739 4618 942 or will zitlar
325 699 3001 978 in French atgeholt; - I do we
3644 735 6424 1128 jovil entschiede habe - Montan
332 942 3105 1267 en aiffiller touge moye, en gout
3665 996 6206 1342 sichll Reien wohl, daß wir
4297 1221 4875 1385 Gche
343 1203 3105 1417 trits de fuge, de    ein
3654 1242 6477 1542 elui sont élémente - abee
357 1392 3066 1663 2e quels terre, et jeune poupeussent
3679 1506 6285 1841 have was for beglichteil ne
1228 1563 1620 1738 velle
303 1699 3165 1899 assat oubcieuse bn aussch, ane
3594 1738 6395 2084 in me and for d pkurp is on
321 1845 3076 2141 attrang ; en onpratu du ciennel
3640 2016 6402 2370 ahm bericht; - unheinmal - zwar
339 2056 3055 2345 An Uel. Abend heraif kam; jong on
364 2330 3012 2562 we will not chilll
3604 2263 6349 2577 seit er wied in it. Hann wohnte
1056 2466 1656 2630 a rekhr
1884 2512 2809 2784 said hall
403 2566 1563 2801 hall de tout
3633 2562 6224 2869 fühlt zu, daß sie ihr sto lag
343 2712 3126 3133 me glenbes können de Corlève
3651 2776 6210 3123 veilen halb; -in so kommt
1927 2901 2805 3058 al vercla- but
428 2969 3162 3198 have me sager tome ; costicuert ; -
3690 3058 6060 3376 Ihr nicht schlimmer viel
410 3194 2819 3490 avec lui  a so
3794 3365 4518 3726 Hobet
475 3433 3005 3754 zere bortman hatt onffalle
