7512 5704
463 488 2895 700 14196 Haus der Abgeordneten. — 293. Sitzung der XI. Session am 18. Mai 1894.
449 718 3222 878 (Gelächter), und ich werde nunmehr diese Anträge Habermann, Graf Hompesch, Dr. Roser, Dr
1864 784 3233 892 Ritter v. Kraus, Potoczek, Freiherr v. Morsey,
463 829 1756 937 geschäftsordnungsmäßig behandeln lassen.
599 895 2592 1010 Wünscht der Herr Antragsteller, dass seine Dr. Keil, Dr. Rutowski.
2003 899 3170 1056 Das Wort hat der Herr Abgeordnete Hájek.
470 975 1846 1115 Anträge als drei getrennte Anträage gedruckt werden,
2000 996 3233 1125 Abgeordneter Hájek: Hohes Haus! Während der
474 1049 1042 1164 oder als ein Antrag?
1878 1083 3236 1202 letzten drei Jahre, seit dieses hohe Haus seine Thätigkeit
599 1132 3229 1279 Abgeordneter Pernerstorfer: Als drei ge‘ begonnen hat, sind verschiedenartige Anträge zur Re¬
1867 1237 3233 1352 gelung und Verbesserung der socialen, sowie wirtschaft¬
477 1240 916 1373 trennte Anträge.
606 1299 3233 1449 Präsident: Diesem Wunsche wird Rechnung / lichen Lage verschiedener Stände in diesem hohen Hause
456 1387 3233 1536 getragen werden. (924, 925 und 926 der Beilagen.) mit mehr oder minder gutem Resultate zur Verhand¬
606 1456 3247 1613 Abgeordneter Pernerstorfer: Ich bitte um /lung gebracht worden. Dabei haben sich insbesondere
1885 1529 3247 1630 die Wehrvorlagen eines großen Entgegenkommens von
456 1606 2752 1704 das Wort zu einer Anfrage an den Herrn Präsidenten. der Majorität des Hauses erfreut.
2010 1630 3247 1756 Nun wäre es aber auch die Pflicht des Parla¬
606 1679 1829 1822 Präsident: Der Herr Abgeordnete Perner
1878 1728 3247 1836 mentes, in erster Linie jene der Regierung gewesen,
474 1759 1087 1892 storfer hat das Wort.
1885 1808 3243 1902 endlich einmal durchgreifende Maßregeln zu treffen,
456 1881 3243 2031 gestrigen Tage zwei Sitzungen in der Gesammtdauer um die wirtschaftlichen Verhältnisse des am meisten
599 1867 1860 1951 Abgeordneter Pernerstorfer: Es waren am
1867 1940 3240 2021 belasteten Theiles des Mittelstandes, insbesondere des
463 2010 3247 2115 von etwa 12 bis 14 Stunden. Auch die einfachen kleinen und mittleren Handels= und Gewerbestandes
467 2076 1846 2170 Sitzungen sind gewöhnlich sehr lange. Ich möchte nur
463 2073 3247 2254 den Herrn Präsidenten fragen, ob Vorsorge dafür zu verbessern, zumal die Gefahr wächst, dass dieser
470 2149 3264 2313 getroffen ist, dass für diese übermäßige Arbeitszeit die Stand von dem Großcapitale successive aufgezehrt
1878 2216 3254 2327 werde. Die Lage des Mittelstandes im Handel und Ge¬
477 2292 3247 2393 Herren Stenographen in besonderer Weise entschädigt werbe ist in der That heute eine bedenkliche schon des¬
1878 2369 3264 2470 halb, weil die Regierung des Grafen Taaffe in dieser
477 2369 948 2480 werden. (Bravo!)
606 2439 3024 2543 Präsident: Ich kann erklären, daß am Schlusse Beziehung so viel wie gar nichts gethan hat.
2028 2463 3264 2592 Allerdings hatte sich jene Regierung zuguterletzt
477 2512 1857 2616 der Session die Frage, wie die Herren Stenographen
477 2574 3247 2686 wegen ihrer wirklich außerordentlich großen An¬ herbeigelassen, einen wegen Rücksichtnahme auf das
488 2641 3261 2777 strengung durch Ertheilung von Remunerationen wachsende sociale Bedürfnis vielfach sympathischen
488 2703 3243 2836 entschädigt werden, auch diesmal gewiss von dem Wahlreformgesetzentwurf dem hohen Hause vorzulegen
1885 2773 3261 2878 doch das war bekanntlich ihr Untergang. Der seitens
491 2797 1641 2912 Präsidium erwogen werden wird. (Beifall.)
624 2850 3254 2968 Wir gelangen zur Tagesordnung, das ist der liberalen Partei, die sich durch den Entwurf hart
495 2916 3254 3038 die Fortsetzung der Specialdebatte über den getroffen und ihrer an sich gerissenen Hegemonie ent¬
470 2989 3247 3125 Staatsvoranschlag für das Jahr 1894 (800 kleidet fühlte, gegen diese Wahlreform inscenirt
488 3055 3257 3177 und zu 800 der Beilagen), und zwar steht in Verhand¬
477 3128 3254 3243 lung Capitel 27, Handelsministerium. a) Eigent¬ vor, dass auch der sonst so umsichtige Herr Gra
481 3198 3261 3323 licher Staatsaufwand, Titel 1, 2, 3, 4, 5, 6, 7 und 8, Hohenwart sich überrumpeln ließ, mit dem Herrn
481 3275 3268 3397 serner in der Bedeckung Capitel 33, Titel 1 bis 8 v. Plener eineioalition zum Sturze des Ministeriums
481 3369 2376 3466 und die hiezu vom Budgetausschusse beantragten Anträge| Taaffe einzugehen.
2031 3362 3271 3505 Unsere Partei als eine oppositionelle hat nicht
481 3449 1881 3529 bezüglich der Resolutionen und Petitionen, welche dem
1906 3477 3264 3578 viel Ursache, den Sturz des Ministeriums Taaffe zu
484 3515 1327 3644 hohen Hause gedruckt vorliegen.
620 3557 3285 3658 (Specialberichterstatter Dr. Hallwich besteigt) beklagen. Ob sich indessen die beiden an der Qualition
1909 3623 3282 3714 theilnehmenden autonomistischen Parteien unter der
488 3644 850 3766 die Tribüne.
644 3693 3278 3811 Als Regierungsvertreter sind im hohen intellectuellen Führung des Herrn v. Plener, dessen
495 3773 3285 3884 Hause erschienen die Herren Lectionschefs: Freiherr Vorliebe für alle slavischen Völker, insbesondere aber
498 3843 3261 3951 v. Weigelsperg und Dr. v. Körber, die Herren für die böhmische Nation allgemein bekannt ist, gegen
495 3898 3271 4034 Ministerialräthe Dr. v. Mataja, v. Thaa, Arz= wärtig wohler befinden, ist eine andere Frage, die sie
495 3989 2686 4111 berger, Herr Sectionsrath v. Ebner und Herr sich selbst beantworten mögen.
2045 4024 3282 4153 Die jetzige Regierung hat bei ihrem Antritte die
512 4069 1178 4177 Oberbaurath Hillinger.
648 4118 3285 4243 Es haben sich zum Worte gemeldet, und zwar Erklärung abgegeben, alle politischen, staatsrechtlichen
505 4198 3275 4309 contra die Herren Abgeordneten Hájek, Kulp, und nationalen Wünsche beiseite zu schieben und nur
495 4268 3285 4358 Tekly, Spincié, Kaiser, Biankini, Dr. Gess= den wirtschaftlichen Aufgaben volle Thalkraft zuwenden
512 4334 3278 4449 mann. Dr. Kaizl, Purghart, Garnhaft, Dr. zu wollen. So verlockend dieses Programm auch schein¬
505 4403 3275 4511 Samánek, Dr. Graf Kaunic, Dir. Zácek, Hauck, bar klingt, so kann doch selbst ich, ein schlichter, kleiner
505 4466 3278 4571 Schwarz, Dr. Lueger, Schneider, Jax, pro Kaufmann, der sich in die hohe Politik nicht gerne viel
505 4532 3285 4644 die Herren Abgeordneten Lugul, Ritter Stalitz, einmischt, demselben durchaus nicht zustimmen, da ich
505 4609 3278 4748 Freiherr v. Kübeck. Dr. Fux, Dr. Hofmann v. die Ansicht theile, dass nur mit einem positiven, con-
505 4679 3296 4856 Wellenhof, Wimhölzel, Oberndorfer, Dr. creten Sovialreformprogramm in diesem hohen Hause
4456 411 6522 543 Haus der Abgeordneten. — 502. Sitzung der XI. Session am 27. Mai 1896.
6644 439 6863 557 25415
4086 575 6860 707 von der Behörde respectirte Socialdemokratie oder unterliegt, wo das Versammlungsrecht in der liberalsten
4090 693 6860 784 den Ruarchismus zu haben. Ein Drittes ist nicht Weise gehandhabt wird, die socialen Bewegungen
4086 763 6860 847 möglich. Sie können nicht auf der einen Seite eine viel weniger gefährlich werden, als in den Staaten,
4073 826 6860 937 legale Organisation unterdrücken und glauben, daß wo man polizeiliche Willkür statthaben lässt. Dafür
4086 895 6333 979 das menschliche Gemüth, die Bitternis sich nicht in werde ich gewiss immer eintreten
4073 979 5438 1056 anderer Weise Luft macht. Daher werfe ich heute, wi-
5605 962 6839 1066 Ich fühle mich nicht berufen, näher einzugehen
4090 1038 6860 1132 ich es bei einer anderen Gelegenheit gethan habe, alle auf den Fall, der zunächst den Anlass zu dieser
4086 1108 6839 1188 Schuld und Verantwortung für solches vergossenes Dringlichkeitsverhandlung gegeben hat. Meine subjec
4086 1181 6846 1261 Blut auf die Regierung in Österreich. (Bravo! tive Meinung erlaube ich mir allerdings auch dahin
4073 1240 4323 1355 Bravo I)
5476 1261 6849 1338 auszusprechen, dass die Präventivmaßregeln, welche
5469 1327 6860 1432 von der Behörde ergriffen worden sind, mir die
4222 1362 6417 1477 Präsident: Ich eröffne die Debatte. Zusrichtigen auch nicht zu sein scheinen.
4079 1446 5435 1533 diesem Gegenstande sind zum Worte gemeldet, und
5612 1449 6846 1547 Es wäre sehr gut möglich gewesen, ohne das
4079 1533 6853 1613 zwar contra der Herr Abgeordnete Benedel, pro der Versammlungsrecht derartig einzuschränken, das
4079 1599 4975 1690 Herr Abgeordnete Dr. Samánek.
5459 1603 6839 1697 Militär rechtzeitig herbeizuführen, und es würde dann
4212 1620 6839 1770 Der Herr Abgeordnete Bandel hat das Wort. wahrscheinlich das Blutvergießen verhindert worden
5469 1742 6828 1825 sein (Sehr richtig!). Ich bedauere es auf das aller
4222 1787 6588 1888 Abgeordneter Beudel: Ich bin mit großer schmerzlichste, dass es so weit gekommen ist.
4086 1878 5424 1961 Ausmerksamkeit den Ausführungen des Herrn Ab-
5602 1885 6846 1968 Ich habe mir aber nur das Wort erbeten, um
4076 1947 6835 2031 geordneten Kaizl, Seiner Excellenz des Herrn dagegen zu protestiren, auf welche Weise hier das
4069 2024 6839 2097 Ministerpräsidenten und denjenigen des letzten Herrn! Unternehmerthum in Nordböhmen in Pausch und
4055 2083 6828 2170 Redners gefolgt. Was der verehrte Herr Abgeordnete / Bogen ohneweiters verleumdet und verunglimpft wird
4069 2149 6835 2247 Kaizt vorgebracht hat, das habe ich außerordentlich (Bravo! Bravo! — Widerspruch. — Abgeordneten
4062 2233 6839 2331 zurückhaltend und objectiv gefunden und das könnte Dr. Samánek: Weil Sie ein liberaler sind!) Gewiss
4062 2303 6846 2383 auch von meiner Seite so ziemlich uneingeschränkte Zu¬ weil ich ein liberaler bin; weil Ich ein Liberaler bin
5463 2365 6860 2446 und deswegen ein Herz habe für die Arbeiter, halte
4069 2355 4693 2466 stimmung beanspruchen.
4180 2439 6853 2522 Ich fühle mich aber verpflichtet, den leidenschaft- ich auch den Unternehmer noch für einen Menschen
4079 2505 6853 2578 lichen und erregten Ausführungen des letzten Herrn dessen staatsbürgerliche Rechte geschützt werden müssen
4073 2578 6860 2662 Redners zu widersprechen. In einer meiner letzten und ich bin überzeugt, dass der sociale Friede gewiss
4062 2644 6863 2724 Wählerversammlungen richtete ein Arbeiter, welcher nicht gefördert wird, wenn solche Reden gehalten
4069 2710 6846 2790 der allerradicalsten Richtung angehört, nach einigen werden, wie die des Herrn Abgeordneten Per¬
4062 2777 6846 2864 vehementen Angriffen auf meine Parteistellung an nerstorfer (Beifall), denn dann müssen in unserem
4062 2836 6846 2930 mich folgende Frage. Er sagte: „Der Abgeordnete geliebten Nordböhmen Zustände platzgreifen, wie sie
4069 2916 6835 3013 Bendel gibt sich für arbeiterfreundlich aus; wenn er bedauerlicher und furchtbarer kaum gedacht werden
4062 2986 5665 3062 das ist, dann muss er bereit sein, sobald Arbeiter aus
4062 3045 5421 3146 seinem Wahlbezirke an ihn herantreten mit der Bitte
5602 3031 6835 3142 Ich, der ich in meinem Wahlbezirke eine große
4048 3132 6835 3222 im Abgeordnetenhause eine Interpellation an die Zahl von Unternehmern zu vertreten habe, muss mich
4048 3212 5396 3289 Regierung zu richten, eine Beschwerde einzubringen
5463 3202 6821 3292 für verpflichtet halten, solchen ungerechtfertigten unter
4097 3271 6811 3379 — so beiläufig sagte er — „wegen der vielen leidenschaftlichen Angriffen auf dieselben entgegen
4062 3344 5679 3411 Vexationen, Gesetzesübertretungen u. s. w., welche sich zutreten
4069 3400 5414 3484 die Behörden gegen die Arbeiter zuschulden kommen
5602 3369 6839 3491 Ich selbst bin ja ein kleiner Mann und darum
4048 3491 5090 3578 lassen, diesem Verlangen zu willfahren
5459 3466 6835 3564 gewiss von Voreingenommenheit frei, aber ich kann
4194 3571 6793 3647 Ich antwortete ihm darauf ganz offen: Gewiss bin Sie versichern — und ich habe diese Überzeugung
4062 3620 6839 3707 ich dazu bereit; in jedem Falle, wo ich die Überzeugung in Nordböhmen gibt es eine sehr große Anzahl von
4055 3686 6821 3780 gewinne, dass dem Arbeiter sein bürgerliches Recht Unternehmern, welche nichts weniger als solche er
4048 3762 6832 3850 verkürzt wird, sobald man mir einen solchen Fall aus / bitterte, bornirte, gewaltthätige, dünkelhafte Leute, wie
4062 3836 6828 3926 meinem Wahlbezirke namhaft macht, werde ich nicht sie Herr Abgeordneter Pernerstorfer nannte,
4048 3919 6835 3996 zögern, entweder eine Intepellation einzubringen oder sondern von dem größten Wohlwollen gegen ihre
4069 3978 6821 4066 sonst eine Beschwerde an die Regierung zu richten. Arbeiter erfüllt sind, so dass man sie als wahrhaft
4055 4048 6821 4125 Ich halte die Arbeiter nicht für einen rechtlosen Stand, arbeiterfreundlich bezeichnen muss; und es muss
4045 4125 6821 4212 ja ich stehe ganz auf dem Standpunkte, dass sie ein gerade den rechtlich und liberal denkenden Menschen
4048 4194 6821 4271 mit dem Unternehmer ganz gleichberechtigter factor in der innersten Seele empören, wenn er über eine
4062 4254 6821 4337 sind. Ich habe auch überall und immer erklärt, ich ganze Gesellschaftselasse so ohneweiters behaupten
4048 4337 6821 4417 werde immer einstehen für die möglichste Freiheit der hört, sie finde es einfach lächerlich, dass den Arbeitern
4048 4396 6832 4477 Presse, für die möglichste Freiheit des Versammlungs= eine gleichberechtigte Stellung zugewiesen werde, und
4048 4463 6832 4543 rechtes, denn es zeigt sich ja, dass in allen Staaten, sie wäre ganz gleichgiltig dabei, wenn Blut vergossen
4055 4525 6821 4633 wo die Pressfreiheit möglichst wenigen Einschränkungen wird: „Was liegt ihnen daran, wenn da ein paar
6445 4654 6623 4769 1919
