3848 5592
340 413 552 535 !   ...
650 410 3060 538 25418 Haus der Abgeordneten. — 502.. Sitzung der XI. Session am 27. Mai 1896.
667 573 2022 705 zurück, selbst wenn sie von Seiner Excellenz dem Mini¬
2067 577 3422 736 Lebensdauer schon mit Waffengewalt ihr Ansehen er
667 684 1515 771 sterpräsidenten kommt. (Beifall.)
2067 681 2397 778 halten muss.
2195 709 3446 865 Da wird sich das Ministerium Badeni keiner
809 802 3422 931 Präsident: Das Wort hat der Herr Abgeord¬ langen Lebensdauer zu erfreuen haben. Ich habe ge¬
657 875 1417 987 nete Dr. Vasatý (Unruhe).
2070 893 2553 1004 schlossen. (Beifall.)
799 980 2039 1115 Abgeordneter Dr. Basaty: Seien Sie nicht
2192 997 3432 1119 Präsident: Wünscht noch jemand das Wort?
646 1115 2022 1188 unwillig, die Sache ist zu wichtig; wenn es sich um
2063 1087 3425 1230 (Niemand meldet sich.) Es ist nicht der Fall, die
650 1167 2887 1261 Menschenleben handelt, kann man nicht bloß Minuten Debatte ist daher geschlossen.
667 1240 2022 1327 opfern. Ich bin mit den Ausführungen des Herrn
2185 1223 3422 1344 Ich ersuche die Herren, die Plätze einzunehmen,
650 1306 3415 1410 Ministerpräsidenten nicht einverstanden; er sagte vor weil wir abstimmen werden. (Nach einer Pause:)
650 1379 2018 1456 allem, dass Präventivmaßregeln dem betreffenden
2046 1386 3425 1487 Die beiden Herren Antragsteller wünschen die An-
646 1442 3415 1556 Beamten überlassen werden müssen, und wir haben wendung aller Dringlichkeiten nach §. 42 der Ge¬
657 1515 3425 1622 gehört, was der betreffende Bezirkshauptmann in schäftsordnung, nämlich die sofortige Verhandlung
650 1588 2004 1664 Reichenberg für eine Verordnung erlassen hat. Er hat
2036 1601 3415 1726 im Hause, wozu es einer Zweidrittel-Majorität
636 1647 2227 1772 das Versammlungsrecht, ein staatsgrundgesetzliches bedarf.
650 1723 1994 1796 Recht mit einem Federzuge aufgehoben. Aus prakti
2168 1695 3404 1831 Ich ersuche diejenigen Herren, welche die Dring¬
643 1792 3401 1904 scher Erfahrung durch den Ausnahmszustand in Prag lichkeit annehmen wollen, sich zu erheben. (Geschieht.)
643 1869 1997 1956 wissen wir, dass nur die ganze Regierung ein Aus¬
2036 1865 3415 1977 Die Dringlichkeit ist abgelehnt, und es werden
650 1942 3397 2050 nahmsgesetz von den staatsgrundgesetzlichen Freiheiten die Anträge daher geschäftsordnungsmäßig be
639 2008 1994 2095 erlassen kann, und dass überdies das Abgeordneten¬
2029 2015 3415 2112 handelt werden. (1525 und 1526 der Beilagen.)
643 2070 1987 2147 haus diesen Schritt der Regierung zu bestätigen hat
2168 2084 3425 2220 Ich werde mir nunmehr erlauben, zum Schlusse
632 2133 2748 2234 Und nun, meine Herren, soll auf einmal der Bezirks¬
625 2213 1994 2303 hauptmann in Reichenberg darüber entscheiden! Haben
2175 2192 3408 2345 Der Herr Abgeordnete Fürnkranz hat sich un¬
639 2272 2442 2373 mir dann noch Staatsgrundgesetze, haben wir dann wohl gemeldet.
625 2348 1588 2439 noch eine verantwortliche Regierung?
2175 2324 3415 2466 Es ist ein Dringlichkeitsantrag vom Herrn
775 2404 1997 2518 Es hat mich sehr düster gestimmt, meine Herren,
2029 2418 3408 2536 Abgeordneten Dr. Pacák und Genossen in Noth-
615 2494 1994 2564 dass der Ministerpräsident keinen Wahrscheinlichkeits¬
2025 2494 3418 2630 standssachen überreicht worden, um dessen Verlesung
632 2571 2314 2644 grund, nicht einen einzigen gefunden hat dafür, dass ich ersuche.
618 2637 1987 2723 das Blutvergießen unumgänglich nothwendig gewesen
629 2699 1987 2793 ist, dass es nicht zu vermeiden gewesen ist. Das haben
2150 2664 2953 2814 Schriftführer Hütter (liest):
615 2776 1987 2859 wir nicht gehört. Wir müssen die Sache doch ernst
2150 2765 3401 2883 „Dringlichkeitsantrag des Abgeord¬
615 2855 3401 2946 nehmen. Es wurde nicht einmal behauptet, dass es nete Dr. Pacák und Genossen, betreffend den
618 2911 1970 2994 absolut nothwendig war, von der Waffengewalt Ge
2015 2921 3397 3057 Nothstand in der Gemeinde Zábo r, Bezirk
618 2980 1970 3060 brauch zu machen, und was haben wir von der ver
2018 2991 2400 3106 Kuttenberg.
608 3053 1994 3137 antwortlichen Regierung gehört? Es ist schon der
2143 3078 3397 3189 Vom 5. bis 9. Mai wurde die Gemeinde Zabor
618 3119 1987 3210 Oberstlieutenant der Gendarmerie in Reichenberg und
2029 3165 3401 3255 von großen Überschwemmungen heimgesucht, welche
615 3192 1973 3279 der wird die Sache untersuchen. Ich sage es voraus
2011 3251 3387 3370 einen Schaden an Feld und Gut über 12.000 fl. ver¬
618 3258 1973 3345 dass dem betreffenden Commandanten der Gendar¬
2008 3297 2261 3397 ursachten.
615 3324 1973 3436 merie nichts geschehen und dass er noch belobt werden
754 3425 1980 3561 Das ist nicht constitutionell —, und die Regie¬
601 3554 1970 3634 rung hat sich doch als constitutionell vorgestellt, dass
615 3609 1966 3700 sie hier dem Parlamente Rede stehen soll, wenn es
618 3689 1970 3762 sich um Menschenleben und um das Leben von Staats¬
597 3766 1970 3849 bürgern handelt. Wir hören leere Ausreden, das ist
618 3821 1973 3911 keine constitutionelle Regierung. Ich will darauf nicht
591 3898 1977 3977 zurückkommen, dass man versprochen hat, nach den
601 3970 1970 4061 Staatsgrundgesetzen zu regieren; es wird nicht nach
604 4033 1977 4134 den Staatsgrundgesetzen regiert gegenüber dem böh¬
601 4116 1952 4189 mischen Volke, es wird nicht nach den Reichsgrund
615 4186 1973 4259 gesetzen regiert, und nicht einmal die richterlichen Eide
604 4245 1025 4332 werden gehalten
733 4287 1963 4412 Wenn man aber gerade derjenigen Bevölkerung
608 4387 1949 4485 gegenüber so regiert, welche der Hilfe am meister
591 4460 1963 4544 bedarf, so ist dies thatsächlich ein schlimmes Zeichen
587 4523 1980 4634 für die Ära Badeni, wenn sie nach ihrer kurzen
2140 3324 3390 3467 Am 20. Mai wurde die Gemeinde Zabor aber-
2015 3446 3074 3568 mals von einem Wolkenbruche beschädigt.
2147 3505 3380 3644 Nachdem die Gemeinde Zabor in den Jahren
2011 3616 3383 3710 1886, 1890 und 1891 von gleichen Calamitäten ge-
2018 3686 3373 3818 schädigt worden war, ist der Nothstand in der Ge
2001 3748 2678 3877 meinde Zabor ein großer.
2136 3828 3026 3974 Wir stellen deshalb den Antrag:
2129 3939 3029 4078 Das hohe Haus wolle beschließen:
2188 4002 3300 4148 „Die k. k. Regierung wird aufgefordert,
2129 4120 3300 4210 diesen Fall schnellstens untersuchen zu lassen,
2150 4200 3310 4287 mit Staatssubvention zu unterstützen und die
2143 4262 3307 4353 verfassungsmäßigen Credite in Anspruch zu
2126 4339 2369 4433 nehmen.
2202 4394 3300 4509 In formaler Rücksicht beantragen wir nach
2122 4467 3290 4571 §. 42 der Geschäftsordnung diesen Antrag
2126 4551 3290 4676 mit allen Abkürzungen zu verhandeln und nach
