7208 5624
812 445 2861 613 Haus der Abgeordneten. — 502. Sitzung der XI. Session am 27. Mai 1896.
459 497 707 627 25412
571 609 3225 774 Das sagen Leute, die nicht einen Finger gerührt §. 2 des citirten Gesetzes geforderten Weise gekenn¬
469 739 2171 861 haben, den socialen Frieden zu fördern, und welche zeichnet ist."
1985 732 3232 886 Das ist ein reiner Hohn für die Leute, die eine
469 823 1810 917 es auf verschiedenen Wegen dahin zu bringen gewuss
455 851 3239 998 haben, dass in Nordböhmen, was meines Wissens solche Versammlung einberufen, und so habe ich hier
483 935 3225 1061 sonst nirgends in ganz Österreich geschehen ist, die eine ganze Reihe von Originalien, die Sie bei mir
469 1008 3232 1113 Arbeiter, welche den 1. Mai feierten, wegen Contract= einsehen können. Aber in ganz Böhmen ist dies der
466 1057 3232 1190 bruches verurtheilt wurden, obwohl jeder Mensch Fall. Hier haben Sie zum Beispiel einen Beleg dafür,
483 1145 3155 1267 sagen muss, dass das ein civilrechtliches Verhältnis auf welcher Seite die Behörden in Böhmen stehen.
1985 1204 3232 1337 Hier haben Sie ein solches Versammlungsverbot
469 1232 1828 1330 ist und die Fabrikanten sich auf dem Wege der Civil¬
473 1292 2748 1404 klage schadlos halten sollen. (Beifall.) Sie haben es von Falkenau, da heißt es (liest):
1940 1295 3235 1450 „Die Anzeige von der beabsichtigten Abhaltung
473 1383 1821 1492 durchgesetzt, dass Hunderte und Hunderte von Ver¬
1842 1393 3225 1509 einer Wanderversammlung des Districtsverbandes der
476 1464 1337 1541 urtheilungen stattgesunden haben.
623 1488 3239 1607 Aber noch etwas anderes kommt vor und ist die Berg= und Hüttenarbeiter Böhmens in Falkenau bei
476 1562 3235 1695 Regel. Hier ist nämlich das classische Land unter den Franz Tráwa in Nürschan am 17. d. M. wird nicht
476 1646 3232 1744 westlichen Ländern — von Galizien spreche ich heute zur Kenntnis genommen, da durch das vorgelegte
469 1695 3235 1828 nicht — jener merkwürdigen Versammlungsverbote, Druckexemplar der Statuten der rechtliche Bestand
469 1775 3232 1887 die die Aufregung in der Bevölkerung fortwährend des Vereines nicht nachgewiesen und außerdem nicht
469 1835 3242 1968 erhöhen und reizen. Und thut das die Bezireshaupt=dargethan erscheint, dass die auf der Anzeige unter¬
1873 1898 3232 2048 fertigten Personen zur Vertretung des Vereines nach
466 1929 1835 2031 mannschaft, so geht natürlich die autonome Gemeinde
476 1989 2374 2104 Reichenberg auch mit Verboten von Versammlungen außen berufen sind.
1999 2003 3221 2143 Das war die Bezirkshauptmannschaft Mies
469 2073 1824 2174 vor. Aber nicht nur dort geschieht das; auch in
466 2122 3232 2237 Gablonz — das ist seit Jahren eine bekannte That= (Abgeordneter Dr. Gessmann: Das ist eine
476 2178 3242 2311 sache — werden unter den allernichtigsten Vorwänden Bäberei!) Sie gebrauchen den Ausdruck, ich nicht
1856 2276 3235 2349 mehr. Aber ich will den Ministerpräsidenten fragen
459 2293 1110 2398 Versammlungen verboten
602 2328 3246 2447 Erinnern Sie sich an die Vorfälle im Gablonzer wie will er die moralische Qualität eines solchen
483 2402 3228 2517 Bezirke im Jahre 1889 in Wiesenthal, an die dortigen Menschen taxiren, der das Gesetz so mit Füßen tritt?
483 2465 3232 2587 verzweifelten Ausbrüche der Arbeiterschaft? Damals Ist das vielleicht ein Rechtsirrthum, eine falsche Auf¬
469 2542 3253 2678 ist es in der Gegend zu harten Auseinandersetzungen fassung des Gesetzes? Nein! Das ist die bewusste
476 2612 3249 2734 gekommen und es ist Blut geflossen. Aber wenn man Übertretung des Gesetzes. (Zustimmung.) Ich habe
469 2678 3242 2797 dann erfährt, dass die Leute l fl. 20 kr. bis 1 fl. am Ende der Taaffe'schen Ära einmal eine Inter¬
469 2759 3249 2857 50 kr. wöchentlich verdienen (Nört! Hört!) so begreift pellation eingebracht über den Bezirkshauptmann
459 2826 3242 2938 man etwas von dem Aufschrei der Verzweiflung, und daß Grimm in Trautenau, wo ich durch angeführte Daten
476 2899 3249 3004 Stunden und Situationen kommen mögen, wo die und Decrete nachgewiesen habe, dass der Mann in
459 2955 3242 3085 Leute in thörichter Verblendung sich sagen: Unser bewusster Weise das Gesetz übertritt. Der Mann ist
462 3046 2629 3141 Leben ist nichts mehr wert, wenn wir so wie Hunde heute noch Bezirkshauptmann
1999 3088 3249 3186 Sie fordern aber, dass der letzte Arbeiter das
469 3127 1835 3211 leben, suchen wir eine Gewaltthat zu begehen und
459 3158 3249 3291 jene Behörden, welche in dem Sinne vorgehen, daß Gesetz halten soll und Ihre Organe halten das Gesetz
476 3253 3246 3361 sie die politischen Rechte der Bevölkerung einschränken nicht, sondern treten es in frivolster Weise mit Füßen,
466 3309 2594 3424 wollen, fördern diese Zunahme des zuchtlosen an¬
2003 3333 3249 3477 Der Bezirkshauptmann in Gablonz, Rupprich,
469 3403 1824 3491 archistischen Sinnes in der Bevölkerung und sind mit
494 3452 3246 3568 schuldig und mitverantwortlich zu machen, wenn wieder ist eine bekannte Persönlichkeit. Der sucht jede Bewe¬
487 3508 3246 3638 Dinge in Nordböhmen geschehen sollten, wie sie in ging der Arbeiterschaft zu unterdrücken. Daher ist es
487 3589 3239 3704 früheren Jahren hie und da vorgekommen sind. Ver= dort auch schlimm mit der Organisation bestellt und
487 3666 3246 3781 sammlungsverbote, immer der Arbeiterversammlungen, wo dies der Fall ist, da sind am ehesten Ausbrüche
494 3732 3246 3844 sind in Nordböhmen etwas so häufiges, dass wir in roher Gewaltthaten zu befürchten. Ganz gleich geht
487 3806 3249 3914 der Lage sind, 100 solcher Verbote zu präsentiren, der Bezirkshauptmann in starkenbach vor. Der sagt
494 3876 3246 3977 die ähnlich lauten, wie zum Beispiel Folgendes. Das den Wirten: „Wenn Ihr §. 2=Versammlungen duldet,
1873 3942 3246 4033 wird Euch die Concession entzogen!“ (Hört! Hört!)
483 3974 928 4093 programm heißt
1870 3998 3085 4117 Das ist ein ungesetzlicher Druck, den er ausübt.
623 3988 1555 4145 1. Unsere wirtschaftlichen Aufgaben.
2006 4061 3239 4170 Was den Bezirkshauptmann Steinfeld anbe¬
630 4110 1089 4209 2. Freie Anträge.
623 4156 3249 4254 Diese Versammlung wird nicht zur Kenntnis langt, so wissen die Herren aus Böhmen, die inter¬
1880 4230 3249 4310 pellirt haben, wie der wirtschaftet. Und mir hat man
483 4233 973 4352 genommen (liest):
637 4296 3249 4405 „Es wird vielmehr im Grunde des §. 2 und 13 in den letzten Tagen in einem Bezirke, und zwar von
483 4373 3263 4478 des Versammlungsgesetzes vom 15. November 1867, Seite solcher Leute, die Vertrauensmänner der
487 4443 3253 4545 R. G. Bl. Nr. 135, die Abhaltung dieser Versamm=| Arbeiterbewegung sind, gesagt, dass durch dieses Vor¬
501 4499 3249 4618 lung untersagt, nachdem durch die angegebene Tages- gehen der Behörden in Nordböhmen leider wieder sich
483 4580 3263 4744 ordnung der Zweck der Versammlung nicht in der im der anarchistische Geist hie und da bemerkbar macht,
6481 417 6726 543 25413
4296 420 6386 553 Haus der Abgeordneten. — 502. Sitzung der XI. Session am 27. Mai 1896.
3932 578 6719 735 jene anarchistischen Bewegungen, welche seit acht mann die Versammlungen verboten hat, das für
3939 693 6719 805 Jahren in der österreichischen Arbeiterschaft vollständig unseren Ministerpräsidenten der Gipfel der präventiven
3935 763 6719 872 zurüekgedrängt worden sind, und die zurückzudrängen Weisheit. Die Art und Weise, wie man solche Dinge
3939 830 6722 935 im wesentlichen Interesse der Socialdemokratie liegt, verhindert, diese ungesetzliche Verordnung ganz außer¬
3932 917 6736 1019 die aber begünstigt werden, wenn von der k. k. Regie¬ acht gelassen, das ist die Art und Weise, wie man eine
3932 973 6733 1064 rung und ihren Organen so vorgegangen wird. Graf vorhandene Erbitterung schürt und hetzt, aber nicht
3939 1050 6736 1141 Badeni hat früher gesagt, er werde uns jetzt etwas durch Hetzer und Agitatoren sondern durch Verfügun¬
3946 1120 6733 1208 mittheilen, jetzt sollen wir aufhorchen, er werde uns gen der Regierung. Allerdings die Aufregung der
3946 1201 6729 1295 amtliche und objective Ausführungen mittheilen. Ich Leute ist gewachsen, weil sie sich nicht mehr ver¬
3946 1250 6736 1355 habe amtliche Schriftstücke; ich bitte doch den Herrn sammeln konnten. Es waren aber 700 Leute im
3946 1341 6736 1418 Ministerpräsidenten auf das hin, was ich heute in der Stocke und diese mussten sich verständigen. Sehen Sie,
3949 1404 6733 1495 Rede gesagt habe, bezüglich dieser Bezirkshauptleute ich kann daran erinnern, dass im Jahre 1894 in
3932 1478 6736 1569 etwas vorzukehren, Untersuchungen einzuleiten und Falkenau der Bezirkshauptmann Schmidt, auch einer
3928 1523 6747 1625 diese Leute, wie es ihnen gebürt, vor Disciplinar¬ von diesen Herren — der Stocke dauerte damals
3932 1604 6733 1719 gerichte zu stellen und diese Leute so zu behandeln, drei, vier Wochen — jede Versammlung verboten hat.
3946 1695 4482 1796 wie sie es verdienen.
5504 1674 6736 1786 Ich bin hingekommen, bin zu ihm gegangen und
4075 1709 6726 1852 Es muss einem das Schamgefühl ins Antlitz habe ihm gesagt: aber Herr, so lange sie die Versamm¬
3949 1838 6733 1922 steigen, und man muss wirklich ganz mit Erbitterung jungen verbieten, wird der Strike nicht zu Ende
3956 1908 5311 1985 erfüllt werden, wenn man sieht, dass drei unschuldig
5378 1912 6733 1996 gehen. Auf mein Zureden ließ er endlich eine §. 2¬
3949 1971 6729 2059 Leute niedergeschossen werden, während Leute als Versammlung stattfinden, und eine Stunde nach dieser
3949 2045 6733 2132 Bezirkshauptleute amtiren, welche Gesetzesverächter Versammlung war der Strike beendigt. Das hätte der
3956 2111 6736 2202 und Gesetzesverletzer sind. Woher weiß der Minister¬ Herr Bezirkshauptmann früher haben können, wenn
3963 2185 6733 2279 präsident, dass seine amtlichen Ausführungen objective er nicht ebenfalls von jenem bureaukratischen Geiste
3956 2244 6726 2342 sind? Das sind Ausführungen von Organen, die erfüllt gewesen wäre, den, wie mir scheint, auch der
3956 2318 6736 2412 naturgemäß bei den Dingen persönlich und subjectiv Herr Ministerpräsident so hoch zu stellen geneigt ist.
3963 2388 5315 2479 stark betheiligt sind, und die werden uns keine Wahr
5486 2416 6740 2542 Ich habe schon erwähnt, dass nicht sechs Personen,
3949 2447 5339 2570 heit, wenigstens nicht jenes Maß von Wahrheit
5367 2496 6729 2587 sondern, wenn diese Nachricht, die mir in letzter
3946 2517 4940 2626 liefern, welches uns nothwendig wäre.
4072 2580 6743 2692 Ich hätte heute wieder die Einsetzung einer Stunde zugekommen ist, richtig ist; sieben Personen
3949 2647 6736 2745 parlamentarischen Untersuchungscommission beantragt, verletzt sind, es sind nämlich drei Todte und vier Ver¬
3970 2717 6743 2812 aber das ist in diesem Hause ganz aussichtslos. Wir wundete, es ist also auch, wenn es richtig ist, was mir
3956 2790 6754 2899 dürfen die Thätigkeit eines Ministers einer Controle mitgetheilt wurde, ein Kind von vier Jahren in den
3939 2850 6187 2980 unterziehen, aber wir dürfen uns nicht über die Fuß geschossen worden. (Hört!)
5504 2882 6743 2997 Nun haben wir die militärische und strafgericht¬
3949 2952 5336 3036 Thätigkeit eines Bezirkshauptmannes durch unsere
3946 2987 6747 3099 abgesandten Vertreter unterrichten lassen. (Abgeord-liche Untersuchung. Der Gendarmerieoberstlieutenant
3946 3071 6750 3155 neter Dr. Kronawetter: Wir dürfen es nach der ist dort und wird alles erheben und natürlich mit dem
3946 3144 6733 3228 Geschäftsordnung!) Nicht aber nach der Ansicht objectivsten Gefühle die Untersuchung leiten (Ge¬
3956 3193 6733 3305 weiser, erleuchteter und führender Herren in diesem lüchter), denn er ist ein Mensch, der mit der Gendar¬
3963 3274 6743 3375 hohen Hause, welche nicht bereitwillig genug sein merie gar keinen Zusammenhang und natürlich das
3949 3337 6733 3463 können, jedes Recht dieses Hauses noch zu verkürzen höchste Interesse daran hat, die Gendarmerie in
5353 3424 6736 3501 gewissen einzelnen Punkten in Misseredit zu bringen.
3956 3438 4429 3554 und preiszugeben.
5490 3480 6733 3575 Dann kommen die strafgerichtlichen Unter¬
4089 3452 5322 3603 Der Ministerpräsident sprach von zuvor, von
3946 3561 6733 3659 dem 21. Mai stattgefundenen Zusammenrottungen; suchungen, von denen ich schon gesprochen habe; sie
3963 3634 6733 3729 diese haben in nichts anderem bestanden, als dass werden damit enden, dass eine Reihe von Leuten
3956 3718 6743 3823 jeden Abend diese Straße stark besetzt war. Dies ist sehr schwer verurtheilt werden wird, und zwar zum
5371 3774 6743 3855 Theil wegen Contractbruch, zum Theil wegen Auflauf
3963 3785 4601 3897 aber jeden Tag der Fall.
4107 3848 6736 3939 Allerdings mögen vielleicht noch mehr Leute als und es wird wieder ein — wie man in Wien sagt —
3956 3911 6757 4016 gewöhnlich zusammen gekommen sein. Aber, welche „Träuberl“ Menschen zusamenkommen, wie wir es
3946 3984 6733 4086 Gefahr sollte da entstehen? War eine Gefaht für die hier in Wien erlebt haben, wo infolge der Prater¬
3963 4058 6743 4159 Fabrik vorhanden? Diese Straße ist eine breite excesse die Leute mit einer großen Zahl von Jahren
3956 4138 6222 4233 Ararialstraße, welche von Reichenberg ins Land geht, schweren Kerkers bestraft wurden.
5497 4152 6754 4282 Aber wir werden auch hier wieder nur einseitige
3956 4209 5318 4296 und die Fabrik liegt ein paar Hundert Schritte link¬
3956 4272 6736 4373 unten, und man musste, um zu ihr zu kommen, kleine Bestrafungen bei den Arbeitern finden, dagegen wird
3956 4338 6743 4426 Gässchen passiren. Es wäre vollständig genügend ge- wohl nicht der Versuch gemacht werden, auch auf
3949 4422 6747 4503 wesen, diese Gässchen mit einem, zwei Gendarmen Seite der Unternehmer etwa ein Exempel zu statuiren,
3963 4482 6743 4580 zu besetzen und den Leuten wäre es gar nicht ein¬ obwohl ich schon in Reichenberg dieses Factum ange¬
3946 4559 6271 4692 gefallen hinunterzuziehen. Dass der Bezirkshaupt¬
6376 4625 6547 4769 1919
