7304 5672
493 545 2966 643 25410 Hans der Abgeordneten. — 502. Sitzung der XI. Session am 27. Mai 1896.
489 685 3267 828 in Vertretungskörpern nur Lob über die Behörden man bis zu einem bestimmten Punkte die Dinge ge¬
1890 762 3267 870 deihen lässt, und dass man dann mit solchen Maß¬
489 811 769 912 vernehme.
608 832 3267 957 Nachdem dies also nicht erreichbar ist, muss ich regeln kommt, wie sie hier angewendet wurden, dass
493 915 3270 1031 mich mit dem Umstande trösten, dass, wenn Angriffe man in die Menge hineinschießt. Todt sind, wie die
489 982 3267 1104 gegen die Behörden seitens der Arbeiter und deren Herren wissen oder nicht wiffen, ein Mann, sein
500 1045 3267 1174 Freunde unternommen werden, dies auch seitens der Sohn, seine Frau liegt im Spitale, ein zweites Kind
500 1118 3263 1230 Arbeitgeber geschieht, und da die Wahrheit in der von ihnen liegt im Spitale, und wie ich heute erst,
500 1184 3263 1303 Mitte zu suchen ist, so glaube ich, dass wenigstens vor einer Stunde, gehört habe, ist auch ein vier¬
500 1265 3277 1398 von Parteilichkeit und parteiischem Vorgehen nicht die jähriges Kind, welches die verwundete Frau getragen
482 1342 2805 1450 Rede sein kann. Wenn alle mittelmäßig unzufrieden hat, in die Ferse geschossen worden.
2023 1345 3267 1481 So leichtsinnig darf man nicht umgehen, dass
489 1404 1859 1523 sind, ist die Hoffnung nicht ausgeschlossen, dass alle
482 1474 3260 1597 vielleicht auch mittelmäßig zufrieden sein werden. man einfach in einem solchen entscheidenden Augen¬
636 1530 3263 1635 Was die Frage der behördlichen Vorkehrungen blicke sagt: Ja, man konnte nicht anders vorgehen
507 1604 3270 1722 behufs Verhinderung des blutigen Ereignisses betrifft, sondern man hat die Gründe zu untersuchen, warum
500 1670 3267 1799 so muss, so lebhaft das eingetretene Unglück menschlich es in Nordböhmen so weit gekommen ist und warum
489 1733 3267 1866 zu bedauern ist, die Art und Weise der getroffenen sich vielleicht leider solche Sachen wiederholen werden.
2033 1813 3274 1897 Und da, meine Herren, erhebe ich direct Be¬
493 1824 1855 1936 Verfügungen, wie ich bereits bemerkt habe, dem sub
500 1876 3267 2012 jectiven Ermessen und Urtheile des betreffenden Amts= schwerde. In Nordböhmen ist es so weit gekommen
1897 1963 3267 2040 weil die politischen Behörden dort das Unternehmer¬
500 1981 1268 2100 vorstandes überlassen bleiben.
639 2005 3281 2135 Dass nach einem so blutigen Zusammenstoße in thum auf jede Weise favorisiren und die organisirte
507 2079 3267 2222 demselben Bezirke einige Versammlungen, welche sich Arbeiterschaft auf jede Weise chicaniren. Um ein
500 2163 3288 2281 mit dem Ereignisse befasst und neue Beunruhigung Detail gleich anzuführen: Vor einigen Tagen hat ein
493 2236 3270 2351 in die ohnehin aufgeregten Arbeiterkreise getragen College des Hauses, Dr. Samánek, eine Inter¬
500 2292 3263 2425 hätten, in diesen Tagen nicht gestattet wurden, erweist pellation eingebracht, wonach ein Arbeiter in Reichen¬
493 2369 3263 2498 sich als ein einfaches Gebot der Vorsicht, um neuen berg, Lukaschek, früh morgens aus dem Bette gehoben
1890 2442 3274 2529 wurde,wahrscheinlich wegen eines politischen Delictes
507 2474 1209 2596 Zwischenfällen vorzubeugen.
636 2505 3274 2624 Ich werde übrigens in diesem, wie in jedem und mit Handschallen geschlossen abgeführt ward
510 2564 3288 2715 solchen Falle nicht verabsäumen, dem Vorfalle, der (Abgeordneter Kaiser: Ohne Verhaftbefehl?) Ja,
493 2652 3281 2767 ohnehin, wie ich schon erwähnt habe, Gegenstand zwei¬ Böhmen ist das classische Land der Handschellen und
514 2729 3281 2851 facher Untersuchung, sowohl seitens des Strafgerichtes, Ketten. Das haben wir gewusst. Dass es aber jetzt
507 2805 3284 2914 wie auch seitens des Gendarmeriecommandos ist, noch auch noch so weiter geht, wie vor vier bis sechs Jahren,
493 2858 3298 2970 weiter nachzugehen, und werde nicht unterlassen, das war uns neu. Die Missachtung des Arbeiters in
507 2928 3291 3057 seitens der politischen Behörden alles zu veranlassen, diesem Lande unseres Vaterlandes wird vielleicht
500 3001 3284 3120 was nothwendig ist, damit die Wahrheit ans Licht nirgends übertroffen. Gar mirgends in unserem
493 3071 3288 3172 komme, und damit Ruhe und Ordnung in dieser Reiche gibt es ein Unternehmerthum, welches so bor¬
510 3137 3295 3249 Gegend auch weiterhin gewahrt werden. (Brævo! nirt, so gewaltthätig und so dünkelhaft in seinem
1922 3211 3295 3302 Stolze gegenüber dieser untergeordneten –Race von
489 3249 734 3364 Bravo!)
1922 3291 3305 3371 Menschen ist, wie in Nordböhmen. Wir haben in
650 3351 3305 3455 Präsident: Zur Begründung der Dringlichkeit Wien, in Niederösterreich, in den Alpenländern ein
510 3417 3291 3536 ertheile ich dem Herrn Antragsteller Pernerstorfer Unternehmerthum, es kommen überall genug Dinge
517 3487 3295 3602 das Wort, da beide Anträge im Wesen denselben vor, welche sehr zu tadeln sind, aber nirgends sehen
524 3564 3291 3679 Inhalt haben. Die Debatte wird dann unter einem wir dieses Protzenthum im Unternehmerthum, wie in
1915 3630 3291 3731 Nordböhmen. Diese Leute finden es einfach lächerlich,
514 3654 1268 3773 über beide Anträge erfolgen.
660 3703 3298 3812 Der Herr Abgeordnete Pernerstorfer hat dass man die Arbeiter als gleichberechtigte Staats¬
1915 3784 3291 3864 bürger behandeln soll. Mir hat jemand aus Nord¬
524 3808 804 3923 das Wort.
1932 3833 3312 3944 böhmen gesagt: Die ganze Geschichte in Dörfel ist
674 3923 3298 4018 Abgeordneter Peruerstorfer: Meine Herren! gekommen, weil man den Arbeitern den Kamm zu
535 3983 3309 4102 Ich werde mich zuerst vollständig auf den Standpunkt sehr hat wachsen lassen. Diese starke Ausdrucksweise
535 4067 3295 4175 stellen, dass der Herr Ministerpräsident mit seinen von Seite eines Mannes, der mit dem Fabrikanten
535 4123 3309 4238 Ausführungen in Bezug auf das unglückselige Factum thum in Nordböhmen viele Beziehungen hat, ist ein
531 4196 3309 4311 Recht gehabt hat. Ich werde mich, einen Augenblick neuer Beleg dafür, von welchem Gedanken die Leute
531 4259 3298 4381 wenigstens, auf den Standpunkt stellen, daß die Gen= beseelt sind. Den Kamm hat man den Leuten zu sehr
531 4346 2330 4458 darmerie nicht anders handeln konnte als sie ge¬wachsen lassen!
2068 4346 3312 4489 Man muss nur hinaufgehen und sehen, welche
549 4416 1915 4535 handelt hat, und von diesem Standpunkte aus werde
1946 4479 3326 4566 physische und moralische Macht das Unternehmerthum
535 4496 1460 4601 ich meine Reeriminationen erheben.
685 4538 3305 4654 So gehen die Dinge nicht, meine Herren, daß in Nordböhmen hat. Freilich ist es begreiflich, dass
531 4619 3309 4772 man irgend eine Bewegung sich entwickeln lässt, daß den Leuten an einigen todten Menschen nichts liegt.
6509 416 6708 514 25411
4332 409 6387 535 Haus der Abgeordneten. — 502. Sitzung der XI. Session am 27. Mai 1896.
3937 576 6729 723 Sind sie doch reich geworden durch den Schweiß und nicht in die Arbeit kommst, wird Dein Bruder — der
3944 667 6725 776 das Blut von Tausenden und Tausendeu von Men¬Werkführer in der Fabrik war — entlassen. (Hört!)
5485 741 6739 832 Wenn Arbeiter andere arbeiter durch Zureden
3962 776 5321 870 schen. Was liegt ihnen an dem Erschießen von
3944 811 6736 922 einigen! Im Gegentheil, sie denken sich bei der Ge¬ bewegen wollten, fie sollten nicht in die Arbeit gehen,
5352 880 6729 978 so sind sie verhaftet worden, und wir werden es
3944 891 5258 1027 legenheit vielleicht, das dämpft für eine Zeit lang.
5366 957 6718 1038 erleben, dass die Leute wegen ungesetzlicher Ein¬
4098 1017 6736 1128 Präsident (unterbrechend): Herr Abgeordneter schüchterung verurtheilt werden, aber bezüglich des
3962 1101 6739 1226 schleudern da gegen einen ganzen Stand persönliche Beamten wird es zu keiner Verhandlung kommen, der
3958 1181 6194 1282 Angriffe, welche ich in dieser Form der Ausdrücke ab= wird gar nicht angeklagt werden
5503 1188 6743 1314 Das ist eben das ungleiche Maß. Wenn irgend
3965 1240 5328 1345 solut nicht zulasse. Es sind dies Beschuldigungen, die
3962 1296 6722 1429 in gar keiner Weise erwiesen sind, wohl aber verhetzend einer von den Fabrikanten am 1. Mai für sein per
3951 1366 6736 1502 gegen ganze Stände wirken. (Lärmender Wider- sönliches Wohl zittert, da ist die Behörde gleich bei
5366 1446 6320 1555 der Hand und schickt ihm Gendarmen
3962 1474 4206 1583 spruch.)
5513 1474 6558 1600 Sie haben aber auch gehört, dass der A
4098 1523 6732 1680 Abgeordneter Pernerstorfer (fortfuhrend): Hauptmann die Versammlungen der Strikenden wegen
3969 1635 6589 1761 So viel wird mir doch gestattet sein, zu sagen, daß der Beunruhigung verboten hat. In Reichenberg
3955 1726 6757 1834 diese reichen Unternehmer in Nordböhmen reich sich eine große breite Straße; man geht durch Röchlitz,
3969 1796 6760 1904 geworden sind durch die Arbeit ihrer Arbeiter. Die Eichicht und kommt nach Dörfel. Die Straße ist eine
3976 1873 6572 1991 Reime dazu machen Sie sich selbst. Gehen Sie hin¬ Hauptstraße und das Land ist dicht bevölkert.
3969 1922 6746 2051 auf, meine Herren, hinauf in das Land, und schauen Abend ist die Straße von Menschen voll. Es gehen
3969 1995 6746 2096 Sie sich die Bevölkerung dort an. Ich bin am Sams=I eine Menge Menschen nach Hause, aus der Stadt, ans
3969 2065 6746 2173 tag, wo ich oben war, eine Stunde in der Redaction der Kirche, in Gesellschaften, in Wirtshäuser, auf
3969 2135 6750 2253 des „Freigeistes“ gewesen und habe eine Reihe von Besuch, und nun kommt auf einmal der Bezirkshaupt¬
3993 2212 6753 2316 Leuten gesehen. Wenn irgend wann, so musste man mann, bevor noch etwas geschehen ist, und verbietet
3986 2288 6746 2397 sich da sagen: Der ganzen Menschheit Jammer fasst jede Versammlung und Ansammlung auf der Straße
3979 2355 6285 2463 Einen an, wenn er diese Bevölkerung sieht, wie die Das musste doch die Leute erregen.
5520 2411 6760 2516 Er thut noch mehr. Sie haben aus der Ver¬
3979 2435 5363 2533 Leute elend und oft nicht menschlichen Gestalten gleich
3979 2481 6774 2596 dahinwanken. Ein junger Bursche kommt herein, und lesung der Protokolle durch den Herrn Abgeordneten
4000 2578 6767 2669 ich rede ihn mit „Du“ an, weil ich mir dachte, der Dr. Kaizl gehört, dass er Versammlungen und An¬
3986 2631 6736 2764 Bursche ist erst zehn Jahre alt, und es stellt sich her- sammlungen für die ganze Dauer des Stdukes ver
3979 2680 6774 2816 aus, er ist 16 Jahre alt, auch ein Arbeiter. Noch bietet. Der Stocke kann ein Jahr dauern; während
3986 2764 6785 2865 eines. Es ist sehr sonderbar, wenn alle Unternehmer dieser Zeit sind die Leute ihrer staatsbürgerlichen
3993 2823 6788 2956 so wären. Es gibt unter ihnen natürlich auch bravere Rechte beraubt, sie wurden vom Wege abgedrängt
3986 2917 6428 3022 Leute, aber diese anständigeren Leute werden von den und konnten nicht in ihre Häuser gehen.
5534 2977 6771 3061 Damit Sie sich annähernd einen Begriff machen
4000 2998 5370 3095 großen Unternehmern so perrorisirt, wie man von den
4000 3050 6778 3155 Arbeitern behauptet, dass dieselben von den Arbeiter¬ können von dem socialpolitischen Verständnisse dieser
4011 3123 6778 3246 führern terrorisirt werden. Wenn der 1. Mai heran¬ Unternehmerclassen in Nordböhmen, über die der
4000 3183 6778 3298 naht, kommen die großen Unternehmer und dictiren gute Witz gemacht worden ist, dass ihr Patriotismus
3979 3256 6778 3361 und schreiben Briefe an alle Unternehmer und zwingen keine Grenzen kennt (Heiterkeit), so lesen Sie jenes
4011 3333 6778 3445 sie, jene Bedingungen zu unterschreiben, welche sie Circular, welches die Vereinigung zur Wahrung indu¬
4018 3410 6785 3518 festgestellt haben, und in Placaten und Kundmachungen strieller und gewerblicher Interessen für Reichenberg
4004 3473 6781 3595 zu sagen: Wer den 1. Mai feiert, wird ausgesperrt und Umgebung am 11. April d. I., sowie auch im
4000 3536 6778 3651 auf sechs Tage. Und will sich einer ausschließen, so vorigen Jahre versendete. (Abgeordneter Dr. Krona-
4018 3602 6774 3724 bringt ihm das geschäftliche Nachtheile. Da haben wetter: Die dürfen zusammenhalten!) Das ist nicht
4004 3682 6229 3808 Sie eine Art von Terrorismus, den man dort erlaubt verboten. Hier sagen sie (liest):
5545 3703 6785 3840 „Gegen diese muthwillig in die Reihen der
4004 3766 5387 3864 hat und gegen den gar niemand etwas einzuwenden
4000 3826 6778 3934 hat. Und Etatsächlich ist es vorgekommen, wie der Arbeiterschaft getragene Agitation nehmen die ge¬
4021 3882 6774 4004 Herr Abgeordnete Professor Kaizl die ganze Ent¬ fertigten industriellen Körperschaften die gleiche Stel
4004 3972 6785 4063 stehungsgeschichte schon erzählt hat, daß in der Fabrik lang, wie in den Vorjahren ein; sie erblicken in der
4004 4025 6785 4151 von Lederer und Wolf (Abgeordneter Schneider: Aufreizung der Arbeiter zum eigenmächtigen Feiern
4004 4102 6795 4213 Das sind Juden, das soll gesagt werden!) — sagen am 1. Mai eine schwere Gefahr für die Gestaltung
4004 4175 6785 4290 Sie das Ihren deutschnationalen Freunden in Reichen= | des Verhältnisses zwischen Arbeitgebern und Arbeit
4021 4245 6792 4357 berg (Sehr gut!), welche die Gelegenheit gar nicht nehmern und halten die Duldung dieses Contract¬
4021 4308 6781 4430 benützen, das jüdische Moment des Lederer und Wolf bruches, zu welchem ein großer Theil der Arbeiter
4021 4381 6785 4493 hervorzukehren — ein Beamter der Fabrik — die schaft selbst terroristisch verleitet und gezwungen wird
4021 4455 6799 4566 Namen der Betreffenden können genannt werden — als nicht minder bedenklich und am allerwenigsten ge¬
4018 4538 6446 4703 jemand gesagt hat: Wenn Du mit Deinem Weibe eignet, den socialen Frieden zu fördern.
