7432 5704
911 482 2954 663 Haus der Abgeordneten. — 502. Sitzung der XI. Session am 27. Mai 1896.
548 510 796 653 25gl6
559 649 3303 810 gefunden? Die Verordnung des Ministeriums des Zusammenkunften, um nicht das Wort Zusamenrottun¬
559 737 3334 859 Innern, der Justiz und der Finanzen vom Jahre gen zu gebrauchen, vorhanden sind und sich bemerkbar
576 810 3317 960 1853, durch welche die bisherigen Bezirksämter machen, daß also eine Verwaltung, welche nach dem
559 869 3331 1012 organisirt und ihnen ein Wirkungskreis zugeschrieben Grundsatze der Präventionhandelt, gerüstet sein musste,
1938 932 3320 1023 mit einem größeren Aufgebote von Macht derartigen,
566 981 1121 1103 wird. (Hört! Hört!)
733 1019 3320 1149 Sie sehen, das Ganze erregt Lachen. Die Gesetze sagen wir Störungen der öffentlichen Ruhe vorzu¬
569 1072 3320 1222 über die staatsbürgerlichen Freiheiten, über das beugen, respective vorbereitet dazustehen. Eine Garni¬
576 1142 3320 1278 Vereins= und Versammlungsrecht, jene staatsgrund¬
569 1211 3327 1351 gesetzlichen Verfügungen, auf Grund deren allein das bloße Erscheinen einer Compagnie Infanterie
569 1292 3327 1435 diese Suspension der bürgerlichen Freiheiten zulässig oder einer Escadron Cavallerie das weitere Eingreifen
569 1351 3327 1480 erscheinen würde, liegen dazwischen, aber manchmal der Verwaltung ganz überflüssig gemacht hätte. Ich
569 1435 3338 1571 sieht es wirklich so aus, als ob unsere politischen glaube auch, die Organe der Verwaltung sind dafür
569 1487 3338 1613 Behörden einen langen Winterschlaf gehalten hätten. verantwortlich, dass sie nicht frühzeitig dafür gesorgt
569 1568 3338 1721 Sie kommen da mit einer Verordnung vom Jahre haben, daß ihnen ein Detachement der bewaffneten
583 1630 3331 1763 1853, welche längst überholt ist, und ich frage die Macht zur Verfügung stehe, dann wäre es, wenn man
569 1714 3338 1836 Herren von der Regierung, auf Grund welches sich auf den Standpunkt der Execution, welche dann
566 1777 3331 1913 Paragraphen dieser Verordnung sie eigentlich diese erfolgte, stellt, nicht nothwendig gewesen, drei Gen¬
573 1840 3324 1976 Maßnahme der Bezirkshauptmannschaft rechtfertigen darmen in einen dichtgedrängten Knäuel von Men¬
1955 1913 3334 2011 schen hineinschießen zu lassen, sondern man hätte mit
590 1973 789 2074 wollen.
712 1987 3341 2119 Da heißt es zum Beispiel in einem §. 26 dieser vollständiger Ruhe und ohne Blutvergießen Ordnung
569 2070 2371 2175 Verordnung: Bei gewaltsamen oder in böser Absicht schaffen können.
2105 2074 3348 2213 Dann möchte ich noch eines hervorheben. Als
590 2151 1941 2266 vorgenommenen Besitzstörungen hat das Bezirksamt
590 2189 3348 2329 alles vorzukehren, damit die öffentliche Ordnung wir im Mai 1894 über bewaffnete und blutige
583 2262 3341 2385 erhalten und wieder hergestellt werde, weitere Angriffe Zusammenstöße, welche in Falkenau und Ostrau sich
587 2343 3355 2465 hintangehalten werden mit Vorbehalt des gerichtlichen ereigneten, hier sprachen, hörten wir seitens der
583 2402 3331 2524 Einschreitens und der vollkommenen Besitzstörungs=Regierung zur Motivirung des gewaltthätigen Vor-
1976 2461 3345 2580 gehens der Gendarmerie immer die Auskunft: Ja, es
733 2545 3352 2678 Ist das vielleicht der Parograph, auf den man war wirklich ein Angriff auf das Eigenthum dieses
583 2615 3359 2737 sich beruft? Übrigens, wenn man eine Verordnung und jenes, einer Zeche oder eines Schachtes geplant,
594 2695 3352 2803 citirt, die eine große Summe von Paragraphen hat, es waren sogar die betreffenden Wachorgane in
607 2758 3355 2887 so möge man freundlichst den Paragraphen citiren, zur Lebensgefahr und man musste daher, zum Äußersten
580 2835 3254 2982 Orientirung. Sie können aber keinen Paragraphen gedrängt, von der Schusswaffe Gebrauch machen.
2123 2905 3352 3002 Ich frage nun die Regierung: War in diesem
583 2926 1941 3037 citiren, weil die gantze Verordnung, die ganze Organi
594 2978 3355 3111 sation, die ganze Zutheilung der Gewalten an die Falle eine derartige Gefahr vorhanden? Ist sie in
594 3030 3338 3160 politischen Behörden und die ganze Zutheilung der diesem Falle nachzuweisen? Meine Informationen —
594 3104 3341 3222 Rechte an die Staatsbürger einfach seitdem von ich gestehe allerdings zu, ich habe vielleicht auch ein
594 3188 3355 3306 Grund aus verändert und verschoben wurde und weil seitige Informationen — aber diese Informatio¬
600 3247 3355 3362 diese ganze Verordnung überlebt und Überflüssig ist, nen stellen es entschieden in Abrede, dass irgend
614 3324 3362 3446 daher es auch nicht zulässig ist, dass man sich auf eine welche Absicht vorhanden war, Eigenthum zu zer¬
607 3397 3355 3502 derartige Ministerialverordnung beruft, um auf stören oder gegen Menschen, seien es Unternehmer
614 3460 3373 3627 Grund derselben ein derartiges Gewaltberret recht¬ seien es vielleicht bewaffnete Organe, irgend
1990 3526 3373 3617 eine Gewaltthätigkeit auszuüben, sondern dass sich die
607 3572 1096 3680 fertigen zu wollen.
751 3603 3369 3715 Also diese Verordnung wurde am 21. Mai, Leute einfach versammelten, weil ein Theil derjenigen,
621 3662 3369 3795 das heißt an demselben Tage, an welchem sich das die sich versammelten, an dem Strike direct betheiligt
625 3743 3380 3861 Unglück ereignete, kundgemacht. Da lassen Sie mich war, ein anderer Theil, wie es sich zu eregnen pflegt,
618 3812 3387 3931 zu einem Punkte kommen, von welchem ich glaube, von Neugierde herbeigezogen wurde, der dritte Theil
618 3875 3373 4001 dass der wirklich ruhig und objectiv Urtheilende die wirkich nur aus Passanten bestand, welche wie üblich
618 3963 3373 4123 Organe der Verwaltung von einer schweren Verant¬ an schönen Sommerabenden, die Straße frequentirten
2004 4018 3387 4120 und wie es heißt, auch ein Theil, welcher von den
625 4046 1463 4158 wortlichkeit nicht loszählen kann.
761 4092 3380 4217 Man möge über die Dinge, die sich ereignet verschiedenen Maiandachten nach Hause zurückkehrte
632 4179 2339 4287 haben, urtheilen, wie man will; allein so viel ist sicher, I (So ist es!)
2147 4193 3387 4336 War also ein derartiger Angriff auf das Eigen¬
635 4266 1976 4354 dass die Organe der Verwaltung nicht erst am 21. Ma¬
618 4298 3393 4413 abends, sondern zum mindesten schon am 21. Mai thum oder das Leben in diesem Falle beabsichtigt?
635 4375 3376 4497 vormittags, ja, ich bin dessen sicher, schon am 20. oder Ich bin der Ansicht, dass ein Angriff nicht beabsich
642 4472 2276 4570 19. Mai davon Kenntnis hatten, dass eine gewisse tigt war.
2168 4518 3390 4605 Und des weiteren, meine Herren: wenn erwogen
649 4542 1983 4643 Gährung in der Bevölkerung bestehe, dass fortwähr
642 4581 3400 4717 rend Anläufe zu Zusammenkünften, ich will sagen zu wird, daß die Ansammlung eine hübsche Weile
4354 398 6745 607 Haus der Abgeordneten. — 502. Sitzung der XI. Session am 27. Mai 1896. 2540.
3984 548 6763 744 dauerte, dass es der Gendarmerie — und es waren nur | darmerie geschmäht und angegriffen worden ist, immer¬
3997 667 6777 817 sechs Mann vorhanden — gelang, diese ganze Ansamm- noch kein Grund gelegen war, mit der Schufswaffe
3973 754 6766 866 lung etwa tausend Schritte weit vorwärts zu drängen, gegen die Menge vorzugehen, und das Resultat war
3994 810 6759 960 so entnehme ich, meine Herren, daraus denn doch ja auch, wie die Berichte zeigen, leider ein derartiges
4011 894 6756 1033 soviel, dass es da wohl auch dieser schwachen Macht dass gewiss Leute, welche unschuldig an den Stein
4001 946 6763 1100 gelungen wäre, ohne zum Äußersten zu schreiten, diese würfen und an der Attakirung der bewaffneten Mach¬
3994 1033 6759 1173 Ansammlung zum Auseinandergehen, respective Vor= gewesen sind, um Leben und Gesundheit kamen. Ich
5404 1093 6773 1194 glaube, es ist Grund genug, daran zu zweifeln, dass
4001 1142 4692 1264 wärtsbewegen zu bringen.
4141 1156 6783 1295 Ich sehe also auch von diesem Standpunkte aus das Vorgehen der Verwaltungsorgane ein derartiges
4015 1225 6777 1365 immer noch keinen Grund, gleich vom äußersten Mittel war, wie es der von mir zu Anfang betonte Respect
4008 1323 6284 1487 Gebrauch zu machen und in den Menschenknäuel einfach vor dem Menschenleben erfordert.
5551 1351 6773 1470 Ich habe mich selbstverständlich wohl gehütet
4015 1424 4441 1540 hineinzuschießen.
4137 1438 6777 1564 Ich habe deshalb die Aufforderung an die hier irgend welches decidirte Urtheil über die Schuld
4018 1508 6787 1634 Regierung gestellt, sie möge aufklären, wieso es oder Unschuld der einen oder der anderen Partei
4022 1571 6790 1718 gekommen ist, dass man in den Menschenknäuel hinein= auszusprechen, weil wie ich ja gar keinen Anstand
4018 1648 6787 1774 schießen ließ, und wieso es zu erklären und zu recht¬ nehme, zuzugestehen, dass auch meine Informationen
4029 1714 6783 1868 fertigen ist, daß man, wiewohl man wusste, dass eine vielleicht von einer gewissen Einseitigkeit nicht frei sind
4018 1784 6780 1910 Gährung vorhanden ist, wiewohl man dieses berüch¬  Das ist es aber nicht, um was es sich mir handelt
4018 1864 6794 2007 tigte Decret vom 21. Mai des Morgens erlassen hatte, diese oder jene Person direct zu beschuldigen, sondern
4032 1931 6780 2067 nicht früher Vorsorge getroffen hat, daß ein größeres ich verlange zunächst nur soviel, dass durch die öffent
4018 1994 6787 2133 Detachement von bewaffneter Macht zur Verfügung liche Discussion hier im Parlamente und durch ein
4039 2074 6808 2203 stehe, damit auf eine ganz unblutige Weise die öffent¬ Rede des dem Ressort als verantwortlicher Minister
5432 2137 6797 2245 vorstehenden Vertreters der Regierung in diese Sach
4036 2182 4856 2301 liche Ordnung hergestellt werde.
4183 2210 6804 2339 Ich möchte auch noch eines hervorheben, nämlich, Klarheit gebracht werde, damit die öffentliche
4039 2287 6801 2416 dass in den Berichten, die mir zur Verfügung gestellt Meinung das Bewustsein hat, dass im Parlament
4039 2346 6808 2486 worden sind, wenig von dem Eingreifen der Organe sich immerdar Vertreter finden, welche jedesmal, so oft sich
4039 2426 6797 2552 der politischen Verwaltung zu bemerken ist. Ich gestehe, derartige traurige Katastrophen ereignen und Menschen
4032 2493 6808 2608 auf mich macht es den Eindruck, als ob von einem leben vernichtet werden, das Parlament dazu bewegen
4050 2549 6815 2702 gewissen Zeitpunkte an die Organe der politischen seine controlirende Wirksamkeit auszuüben und damit
4039 2618 6825 2748 Verwaltung sich jeglicher Ingerenz entschlagen hätten / die Verantwortlichkeit der Organe der Verwalttung
4032 2699 6815 2817 und dem Gendarmeriedetachement einfach quasi wie nicht etwa bloß in geheimen Schriften, Acten und
5439 2762 6836 2856 Correspondenzen der Behörden, sondern vor der
4050 2807 5331 2901 einem Scharfrichter das Weitere überlassen hätten
4186 2824 6829 2975 Ich stelle die Frage: hat man sich bemüht, die großen Öffentlichkeit, vor dem Parlamente und vor
4050 2922 6242 3030 versammelte Menge über die möglichen Folgen eines der Presse zur Geltung komme
5583 2957 6832 3055 Darum bitte ich Sie, meine Herren, mögen Sie
4043 3006 5422 3097 weiteren passiven Widerstandes zu belehren? Hat man
4053 3041 6815 3194 sie aufgefordert, auseinanderzugehen? Hat man ihr der Regierung vis-à vie welche Stellung immer ein
4060 3114 6825 3257 den Gebrauch der Waffe, wenn ich so sagen darf, in nahmen, meinen Dringlichkeitsantrag anzunehmen, un
4057 3191 6822 3320 Aussicht gestellt? Ja oder nein! Ich frage weiter: Wie dadurch auch Ihrerseits zu beweisen, dass wirklich de
4060 3261 6822 3400 kommt es, dass der Commandant der Gendarmerie Respect vor dem Menschenleben als Charakteristicum
4060 3324 6829 3467 einem Arbeiter, der Vertrauen bei der Menge genießt, einer gesitteten Gesellschaft auch in diesem Hause An
4057 3407 6186 3540 es verweigerte, eine beruhigende Ansprache an die erkennung findet. (Beifall.)
4057 3498 5422 3596 Versammelten zu halten, und dass erst hinterher nich
5600 3477 6850 3666 Präsident: Das Wort hat Seine Excellenz der
4060 3565 5425 3669 der commandirende Rittmeister, sondern ein Gendar
4057 3617 6207 3746 merieführer diese Erlaubnis dem betreffenden Manne Herr Ministerpräsident.
4067 3708 5446 3805 ertheilte, der allerdings versuchte, von derselben
5596 3683 6839 3844 Ministerpräsident und Leiter des Ministeriums
4067 3781 5443 3868 Gebrauch zu machen, jedoch weil er deutsch sprach, von
4074 3809 6853 3963 der böhmisch redenden Menge nicht verstanden wurde. des Innern Graf Badeni: Hohes Haus! Mag das
4207 3893 6857 4043 Ich bin auch darauf aufmerksam gemacht worden, Ereignis noch so bedauerlich und peinlich sein,
4057 3959 6857 4106 dass allerdings, nachdem die Gendarmerie zunächst welches die geehrten Herren Abgeordneten Dr.
4074 4025 6850 4165 durch einen Bajonnettangriff versuchte, die Menge zum Kaizl und Genossen und Pernerstorfer und Ge
4081 4102 6857 4263 Zurückweichen zu bewegen, was ihr ja zum Theile nossen zum Gegenstande ihrer Dringlichkeitsanträge
4074 4169 6839 4298 auch gelungen ist, Steinwürfe vorgefallen sind. Allein gemacht haben, so glaube ich doch der Hoffnung Aus
4067 4242 6843 4378 ich bin darüber informirt, daß die Steinwürfe nicht druck geben zu können, dass auf Grund meiner amt
4067 4298 6853 4441 aus dem Menschenknäuel, der sich auf der Straße lichen und objectiven Auseinandersetzungen das hoh¬
4085 4389 6864 4504 befand, gekommen sind, sondern seitwärts von den an Haus sich vielleicht nicht veranlasst sehen dürfte,
4081 4448 6846 4601 der Straße liegenden Wiesen, und dass daher auch irgend welche Beschlüsse auf dem Wege der Dringlich
4071 4539 5837 4713 darin, dass, was ja nicht zu leugnen ist, die Gen¬
