<?xml version="1.0" encoding="UTF-8" standalone="yes"?>
<PcGts xmlns="http://schema.primaresearch.org/PAGE/gts/pagecontent/2013-07-15" xmlns:xsi="http://www.w3.org/2001/XMLSchema-instance" xsi:schemaLocation="http://schema.primaresearch.org/PAGE/gts/pagecontent/2013-07-15 http://schema.primaresearch.org/PAGE/gts/pagecontent/2013-07-15/pagecontent.xsd">
    <Metadata>
        <Creator>prov=READ-COOP:name=TrHtr:version=2.1.0:model_id=51170:date=30_07_2023_03:26</Creator>
        <Created>2023-05-10T13:31:37.877+02:00</Created>
        <LastChange>2023-07-30T03:26:14.996+02:00</LastChange>
        <TranskribusMetadata docId="1428581" pageId="55412416" pageNr="23" tsid="131479631" status="IN_PROGRESS" userId="64420" imgUrl="https://files.transkribus.eu/Get?id=AYOUOGSPXQULFKTMWFLQMGZR&amp;fileType=view" xmlUrl="https://files.transkribus.eu/Get?id=VWFMEHKOLTPESAWABETJEWMQ" imageId="44686557"/>
    </Metadata>
    <Page imageFilename="1428581_0023.jpg" imageWidth="5992" imageHeight="8408">
        <ReadingOrder>
            <OrderedGroup id="ro_1711791629434" caption="Regions reading order">
                <RegionRefIndexed index="0" regionRef="tr_1"/>
            </OrderedGroup>
        </ReadingOrder>
        <TextRegion id="tr_1" custom="readingOrder {index:0;}">
            <Coords points="513,141 5481,141 5481,7826 513,7826"/>
            <TextLine id="tr_1_tl_1" custom="readingOrder {index:0;}">
                <Coords points="2545,223 3176,194 3451,223 3455,154 3383,117 3310,138 3261,113 3067,138 2650,113 2549,142"/>
                <Baseline points="2567,214 2657,209 2746,209 2836,209 2926,203 3015,203 3105,197 3194,191 3284,197 3373,209 3457,214"/>
                <TextEquiv>
                    <Unicode>Neue Freie Presse.</Unicode>
                </TextEquiv>
            </TextLine>
            <TextLine id="tr_1_tl_2" custom="readingOrder {index:1;}">
                <Coords points="558,255 676,259 696,247 708,259 724,247 821,259 890,247 906,263 939,259 939,129 910,138 890,125 874,142 854,129 745,142 732,129 708,154 664,129 635,138 607,117 558,121"/>
                <Baseline points="579,209 591,209 680,209 770,203 859,203 949,203"/>
                <TextEquiv>
                    <Unicode>Nr. 16415</Unicode>
                </TextEquiv>
            </TextLine>
            <TextLine id="tr_1_tl_3" custom="readingOrder {index:2;}">
                <Coords points="1408,255 1610,255 1639,271 1930,259 1926,121 1869,113 1829,142 1776,125 1752,150 1643,134 1574,174 1538,146 1404,125"/>
                <Baseline points="1427,203 1516,209 1606,209 1695,209 1785,214 1875,214 1934,220"/>
                <TextEquiv>
                    <Unicode>Wien, Donnerstag</Unicode>
                </TextEquiv>
            </TextLine>
            <TextLine id="tr_1_tl_4" custom="readingOrder {index:3;}">
                <Coords points="5005,198 5042,194 5094,227 5228,227 5244,210 5260,223 5329,218 5329,150 5284,146 5244,170 5199,138 5175,146 5155,129 5135,142 5110,134 5066,150 5005,150"/>
                <Baseline points="5028,214 5117,209 5207,214 5296,209 5338,214"/>
                <TextEquiv>
                    <Unicode>Seite 3</Unicode>
                </TextEquiv>
            </TextLine>
            <TextLine id="tr_1_tl_5" custom="readingOrder {index:4;}">
                <Coords points="3986,259 4374,263 4374,154 4265,154 4208,138 4192,150 4151,134 4083,142 4062,129 4034,150 3986,138"/>
                <Baseline points="4006,220 4024,214 4114,214 4204,214 4293,214 4383,214"/>
                <TextEquiv>
                    <Unicode>5. Mai 1910</Unicode>
                </TextEquiv>
            </TextLine>
            <TextLine id="tr_1_tl_6" custom="readingOrder {index:5;}">
                <Coords points="2169,336 5369,344 5341,251 2169,267"/>
                <Baseline points="2191,334 2281,328 2370,328 2460,334 2549,334 2639,328 2729,328 2818,328 2908,328 2997,322 3087,316 3176,316 3266,322 3356,328 3445,328 3535,328 3624,328 3714,334 3750,334 3803,334 3857,334 3947,334 4036,340 4126,340 4215,334 4305,334 4395,334 4484,334 4574,334 4663,340 4753,334 4842,334 4932,334 5022,340 5111,334 5201,334 5290,334 5380,322"/>
                <TextEquiv>
                    <Unicode>deuten pflegt, die sich von der Wirklichkeit etwas entfernt, zoller in Hörigkeit von dem Halbmond stehen soll.</Unicode>
                </TextEquiv>
            </TextLine>
            <TextLine id="tr_1_tl_7" custom="readingOrder {index:6;}">
                <Coords points="510,348 2116,344 2080,255 510,255"/>
                <Baseline points="531,328 621,322 710,322 800,322 889,322 979,322 1068,322 1158,322 1248,322 1337,328 1427,322 1516,328 1606,328 1695,328 1785,328 1875,328 1964,328 2054,328 2125,328"/>
                <TextEquiv>
                    <Unicode>sich verdüsterte und in Belgrad die Wogen etwas hoch</Unicode>
                </TextEquiv>
            </TextLine>
            <TextLine id="tr_1_tl_8" custom="readingOrder {index:7;}">
                <Coords points="2169,409 3723,409 3723,348 3520,332 2169,340"/>
                <Baseline points="2191,400 2281,394 2370,394 2460,400 2549,400 2639,400 2729,400 2818,400 2908,394 2997,394 3087,382 3176,376 3266,382 3356,394 3445,394 3535,394 3624,400 3714,394 3732,400"/>
                <TextEquiv>
                    <Unicode>Ich denke etwa an die Monarchenentre###en in Reval oder</Unicode>
                </TextEquiv>
            </TextLine>
            <TextLine id="tr_1_tl_9" custom="readingOrder {index:8;}">
                <Coords points="490,425 2096,425 2096,352 935,324 490,368"/>
                <Baseline points="513,406 585,400 674,394 764,388 853,388 943,388 1033,388 1122,394 1212,388 1301,388 1391,394 1480,394 1570,394 1660,394 1749,394 1839,400 1928,394 2018,394 2107,394"/>
                <TextEquiv>
                    <Unicode>gingen, haben wir dort zweimal zur Besonnenheit gemahnt.</Unicode>
                </TextEquiv>
            </TextLine>
            <TextLine id="tr_1_tl_10" custom="readingOrder {index:9;}">
                <Coords points="3779,413 5357,417 5357,344 3779,340"/>
                <Baseline points="3803,406 3845,406 3935,400 4024,400 4114,400 4204,400 4293,400 4383,400 4472,400 4562,400 4651,400 4741,400 4831,400 4920,400 5010,400 5099,400 5189,400 5278,406 5368,400"/>
                <TextEquiv>
                    <Unicode>Ich erwiderte darauf: „Majestät, ich werde mein ganzes</Unicode>
                </TextEquiv>
            </TextLine>
            <TextLine id="tr_1_tl_11" custom="readingOrder {index:10;}">
                <Coords points="2169,473 3714,473 3714,409 3209,384 3039,425 2169,405"/>
                <Baseline points="2191,465 2281,459 2370,465 2460,465 2549,459 2639,465 2729,459 2818,459 2908,459 2997,459 3087,453 3176,447 3266,453 3356,459 3445,459 3535,465 3624,465 3714,459 3726,465"/>
                <TextEquiv>
                    <Unicode>Racconigi. Glauben Sie mir, auch Souveräne setzen sich</Unicode>
                </TextEquiv>
            </TextLine>
            <TextLine id="tr_1_tl_12" custom="readingOrder {index:11;}">
                <Coords points="647,486 2104,490 2104,421 2043,405 647,405"/>
                <Baseline points="668,465 758,465 847,465 937,465 1027,465 1116,471 1206,471 1295,471 1385,471 1474,471 1564,471 1654,471 1743,471 1833,471 1922,471 2012,471 2102,471 2113,471"/>
                <TextEquiv>
                    <Unicode>„Eure Majestät sind nicht mitten im Getriebe der</Unicode>
                </TextEquiv>
            </TextLine>
            <TextLine id="tr_1_tl_13" custom="readingOrder {index:12;}">
                <Coords points="3775,477 5369,490 5369,417 5167,401 3775,413"/>
                <Baseline points="3797,465 3887,471 3977,471 4066,471 4156,471 4245,471 4335,471 4424,471 4514,465 4604,471 4693,471 4783,471 4872,465 4962,471 5051,471 5141,471 5231,471 5320,471 5374,465"/>
                <TextEquiv>
                    <Unicode>Sinnen darauf richten, diese Abhängigkeit auf dem Schlacht¬</Unicode>
                </TextEquiv>
            </TextLine>
            <TextLine id="tr_1_tl_14" custom="readingOrder {index:13;}">
                <Coords points="2165,542 3674,554 3698,473 2165,482"/>
                <Baseline points="2185,525 2275,531 2364,531 2454,531 2543,531 2633,531 2723,531 2812,531 2902,531 2991,519 3081,519 3170,513 3260,519 3350,525 3439,525 3529,525 3618,531 3708,531 3714,525"/>
                <TextEquiv>
                    <Unicode>wie andere Menschen hin, sprechen schlicht und menschli=</Unicode>
                </TextEquiv>
            </TextLine>
            <TextLine id="tr_1_tl_15" custom="readingOrder {index:14;}">
                <Coords points="502,554 2104,550 2104,494 2015,465 1776,510 502,465"/>
                <Baseline points="525,537 591,537 680,537 770,531 859,531 949,537 1039,531 1128,537 1218,537 1307,537 1397,537 1486,537 1576,537 1666,537 1755,537 1845,543 1934,537 2024,537 2113,531"/>
                <TextEquiv>
                    <Unicode>Großmächte und sind andererseits nicht der Beherrschen</Unicode>
                </TextEquiv>
            </TextLine>
            <TextLine id="tr_1_tl_16" custom="readingOrder {index:15;}">
                <Coords points="3803,550 5365,550 5365,490 5297,482 3803,490"/>
                <Baseline points="3827,537 3917,537 4006,537 4096,537 4186,537 4275,537 4365,531 4454,537 4544,531 4633,531 4723,531 4813,537 4902,531 4992,537 5081,537 5171,543 5260,537 5350,537 5374,537"/>
                <TextEquiv>
                    <Unicode>felde abzuschütteln.“ Und von dieser Stunde gelobte</Unicode>
                </TextEquiv>
            </TextLine>
            <TextLine id="tr_1_tl_17" custom="readingOrder {index:16;}">
                <Coords points="502,627 3714,546 502,554"/>
                <Baseline points="525,597 615,603 704,603 794,603 883,603 973,603 1062,603 1152,603 1242,603 1331,603 1421,603 1510,603 1600,603 1689,603 1779,609 1869,609 1958,609 2048,603 2131,603 2185,591 2275,597 2364,597 2454,597 2543,597 2633,597 2723,597 2812,597 2902,591 2991,591 3081,585 3170,585 3260,585 3350,591 3439,597 3529,597 3618,597 3708,597 3726,597"/>
                <TextEquiv>
                    <Unicode>eines Staates, der an Länderbeute denkt. Eure Majestät miteinander, tanschen Gedanken aus, Postieren nicht, nehmen</Unicode>
                </TextEquiv>
            </TextLine>
            <TextLine id="tr_1_tl_18" custom="readingOrder {index:17;}">
                <Coords points="3787,615 5268,635 5361,619 5361,550 3787,566"/>
                <Baseline points="3809,603 3899,603 3989,603 4078,603 4168,603 4257,603 4347,597 4436,603 4526,603 4616,603 4705,603 4795,603 4884,603 4974,603 5063,603 5153,603 5243,609 5332,603 5368,603"/>
                <TextEquiv>
                    <Unicode>ich mir, nich zu ruhen und nicht zu rasten, bis</Unicode>
                </TextEquiv>
            </TextLine>
            <TextLine id="tr_1_tl_19" custom="readingOrder {index:18;}">
                <Coords points="2165,676 5369,696 5369,619 2165,603"/>
                <Baseline points="2185,662 2275,662 2364,662 2454,662 2543,662 2633,662 2723,662 2812,662 2902,662 2991,656 3081,650 3170,650 3260,650 3350,656 3439,656 3529,662 3618,662 3708,662 3750,662 3797,668 3887,668 3977,668 4066,668 4156,674 4245,668 4335,668 4424,668 4514,668 4604,668 4693,668 4783,668 4872,668 4962,674 5051,668 5141,674 5231,674 5320,674 5380,668"/>
                <TextEquiv>
                    <Unicode>keine weltgeschichtlichen Allüren an, man hat in Reval Rumänien seine Unabhängigkeit errungen haben würde. Es</Unicode>
                </TextEquiv>
            </TextLine>
            <TextLine id="tr_1_tl_20" custom="readingOrder {index:19;}">
                <Coords points="510,680 2104,684 2072,615 510,619"/>
                <Baseline points="531,668 621,668 710,668 800,668 889,668 979,668 1068,668 1158,674 1248,674 1337,674 1427,674 1516,674 1606,674 1695,674 1785,674 1875,674 1964,674 2054,674 2113,668"/>
                <TextEquiv>
                    <Unicode>werden von dieser Stelle aus, wie von einer hohen Warte</Unicode>
                </TextEquiv>
            </TextLine>
            <TextLine id="tr_1_tl_21" custom="readingOrder {index:20;}">
                <Coords points="2165,740 3739,757 3739,672 2165,676"/>
                <Baseline points="2185,728 2275,728 2364,728 2454,728 2543,728 2633,734 2723,728 2812,728 2902,728 2991,722 3081,716 3170,710 3260,716 3350,722 3439,722 3529,722 3618,722 3708,728 3744,734"/>
                <TextEquiv>
                    <Unicode>zu viel hineininterpretiert. Man hätte auch den Besuch</Unicode>
                </TextEquiv>
            </TextLine>
            <TextLine id="tr_1_tl_22" custom="readingOrder {index:21;}">
                <Coords points="3779,749 5373,769 5373,696 5280,680 3779,684"/>
                <Baseline points="3803,728 3893,734 3983,740 4072,734 4162,734 4251,734 4341,734 4430,734 4520,740 4610,734 4699,734 4789,734 4878,734 4968,740 5057,740 5147,740 5237,740 5326,740 5380,746"/>
                <TextEquiv>
                    <Unicode>kamen furchtbar schwierige Zeiten. Es gab Augenblicke,</Unicode>
                </TextEquiv>
            </TextLine>
            <TextLine id="tr_1_tl_23" custom="readingOrder {index:22;}">
                <Coords points="510,749 2108,757 2108,684 2043,680 510,684"/>
                <Baseline points="531,740 621,734 710,734 800,734 889,734 979,734 1068,740 1158,740 1248,740 1337,740 1427,740 1516,740 1606,734 1695,740 1785,740 1875,740 1964,740 2054,740 2119,740"/>
                <TextEquiv>
                    <Unicode>die dem Anprall der Meeresbrandung weniger ausgesetzt</Unicode>
                </TextEquiv>
            </TextLine>
            <TextLine id="tr_1_tl_24" custom="readingOrder {index:23;}">
                <Coords points="2165,801 3601,817 3723,801 3727,749 3261,712 2169,745"/>
                <Baseline points="2185,794 2275,800 2364,794 2454,794 2543,794 2633,794 2723,794 2812,794 2902,794 2991,788 3081,782 3170,782 3260,788 3350,788 3439,794 3529,794 3618,794 3708,800 3732,800"/>
                <TextEquiv>
                    <Unicode>des Zaren beim König von Italien als das ansehen sollen</Unicode>
                </TextEquiv>
            </TextLine>
            <TextLine id="tr_1_tl_25" custom="readingOrder {index:24;}">
                <Coords points="502,821 2108,817 2104,761 1958,753 498,749"/>
                <Baseline points="525,800 615,800 704,806 794,806 883,800 973,806 1062,806 1152,806 1242,806 1331,806 1421,806 1510,806 1600,806 1689,806 1779,806 1869,806 1958,806 2048,806 2119,806"/>
                <TextEquiv>
                    <Unicode>ist, die Dinge sicherer und klarer beurteilen, als es</Unicode>
                </TextEquiv>
            </TextLine>
            <TextLine id="tr_1_tl_26" custom="readingOrder {index:25;}">
                <Coords points="3779,825 5373,834 5337,753 3779,745"/>
                <Baseline points="3803,800 3893,806 3983,806 4072,806 4162,806 4251,806 4341,806 4430,806 4520,806 4610,806 4699,800 4789,806 4878,806 4968,806 5057,806 5147,806 5237,812 5326,812 5380,812"/>
                <TextEquiv>
                    <Unicode>in denen es einer höheren Kraft bedurfte, um mich auf¬</Unicode>
                </TextEquiv>
            </TextLine>
            <TextLine id="tr_1_tl_27" custom="readingOrder {index:26;}">
                <Coords points="2169,870 2978,890 3180,850 3638,898 3723,870 3723,805 2169,813"/>
                <Baseline points="2191,859 2281,859 2370,859 2460,859 2549,859 2639,859 2729,859 2818,865 2908,859 2997,853 3087,847 3176,847 3266,853 3356,853 3445,859 3535,859 3624,859 3714,865 3732,865"/>
                <TextEquiv>
                    <Unicode>was er war: Einen unumgänglich nötigen Gegenbesuch</Unicode>
                </TextEquiv>
            </TextLine>
            <TextLine id="tr_1_tl_28" custom="readingOrder {index:27;}">
                <Coords points="502,882 2116,890 2116,825 2055,805 502,821"/>
                <Baseline points="525,871 615,871 704,871 794,871 883,871 973,871 1062,871 1152,871 1242,871 1331,871 1421,871 1510,871 1600,871 1689,871 1779,871 1869,871 1958,871 2048,865 2125,871"/>
                <TextEquiv>
                    <Unicode>vielleicht diejenigen können, die bewegter mitten im</Unicode>
                </TextEquiv>
            </TextLine>
            <TextLine id="tr_1_tl_29" custom="readingOrder {index:28;}">
                <Coords points="3775,886 5390,906 5390,842 5325,821 3775,817"/>
                <Baseline points="3797,871 3887,871 3977,871 4066,871 4156,871 4245,871 4335,865 4424,871 4514,871 4604,871 4693,871 4783,871 4872,871 4962,871 5051,871 5141,871 5231,877 5320,877 5398,877"/>
                <TextEquiv>
                    <Unicode>zurichten. Es war nicht leicht, Herr zu werden über die</Unicode>
                </TextEquiv>
            </TextLine>
            <TextLine id="tr_1_tl_30" custom="readingOrder {index:29;}">
                <Coords points="2165,935 3723,951 3719,870 2161,870"/>
                <Baseline points="2185,925 2275,925 2364,925 2454,925 2543,925 2633,931 2723,931 2812,931 2902,931 2991,931 3081,925 3170,919 3260,925 3350,925 3439,931 3529,931 3618,931 3708,931 3732,931"/>
                <TextEquiv>
                    <Unicode>den der eine dem andern schuldete. Man hat all</Unicode>
                </TextEquiv>
            </TextLine>
            <TextLine id="tr_1_tl_31" custom="readingOrder {index:30;}">
                <Coords points="3779,951 5394,959 5394,902 5288,882 3779,874"/>
                <Baseline points="3803,931 3893,937 3983,937 4072,937 4162,937 4251,937 4341,937 4430,937 4520,937 4610,937 4699,937 4789,937 4878,943 4968,937 5057,943 5147,943 5237,943 5326,943 5398,943"/>
                <TextEquiv>
                    <Unicode>damals sehr verworrene Lage im Lande. Aber die</Unicode>
                </TextEquiv>
            </TextLine>
            <TextLine id="tr_1_tl_32" custom="readingOrder {index:31;}">
                <Coords points="502,951 2108,951 2108,890 2027,878 502,882"/>
                <Baseline points="525,937 615,937 704,937 794,937 883,937 973,937 1062,937 1152,937 1242,937 1331,937 1421,937 1510,943 1600,937 1689,943 1779,943 1869,937 1958,937 2048,937 2119,937"/>
                <TextEquiv>
                    <Unicode>Handeln stehen. Welchen Eindruck haben Majestät von</Unicode>
                </TextEquiv>
            </TextLine>
            <TextLine id="tr_1_tl_33" custom="readingOrder {index:32;}">
                <Coords points="2165,1008 2213,1008 2246,1036 2323,1003 2391,1008 2448,1032 2484,1003 2541,1020 2586,1012 2590,943 2436,927 2412,951 2331,931 2242,951 2169,931"/>
                <Baseline points="2185,997 2239,997 2328,997 2418,997 2508,991 2597,991"/>
                <TextEquiv>
                    <Unicode>das überschätzt.</Unicode>
                </TextEquiv>
            </TextLine>
            <TextLine id="tr_1_tl_34" custom="readingOrder {index:33;}">
                <Coords points="3787,1012 5382,1036 5382,963 5280,947 3787,947"/>
                <Baseline points="3809,997 3899,1003 3989,1009 4078,1003 4168,1009 4257,1003 4347,1003 4436,1009 4526,1003 4616,1003 4705,1003 4795,1009 4884,1009 4974,1009 5063,1009 5153,1009 5243,1015 5332,1015 5392,1009"/>
                <TextEquiv>
                    <Unicode>Schwierigkeiten wurden überwunden. Wir schlossen</Unicode>
                </TextEquiv>
            </TextLine>
            <TextLine id="tr_1_tl_35" custom="readingOrder {index:34;}">
                <Coords points="502,1040 2104,1036 2104,951 2055,947 502,951"/>
                <Baseline points="525,1003 615,1009 704,1009 794,1009 883,1009 973,1009 1062,1009 1152,1009 1242,1009 1331,1009 1421,1009 1510,1009 1600,1009 1689,1015 1779,1015 1869,1009 1958,1009 2048,1003 2113,1003"/>
                <TextEquiv>
                    <Unicode>der Weltlage? Gehen wir einer langen Friedensärc</Unicode>
                </TextEquiv>
            </TextLine>
            <TextLine id="tr_1_tl_36" custom="readingOrder {index:35;}">
                <Coords points="2298,1068 3010,1064 3310,1113 3613,1064 3735,1101 3731,983 3585,1020 3468,959 2994,1008 2885,971 2824,1024 2298,1008"/>
                <Baseline points="2322,1062 2412,1056 2502,1056 2591,1062 2681,1062 2770,1062 2860,1062 2949,1056 3039,1056 3129,1051 3218,1056 3308,1056 3397,1062 3487,1062 3576,1062 3666,1062 3744,1068"/>
                <TextEquiv>
                    <Unicode>Der König trug dies schlicht ausführend und</Unicode>
                </TextEquiv>
            </TextLine>
            <TextLine id="tr_1_tl_37" custom="readingOrder {index:36;}">
                <Coords points="502,1109 542,1097 575,1125 603,1117 623,1129 664,1097 700,1097 720,1084 757,1084 809,1105 813,1020 506,1024"/>
                <Baseline points="525,1080 555,1080 644,1074 734,1074 824,1068"/>
                <TextEquiv>
                    <Unicode>entgegen?</Unicode>
                </TextEquiv>
            </TextLine>
            <TextLine id="tr_1_tl_38" custom="readingOrder {index:37;}">
                <Coords points="3779,1084 5373,1101 5373,1036 5143,1012 3779,1003"/>
                <Baseline points="3803,1074 3893,1074 3983,1074 4072,1074 4162,1074 4251,1074 4341,1074 4430,1068 4520,1068 4610,1068 4699,1074 4789,1074 4878,1068 4968,1074 5057,1074 5147,1074 5237,1080 5326,1080 5380,1092"/>
                <TextEquiv>
                    <Unicode>damals ein Bündnis mit Rußland — ein Brindnis,</Unicode>
                </TextEquiv>
            </TextLine>
            <TextLine id="tr_1_tl_39" custom="readingOrder {index:38;}">
                <Coords points="2181,1153 3031,1137 3031,1064 2780,1088 2662,1060 2622,1092 2480,1092 2436,1060 2347,1080 2181,1052"/>
                <Baseline points="2203,1128 2233,1128 2322,1128 2412,1128 2502,1128 2591,1128 2681,1128 2770,1128 2860,1128 2949,1128 3039,1122"/>
                <TextEquiv>
                    <Unicode>keineswegs etwa belehrend vor.</Unicode>
                </TextEquiv>
            </TextLine>
            <TextLine id="tr_1_tl_40" custom="readingOrder {index:39;}">
                <Coords points="3775,1153 5382,1161 5341,1092 5090,1076 3775,1084"/>
                <Baseline points="3797,1134 3887,1140 3977,1140 4066,1140 4156,1140 4245,1140 4335,1140 4424,1140 4514,1140 4604,1140 4693,1140 4783,1140 4872,1140 4962,1140 5051,1146 5141,1146 5231,1146 5320,1152 5392,1152"/>
                <TextEquiv>
                    <Unicode>dessen Inhalt Ihnen wohl nicht unbekannt geblieben ist.</Unicode>
                </TextEquiv>
            </TextLine>
            <TextLine id="tr_1_tl_41" custom="readingOrder {index:40;}">
                <Coords points="635,1161 2064,1173 2120,1165 2124,1060 639,1092"/>
                <Baseline points="656,1152 746,1152 836,1152 925,1158 1015,1158 1104,1152 1194,1158 1283,1152 1373,1152 1463,1158 1552,1152 1642,1152 1731,1152 1821,1152 1910,1152 2000,1152 2090,1152 2131,1152"/>
                <TextEquiv>
                    <Unicode>Der König: „Ich glaube, daß wir so manche Jahre</Unicode>
                </TextEquiv>
            </TextLine>
            <TextLine id="tr_1_tl_42" custom="readingOrder {index:41;}">
                <Coords points="2306,1210 3723,1218 3723,1125 3261,1129 3201,1088 3019,1145 2306,1137"/>
                <Baseline points="2328,1200 2388,1194 2478,1194 2567,1194 2657,1194 2746,1200 2836,1194 2926,1194 3015,1188 3105,1182 3194,1182 3284,1188 3373,1188 3463,1194 3553,1194 3642,1194 3732,1194"/>
                <TextEquiv>
                    <Unicode>Ich erwiderte: „Majestät, diese Art, Monarchenbefuche</Unicode>
                </TextEquiv>
            </TextLine>
            <TextLine id="tr_1_tl_43" custom="readingOrder {index:42;}">
                <Coords points="3791,1222 5369,1226 5365,1157 5272,1141 5066,1182 3787,1149"/>
                <Baseline points="3809,1206 3899,1206 3989,1212 4078,1212 4168,1206 4257,1212 4347,1212 4436,1206 4526,1206 4616,1212 4705,1212 4795,1206 4884,1212 4974,1212 5063,1212 5153,1212 5243,1218 5332,1218 5380,1218"/>
                <TextEquiv>
                    <Unicode>Durch unsere Teilnahme am Kriege gegen die Türkei</Unicode>
                </TextEquiv>
            </TextLine>
            <TextLine id="tr_1_tl_44" custom="readingOrder {index:43;}">
                <Coords points="502,1238 2108,1230 2108,1165 1942,1153 1335,1190 502,1145"/>
                <Baseline points="525,1218 597,1218 686,1224 776,1224 865,1224 955,1224 1045,1218 1134,1224 1224,1218 1313,1218 1403,1224 1492,1224 1582,1224 1672,1218 1761,1224 1851,1218 1940,1224 2030,1218 2119,1212"/>
                <TextEquiv>
                    <Unicode>den Frieden behalten werden. Ich glaube, daß vor¬</Unicode>
                </TextEquiv>
            </TextLine>
            <TextLine id="tr_1_tl_45" custom="readingOrder {index:44;}">
                <Coords points="2173,1291 3120,1250 3735,1307 3735,1218 3666,1202 2484,1234 2173,1173"/>
                <Baseline points="2197,1260 2287,1260 2376,1260 2466,1265 2555,1260 2645,1260 2734,1260 2824,1260 2914,1260 3003,1254 3093,1248 3182,1248 3272,1254 3362,1260 3451,1260 3541,1260 3630,1265 3720,1271 3744,1271"/>
                <TextEquiv>
                    <Unicode>zu deuten, ist aber nicht nur einem Teil der Presse,</Unicode>
                </TextEquiv>
            </TextLine>
            <TextLine id="tr_1_tl_46" custom="readingOrder {index:45;}">
                <Coords points="3791,1283 5377,1299 5377,1230 5301,1222 3791,1218"/>
                <Baseline points="3815,1271 3905,1271 3994,1271 4084,1271 4174,1277 4263,1271 4353,1277 4442,1277 4532,1277 4622,1271 4711,1271 4801,1277 4890,1277 4980,1283 5069,1283 5159,1277 5249,1283 5338,1283 5386,1277"/>
                <TextEquiv>
                    <Unicode>wurden wir frei. Ich konnte mein dem Kaiser Wil¬</Unicode>
                </TextEquiv>
            </TextLine>
            <TextLine id="tr_1_tl_47" custom="readingOrder {index:46;}">
                <Coords points="522,1303 1946,1311 2116,1295 2116,1230 522,1234"/>
                <Baseline points="543,1289 603,1289 692,1289 782,1283 871,1283 961,1289 1051,1289 1140,1289 1230,1289 1319,1289 1409,1283 1498,1283 1588,1283 1678,1283 1767,1283 1857,1283 1946,1283 2036,1283 2125,1283"/>
                <TextEquiv>
                    <Unicode>läufig zu Besorgnissen kein Anlaß vorliegt, aber so weit</Unicode>
                </TextEquiv>
            </TextLine>
            <TextLine id="tr_1_tl_48" custom="readingOrder {index:47;}">
                <Coords points="2169,1376 2270,1380 2327,1335 3310,1335 3310,1266 3269,1254 2901,1287 2582,1287 2509,1254 2408,1295 2173,1262"/>
                <Baseline points="2197,1337 2245,1331 2334,1325 2424,1325 2514,1325 2603,1325 2693,1325 2782,1325 2872,1325 2961,1319 3051,1319 3141,1313 3230,1319 3320,1313"/>
                <TextEquiv>
                    <Unicode>sondern auch der Diplomatie eigentümlich.</Unicode>
                </TextEquiv>
            </TextLine>
            <TextLine id="tr_1_tl_49" custom="readingOrder {index:48;}">
                <Coords points="3787,1364 5382,1368 5382,1299 5208,1283 3787,1283"/>
                <Baseline points="3809,1343 3899,1343 3989,1343 4078,1343 4168,1343 4257,1343 4347,1343 4436,1343 4526,1343 4616,1343 4705,1343 4795,1343 4884,1343 4974,1349 5063,1349 5153,1349 5243,1349 5332,1349 5392,1355"/>
                <TextEquiv>
                    <Unicode>helm gegebenes Wort glücklich einlösen und er teilte mir</Unicode>
                </TextEquiv>
            </TextLine>
            <TextLine id="tr_1_tl_50" custom="readingOrder {index:49;}">
                <Coords points="514,1364 2116,1372 2084,1291 514,1299"/>
                <Baseline points="537,1349 627,1355 716,1355 806,1355 895,1355 985,1355 1074,1355 1164,1355 1254,1355 1343,1355 1433,1355 1522,1355 1612,1355 1701,1355 1791,1349 1881,1349 1970,1355 2060,1349 2125,1355"/>
                <TextEquiv>
                    <Unicode>kann ich allerdings nicht gehen, mit sicherer Voraussicht</Unicode>
                </TextEquiv>
            </TextLine>
            <TextLine id="tr_1_tl_51" custom="readingOrder {index:50;}">
                <Coords points="2306,1412 3714,1416 3739,1331 3350,1299 3261,1360 3184,1323 2306,1339"/>
                <Baseline points="2328,1391 2418,1391 2508,1391 2597,1397 2687,1397 2776,1397 2866,1397 2955,1391 3045,1391 3135,1385 3224,1385 3314,1391 3403,1391 3493,1391 3582,1391 3672,1391 3744,1397"/>
                <TextEquiv>
                    <Unicode>Der König meinte: „Ja, ja, da haben Sie recht</Unicode>
                </TextEquiv>
            </TextLine>
            <TextLine id="tr_1_tl_52" custom="readingOrder {index:51;}">
                <Coords points="3791,1420 5386,1445 5386,1364 5252,1355 3791,1368"/>
                <Baseline points="3815,1409 3905,1409 3994,1409 4084,1409 4174,1409 4263,1409 4353,1409 4442,1409 4532,1409 4622,1409 4711,1409 4801,1415 4890,1409 4980,1415 5069,1415 5159,1415 5249,1421 5338,1421 5392,1427"/>
                <TextEquiv>
                    <Unicode>mit, daß er mir den Orden pour le mérite verliehen</Unicode>
                </TextEquiv>
            </TextLine>
            <TextLine id="tr_1_tl_53" custom="readingOrder {index:52;}">
                <Coords points="502,1436 2108,1432 2064,1360 502,1360"/>
                <Baseline points="525,1421 597,1421 686,1421 776,1421 865,1421 955,1421 1045,1421 1134,1421 1224,1421 1313,1421 1403,1421 1492,1421 1582,1421 1672,1421 1761,1415 1851,1421 1940,1421 2030,1415 2119,1415"/>
                <TextEquiv>
                    <Unicode>den zukünftigen Gang der Dinge in der Türkei zu be¬</Unicode>
                </TextEquiv>
            </TextLine>
            <TextLine id="tr_1_tl_54" custom="readingOrder {index:53;}">
                <Coords points="2181,1469 3727,1481 3727,1416 3609,1392 2323,1424 2181,1388"/>
                <Baseline points="2203,1457 2293,1463 2382,1457 2472,1463 2561,1463 2651,1463 2740,1463 2830,1463 2920,1457 3009,1457 3099,1451 3188,1451 3278,1457 3367,1457 3457,1457 3547,1457 3636,1463 3726,1457 3738,1463"/>
                <TextEquiv>
                    <Unicode>und insbesondere den Diplomaten kleinerer unbeteiligter</Unicode>
                </TextEquiv>
            </TextLine>
            <TextLine id="tr_1_tl_55" custom="readingOrder {index:54;}">
                <Coords points="3791,1485 5390,1501 5386,1436 5309,1428 3791,1420"/>
                <Baseline points="3815,1480 3905,1474 3994,1474 4084,1474 4174,1474 4263,1474 4353,1480 4442,1480 4532,1480 4622,1474 4711,1480 4801,1480 4890,1480 4980,1480 5069,1480 5159,1480 5249,1486 5338,1486 5392,1486"/>
                <TextEquiv>
                    <Unicode>hätte.“ Und der König wies auf seine Brust, an welcher</Unicode>
                </TextEquiv>
            </TextLine>
            <TextLine id="tr_1_tl_56" custom="readingOrder {index:55;}">
                <Coords points="510,1501 1914,1509 1995,1497 1995,1428 510,1440"/>
                <Baseline points="531,1480 621,1486 710,1486 800,1486 889,1480 979,1486 1068,1486 1158,1486 1248,1486 1337,1486 1427,1486 1516,1486 1606,1486 1695,1480 1785,1480 1875,1480 1964,1486 2006,1480"/>
                <TextEquiv>
                    <Unicode>urteilen. Es ist zu wünschen, daß sich das Werk</Unicode>
                </TextEquiv>
            </TextLine>
            <TextLine id="tr_1_tl_57" custom="readingOrder {index:56;}">
                <Coords points="2173,1534 3735,1542 3735,1473 3638,1465 2173,1469"/>
                <Baseline points="2197,1522 2287,1522 2376,1522 2466,1522 2555,1528 2645,1528 2734,1528 2824,1528 2914,1522 3003,1522 3093,1516 3182,1516 3272,1522 3362,1522 3451,1522 3541,1522 3630,1528 3720,1528 3744,1528"/>
                <TextEquiv>
                    <Unicode>Staaten, die gern wichtig tun und sich durch interessant</Unicode>
                </TextEquiv>
            </TextLine>
            <TextLine id="tr_1_tl_58" custom="readingOrder {index:57;}">
                <Coords points="3791,1558 4127,1606 4273,1558 5365,1606 5365,1501 3787,1485"/>
                <Baseline points="3815,1546 3905,1546 3994,1546 4084,1546 4174,1546 4263,1546 4353,1546 4442,1552 4532,1546 4622,1552 4711,1552 4801,1552 4890,1552 4980,1552 5069,1552 5159,1558 5249,1558 5338,1564 5374,1558"/>
                <TextEquiv>
                    <Unicode>der preußische Orden neben anderen Denkzeichen befestigt</Unicode>
                </TextEquiv>
            </TextLine>
            <TextLine id="tr_1_tl_59" custom="readingOrder {index:58;}">
                <Coords points="522,1566 2120,1570 2120,1501 2055,1493 522,1501"/>
                <Baseline points="543,1552 632,1552 722,1552 812,1552 901,1552 991,1552 1080,1552 1170,1552 1260,1552 1349,1552 1439,1552 1528,1552 1618,1552 1707,1552 1797,1552 1887,1552 1976,1552 2066,1552 2131,1558"/>
                <TextEquiv>
                    <Unicode>Verfassung dort befestigt. Die ruhige Entwicklung in der</Unicode>
                </TextEquiv>
            </TextLine>
            <TextLine id="tr_1_tl_60" custom="readingOrder {index:59;}">
                <Coords points="2165,1602 3739,1623 3739,1542 3666,1534 2165,1542"/>
                <Baseline points="2185,1594 2275,1594 2364,1588 2454,1594 2543,1594 2633,1594 2723,1594 2812,1594 2902,1594 2991,1588 3081,1588 3170,1588 3260,1594 3350,1594 3439,1600 3529,1594 3618,1594 3708,1594 3744,1594"/>
                <TextEquiv>
                    <Unicode>tuende Berichte an ihre Regierungen auszeichnen wollen.</Unicode>
                </TextEquiv>
            </TextLine>
            <TextLine id="tr_1_tl_61" custom="readingOrder {index:60;}">
                <Coords points="502,1667 1979,1639 1950,1562 886,1594 502,1554"/>
                <Baseline points="525,1630 555,1630 644,1624 734,1624 824,1624 913,1624 1003,1618 1092,1624 1182,1624 1271,1618 1361,1618 1451,1618 1540,1618 1630,1618 1719,1624 1809,1618 1898,1618 1988,1618"/>
                <TextEquiv>
                    <Unicode>Türkei wäre eine Garantie mehr für den Frieden“.</Unicode>
                </TextEquiv>
            </TextLine>
            <TextLine id="tr_1_tl_62" custom="readingOrder {index:61;}">
                <Coords points="2169,1671 2278,1695 2513,1663 2602,1699 2638,1667 3156,1667 3156,1606 3112,1590 2800,1631 2739,1594 2679,1627 2622,1590 2521,1627 2379,1594 2169,1606"/>
                <Baseline points="2191,1654 2269,1660 2358,1654 2448,1660 2537,1660 2627,1660 2717,1666 2806,1660 2896,1660 2985,1654 3075,1648 3164,1648"/>
                <TextEquiv>
                    <Unicode>Diese Leute geben sich eben ein air.</Unicode>
                </TextEquiv>
            </TextLine>
            <TextLine id="tr_1_tl_63" custom="readingOrder {index:62;}">
                <Coords points="3901,1699 4637,1712 4742,1671 4783,1712 5284,1679 5377,1716 5377,1602 5228,1631 5143,1570 4888,1623 4682,1574 4609,1631 4499,1578 3901,1618"/>
                <Baseline points="3923,1678 4012,1678 4102,1678 4192,1678 4281,1678 4371,1678 4460,1683 4550,1683 4639,1683 4729,1678 4819,1683 4908,1683 4998,1683 5087,1689 5177,1689 5266,1695 5356,1689 5386,1695"/>
                <TextEquiv>
                    <Unicode>Im Verlaufe des Gespräches erwähnte ich, daß ich</Unicode>
                </TextEquiv>
            </TextLine>
            <TextLine id="tr_1_tl_64" custom="readingOrder {index:63;}">
                <Coords points="639,1732 2003,1720 2112,1708 2112,1631 639,1667"/>
                <Baseline points="662,1701 686,1701 776,1701 865,1701 955,1701 1045,1701 1134,1701 1224,1701 1313,1695 1403,1695 1492,1701 1582,1701 1672,1695 1761,1695 1851,1695 1940,1695 2030,1695 2119,1695"/>
                <TextEquiv>
                    <Unicode>„Eure Majestät genießen den Ruf, ein Freund des</Unicode>
                </TextEquiv>
            </TextLine>
            <TextLine id="tr_1_tl_65" custom="readingOrder {index:64;}">
                <Coords points="2298,1732 5394,1784 5284,1683 2298,1671"/>
                <Baseline points="2322,1725 2412,1725 2502,1725 2591,1725 2681,1725 2770,1725 2860,1725 2949,1725 3039,1719 3129,1713 3218,1719 3308,1719 3397,1719 3487,1725 3576,1725 3666,1731 3756,1725 3762,1725 3815,1743 3905,1749 3994,1743 4084,1743 4174,1749 4263,1749 4353,1749 4442,1749 4532,1749 4622,1749 4711,1749 4801,1755 4890,1755 4980,1749 5069,1755 5159,1755 5249,1761 5338,1761 5398,1761"/>
                <TextEquiv>
                    <Unicode>Und der König kam nochmals auf Racconigi zu die vier Bände Erinnerungen des Königs mit großem</Unicode>
                </TextEquiv>
            </TextLine>
            <TextLine id="tr_1_tl_66" custom="readingOrder {index:65;}">
                <Coords points="510,1784 2108,1792 2108,1708 995,1699 866,1740 510,1687"/>
                <Baseline points="531,1773 597,1773 686,1767 776,1767 865,1767 955,1767 1045,1767 1134,1767 1224,1767 1313,1761 1403,1761 1492,1767 1582,1761 1672,1761 1761,1761 1851,1761 1940,1767 2030,1761 2119,1767"/>
                <TextEquiv>
                    <Unicode>Dreibundes zu sein. Es war sogar verbreitet, daß</Unicode>
                </TextEquiv>
            </TextLine>
            <TextLine id="tr_1_tl_67" custom="readingOrder {index:66;}">
                <Coords points="2193,1805 3735,1805 3735,1744 3654,1736 2533,1764 2193,1716"/>
                <Baseline points="2215,1791 2305,1791 2394,1791 2484,1791 2573,1791 2663,1797 2752,1797 2842,1791 2932,1785 3021,1785 3111,1785 3200,1785 3290,1785 3379,1791 3469,1791 3559,1791 3648,1791 3738,1791 3744,1791"/>
                <TextEquiv>
                    <Unicode>sprechen und meinte: „Sie sehen, die Minister wechseln in</Unicode>
                </TextEquiv>
            </TextLine>
            <TextLine id="tr_1_tl_68" custom="readingOrder {index:67;}">
                <Coords points="3787,1829 5382,1861 5341,1768 3787,1760"/>
                <Baseline points="3809,1803 3899,1809 3989,1815 4078,1815 4168,1815 4257,1815 4347,1821 4436,1821 4526,1815 4616,1821 4705,1821 4795,1821 4884,1821 4974,1821 5063,1821 5153,1821 5243,1827 5332,1833 5386,1833"/>
                <TextEquiv>
                    <Unicode>Genuß gelesen hätte. „Es wäre wünschenswert," sagte ich,</Unicode>
                </TextEquiv>
            </TextLine>
            <TextLine id="tr_1_tl_69" custom="readingOrder {index:68;}">
                <Coords points="502,1849 2120,1845 2120,1792 2051,1772 502,1788"/>
                <Baseline points="525,1833 615,1839 704,1839 794,1833 883,1833 973,1833 1062,1833 1152,1833 1242,1833 1331,1833 1421,1833 1510,1833 1600,1833 1689,1833 1779,1833 1869,1833 1958,1833 2048,1833 2131,1833"/>
                <TextEquiv>
                    <Unicode>Rumänien ein Alliierter des Dreibundes und sozusagen im</Unicode>
                </TextEquiv>
            </TextLine>
            <TextLine id="tr_1_tl_70" custom="readingOrder {index:69;}">
                <Coords points="2181,1869 3723,1869 3666,1801 2181,1813"/>
                <Baseline points="2203,1863 2293,1857 2382,1857 2472,1851 2561,1857 2651,1857 2740,1857 2830,1857 2920,1857 3009,1851 3099,1845 3188,1851 3278,1851 3367,1857 3457,1857 3547,1857 3636,1857 3726,1863 3732,1863"/>
                <TextEquiv>
                    <Unicode>Italien — aber Italien bleibt im Dreibund, unabhängig</Unicode>
                </TextEquiv>
            </TextLine>
            <TextLine id="tr_1_tl_71" custom="readingOrder {index:70;}">
                <Coords points="3787,1902 5382,1926 5382,1861 5284,1833 3787,1829"/>
                <Baseline points="3809,1875 3899,1875 3989,1881 4078,1881 4168,1881 4257,1881 4347,1881 4436,1881 4526,1887 4616,1887 4705,1887 4795,1887 4884,1892 4974,1892 5063,1892 5153,1892 5243,1898 5332,1892 5386,1898"/>
                <TextEquiv>
                    <Unicode>„daß Eure Majestät den abgebrochenen Faden der Er¬</Unicode>
                </TextEquiv>
            </TextLine>
            <TextLine id="tr_1_tl_72" custom="readingOrder {index:71;}">
                <Coords points="526,1918 1930,1918 2120,1906 2120,1845 526,1849"/>
                <Baseline points="549,1904 609,1904 698,1898 788,1898 877,1898 967,1898 1056,1898 1146,1898 1236,1898 1325,1898 1415,1898 1504,1898 1594,1898 1683,1892 1773,1898 1863,1898 1952,1892 2042,1892 2131,1898"/>
                <TextEquiv>
                    <Unicode>Bunde der Vierte wäre. Insbesondere dankt man es</Unicode>
                </TextEquiv>
            </TextLine>
            <TextLine id="tr_1_tl_73" custom="readingOrder {index:72;}">
                <Coords points="2173,1934 3735,1938 3735,1882 3431,1853 2173,1869"/>
                <Baseline points="2197,1922 2287,1928 2376,1928 2466,1922 2555,1922 2645,1928 2734,1928 2824,1928 2914,1922 3003,1922 3093,1910 3182,1916 3272,1922 3362,1922 3451,1922 3541,1922 3630,1922 3720,1922 3744,1928"/>
                <TextEquiv>
                    <Unicode>davon, ob ein Tittoni oder ein Guicciardini ober ein San</Unicode>
                </TextEquiv>
            </TextLine>
            <TextLine id="tr_1_tl_74" custom="readingOrder {index:73;}">
                <Coords points="3787,1991 3921,1958 4058,1983 4087,1954 4540,1975 4540,1894 4423,1910 4370,1882 4346,1906 4228,1914 3953,1877 3925,1902 3787,1906"/>
                <Baseline points="3809,1958 3833,1952 3923,1946 4012,1946 4102,1946 4192,1946 4281,1946 4371,1952 4460,1952 4550,1952"/>
                <TextEquiv>
                    <Unicode>zählung wieder aufnehmen.</Unicode>
                </TextEquiv>
            </TextLine>
            <TextLine id="tr_1_tl_75" custom="readingOrder {index:74;}">
                <Coords points="526,1983 1716,2007 1756,1966 2120,1983 2124,1910 526,1918"/>
                <Baseline points="549,1970 603,1970 692,1970 782,1970 871,1970 961,1970 1051,1970 1140,1970 1230,1970 1319,1964 1409,1964 1498,1964 1588,1970 1678,1964 1767,1964 1857,1964 1946,1964 2036,1964 2125,1964"/>
                <TextEquiv>
                    <Unicode>Eurer Majestät in Oesterreich=Ungarn, daß die Politik</Unicode>
                </TextEquiv>
            </TextLine>
            <TextLine id="tr_1_tl_76" custom="readingOrder {index:75;}">
                <Coords points="2181,1999 3735,2003 3735,1938 3605,1926 2181,1934"/>
                <Baseline points="2203,1988 2293,1994 2382,1988 2472,1994 2561,1994 2651,1994 2740,1994 2830,1994 2920,1988 3009,1988 3099,1988 3188,1988 3278,1988 3367,1988 3457,1988 3547,1988 3636,1988 3726,1988 3744,1994"/>
                <TextEquiv>
                    <Unicode>Giuliano am Ruder ist. In der internationalen</Unicode>
                </TextEquiv>
            </TextLine>
            <TextLine id="tr_1_tl_77" custom="readingOrder {index:76;}">
                <Coords points="3897,2023 5382,2047 5377,1938 5333,1934 5066,1991 4957,1950 4677,1979 4629,1934 4475,1983 3892,1966"/>
                <Baseline points="3917,2012 4006,2012 4096,2012 4186,2012 4275,2018 4365,2018 4454,2018 4544,2024 4633,2024 4723,2024 4813,2024 4902,2024 4992,2024 5081,2024 5171,2030 5260,2030 5350,2030 5392,2024"/>
                <TextEquiv>
                    <Unicode>Der König meinte: „Die ersten Bände reichen bis</Unicode>
                </TextEquiv>
            </TextLine>
            <TextLine id="tr_1_tl_78" custom="readingOrder {index:77;}">
                <Coords points="514,2064 2120,2043 2120,1983 1797,1962 514,1983"/>
                <Baseline points="537,2042 609,2036 698,2036 788,2036 877,2036 967,2030 1056,2036 1146,2036 1236,2036 1325,2036 1415,2036 1504,2030 1594,2030 1683,2030 1773,2030 1863,2030 1952,2030 2042,2030 2131,2030"/>
                <TextEquiv>
                    <Unicode>des Königreichs Rumänien sich im guten Einvernehmen</Unicode>
                </TextEquiv>
            </TextLine>
            <TextLine id="tr_1_tl_79" custom="readingOrder {index:78;}">
                <Coords points="2173,2068 3739,2072 3710,1995 2173,1999"/>
                <Baseline points="2197,2060 2227,2060 2316,2054 2406,2054 2496,2060 2585,2060 2675,2054 2764,2054 2854,2054 2943,2054 3033,2054 3123,2048 3212,2048 3302,2054 3391,2054 3481,2054 3571,2054 3660,2060 3750,2048"/>
                <TextEquiv>
                    <Unicode>Politik muß eben das wohlerwogene Interesse stärker sein</Unicode>
                </TextEquiv>
            </TextLine>
            <TextLine id="tr_1_tl_80" custom="readingOrder {index:79;}">
                <Coords points="3803,2092 5337,2112 5390,2108 5390,2047 3799,2023"/>
                <Baseline points="3827,2084 3917,2078 4006,2078 4096,2078 4186,2078 4275,2084 4365,2084 4454,2084 4544,2084 4633,2090 4723,2090 4813,2090 4902,2090 4992,2090 5081,2090 5171,2096 5260,2096 5350,2096 5398,2096"/>
                <TextEquiv>
                    <Unicode>zum Augenblicke der Proklamierung des Königreiches.</Unicode>
                </TextEquiv>
            </TextLine>
            <TextLine id="tr_1_tl_81" custom="readingOrder {index:80;}">
                <Coords points="510,2124 2023,2132 2116,2112 2116,2043 510,2060"/>
                <Baseline points="531,2113 603,2107 692,2107 782,2102 871,2102 961,2102 1051,2102 1140,2102 1230,2102 1319,2102 1409,2102 1498,2096 1588,2102 1678,2102 1767,2096 1857,2096 1946,2096 2036,2096 2125,2096"/>
                <TextEquiv>
                    <Unicode>mit der auswärtigen Politik Oesterreich=Ungarns vollzieht.“</Unicode>
                </TextEquiv>
            </TextLine>
            <TextLine id="tr_1_tl_82" custom="readingOrder {index:81;}">
                <Coords points="2181,2132 3739,2136 3731,2068 3439,2055 2181,2076"/>
                <Baseline points="2203,2125 2293,2119 2382,2119 2472,2125 2561,2125 2651,2119 2740,2119 2830,2125 2920,2119 3009,2119 3099,2113 3188,2113 3278,2119 3367,2119 3457,2119 3547,2119 3636,2119 3726,2119 3750,2125"/>
                <TextEquiv>
                    <Unicode>als das persönliche Gefühl." Und im Anschlusse daran</Unicode>
                </TextEquiv>
            </TextLine>
            <TextLine id="tr_1_tl_83" custom="readingOrder {index:82;}">
                <Coords points="3803,2157 5382,2189 5382,2104 3803,2092"/>
                <Baseline points="3827,2143 3917,2143 4006,2143 4096,2143 4186,2149 4275,2149 4365,2149 4454,2149 4544,2149 4633,2155 4723,2155 4813,2161 4902,2155 4992,2155 5081,2161 5171,2161 5260,2167 5350,2167 5392,2173"/>
                <TextEquiv>
                    <Unicode>Das war Geschichte. Es ist vorläufig schwer möglich, daß</Unicode>
                </TextEquiv>
            </TextLine>
            <TextLine id="tr_1_tl_84" custom="readingOrder {index:83;}">
                <Coords points="639,2193 2120,2201 2120,2108 639,2116"/>
                <Baseline points="662,2185 698,2185 788,2185 877,2185 967,2185 1056,2191 1146,2185 1236,2179 1325,2185 1415,2185 1504,2179 1594,2185 1683,2179 1773,2179 1863,2179 1952,2173 2042,2179 2131,2173"/>
                <TextEquiv>
                    <Unicode>Der König: „Ich glaube, daß, wo es das wohl¬</Unicode>
                </TextEquiv>
            </TextLine>
            <TextLine id="tr_1_tl_85" custom="readingOrder {index:84;}">
                <Coords points="2181,2197 3739,2229 3698,2132 2181,2132"/>
                <Baseline points="2203,2191 2293,2191 2382,2191 2472,2191 2561,2191 2651,2191 2740,2191 2830,2191 2920,2191 3009,2185 3099,2179 3188,2191 3278,2185 3367,2185 3457,2191 3547,2191 3636,2191 3726,2191 3750,2197"/>
                <TextEquiv>
                    <Unicode>berührte der König die jüngste Begegnung des Herrn von</Unicode>
                </TextEquiv>
            </TextLine>
            <TextLine id="tr_1_tl_86" custom="readingOrder {index:85;}">
                <Coords points="3799,2221 5244,2238 5244,2189 5155,2173 3799,2153"/>
                <Baseline points="3821,2209 3911,2209 4000,2209 4090,2209 4180,2215 4269,2215 4359,2215 4448,2221 4538,2221 4627,2221 4717,2221 4807,2227 4896,2227 4986,2227 5075,2227 5165,2227 5255,2233 5260,2227"/>
                <TextEquiv>
                    <Unicode>ich mit der Fortsetzung hervortrete, denn es müßten</Unicode>
                </TextEquiv>
            </TextLine>
            <TextLine id="tr_1_tl_87" custom="readingOrder {index:86;}">
                <Coords points="514,2262 2128,2266 2128,2193 514,2201"/>
                <Baseline points="537,2251 615,2251 704,2251 794,2251 883,2251 973,2245 1062,2245 1152,2245 1242,2245 1331,2245 1421,2245 1510,2251 1600,2245 1689,2245 1779,2245 1869,2239 1958,2239 2048,2239 2137,2245"/>
                <TextEquiv>
                    <Unicode>erwogene Interesse erheischt, die geschriebenen Verträge</Unicode>
                </TextEquiv>
            </TextLine>
            <TextLine id="tr_1_tl_88" custom="readingOrder {index:87;}">
                <Coords points="2181,2270 3241,2250 3557,2286 3557,2205 3439,2189 2181,2197"/>
                <Baseline points="2203,2257 2293,2257 2382,2251 2472,2257 2561,2251 2651,2257 2740,2251 2830,2251 2920,2251 3009,2251 3099,2245 3188,2245 3278,2251 3367,2251 3457,2251 3547,2257 3565,2257"/>
                <TextEquiv>
                    <Unicode>Bethmann Hollweg mit San Giuliano in Florenz.</Unicode>
                </TextEquiv>
            </TextLine>
            <TextLine id="tr_1_tl_89" custom="readingOrder {index:88;}">
                <Coords points="3791,2282 4592,2302 4665,2355 5386,2327 5386,2185 5155,2266 3791,2217"/>
                <Baseline points="3815,2269 3905,2275 3994,2275 4084,2275 4174,2281 4263,2281 4353,2281 4442,2287 4532,2287 4622,2287 4711,2293 4801,2293 4890,2293 4980,2293 5069,2293 5159,2293 5249,2299 5338,2299 5392,2299"/>
                <TextEquiv>
                    <Unicode>delikate Momente berührt werden, deren Einfluß bis in</Unicode>
                </TextEquiv>
            </TextLine>
            <TextLine id="tr_1_tl_90" custom="readingOrder {index:89;}">
                <Coords points="502,2335 1999,2335 2120,2319 2120,2262 502,2270"/>
                <Baseline points="525,2316 609,2316 698,2316 788,2316 877,2316 967,2316 1056,2311 1146,2311 1236,2311 1325,2311 1415,2311 1504,2311 1594,2311 1683,2311 1773,2311 1863,2305 1952,2305 2042,2305 2131,2305"/>
                <TextEquiv>
                    <Unicode>überflüssig sind. Wir brauchen keine Verträge, durch die</Unicode>
                </TextEquiv>
            </TextLine>
            <TextLine id="tr_1_tl_91" custom="readingOrder {index:90;}">
                <Coords points="2310,2339 3642,2351 3747,2335 3747,2258 2310,2262"/>
                <Baseline points="2334,2322 2412,2316 2502,2316 2591,2322 2681,2322 2770,2322 2860,2322 2949,2316 3039,2311 3129,2311 3218,2311 3308,2316 3397,2322 3487,2316 3576,2316 3666,2316 3756,2316"/>
                <TextEquiv>
                    <Unicode>Die Rede kam wieder auf den Balkan. Ich glaubte,</Unicode>
                </TextEquiv>
            </TextLine>
            <TextLine id="tr_1_tl_92" custom="readingOrder {index:91;}">
                <Coords points="3816,2363 4006,2347 4022,2363 4196,2371 4228,2351 4305,2375 4329,2359 4390,2371 4386,2298 4338,2290 4155,2306 3933,2286 3905,2306 3812,2286"/>
                <Baseline points="3833,2346 3923,2340 4012,2340 4102,2346 4192,2346 4281,2346 4371,2352 4401,2352"/>
                <TextEquiv>
                    <Unicode>die Gegenwart reicht.</Unicode>
                </TextEquiv>
            </TextLine>
            <TextLine id="tr_1_tl_93" custom="readingOrder {index:92;}">
                <Coords points="522,2399 2108,2399 2112,2314 526,2335"/>
                <Baseline points="543,2388 597,2388 686,2388 776,2388 865,2382 955,2382 1045,2382 1134,2382 1224,2382 1313,2382 1403,2376 1492,2376 1582,2376 1672,2382 1761,2382 1851,2376 1940,2376 2030,2376 2119,2376"/>
                <TextEquiv>
                    <Unicode>wir Oestereich=Ungarn naherücken. Wir sind Oesterreich¬</Unicode>
                </TextEquiv>
            </TextLine>
            <TextLine id="tr_1_tl_94" custom="readingOrder {index:93;}">
                <Coords points="2173,2412 3747,2399 3694,2327 2719,2355 2173,2314"/>
                <Baseline points="2197,2388 2287,2388 2376,2388 2466,2388 2555,2388 2645,2388 2734,2388 2824,2388 2914,2388 3003,2382 3093,2376 3182,2376 3272,2382 3362,2382 3451,2382 3541,2382 3630,2388 3720,2382 3756,2388"/>
                <TextEquiv>
                    <Unicode>den Eindruck zu haben, als ob es der König im</Unicode>
                </TextEquiv>
            </TextLine>
            <TextLine id="tr_1_tl_95" custom="readingOrder {index:94;}">
                <Coords points="3884,2420 5390,2444 5390,2367 5090,2339 4945,2379 4771,2331 4576,2371 3884,2347"/>
                <Baseline points="3905,2406 3994,2406 4084,2412 4174,2412 4263,2412 4353,2412 4442,2424 4448,2424 4478,2424 4568,2418 4657,2418 4747,2418 4836,2424 4926,2424 5016,2424 5105,2430 5195,2430 5284,2430 5374,2430 5398,2430"/>
                <TextEquiv>
                    <Unicode>Nichtsdestoweniger glaube ich den Eindruck ge¬</Unicode>
                </TextEquiv>
            </TextLine>
            <TextLine id="tr_1_tl_96" custom="readingOrder {index:95;}">
                <Coords points="522,2472 1424,2452 1631,2501 1979,2452 2136,2497 2136,2391 2064,2383 522,2399"/>
                <Baseline points="543,2454 621,2454 710,2448 800,2448 889,2454 979,2448 1068,2448 1158,2448 1248,2448 1337,2442 1427,2442 1516,2442 1606,2448 1695,2448 1785,2442 1875,2448 1964,2442 2054,2442 2143,2442"/>
                <TextEquiv>
                    <Unicode>Ungarn nahegerückt durch das Gebieterische der Interessen</Unicode>
                </TextEquiv>
            </TextLine>
            <TextLine id="tr_1_tl_97" custom="readingOrder {index:96;}">
                <Coords points="2181,2464 5394,2509 2181,2408"/>
                <Baseline points="2203,2454 2233,2448 2322,2454 2412,2448 2502,2454 2591,2454 2681,2448 2770,2454 2860,2454 2949,2454 3039,2448 3129,2448 3218,2448 3308,2448 3397,2448 3487,2448 3576,2448 3666,2448 3756,2448 3809,2466 3899,2472 3989,2472 4078,2478 4168,2478 4257,2478 4347,2478 4436,2478 4526,2484 4616,2484 4705,2484 4795,2490 4884,2490 4974,2490 5063,2496 5153,2496 5243,2496 5332,2496 5404,2490"/>
                <TextEquiv>
                    <Unicode>rumänischen Interesse gelegen hielte, daß sich Belgarien ### wonnen zu haben, das die Memoiren des Königs ein¬</Unicode>
                </TextEquiv>
            </TextLine>
            <TextLine id="tr_1_tl_98" custom="readingOrder {index:97;}">
                <Coords points="514,2561 1088,2521 1129,2553 1279,2521 1445,2561 1517,2521 1606,2549 1606,2460 514,2468"/>
                <Baseline points="537,2520 543,2520 632,2520 722,2520 812,2520 901,2520 991,2520 1080,2514 1170,2514 1260,2514 1349,2514 1439,2508 1528,2508 1618,2514"/>
                <TextEquiv>
                    <Unicode>und durch das gegenseitige Vertrauen.</Unicode>
                </TextEquiv>
            </TextLine>
            <TextLine id="tr_1_tl_99" custom="readingOrder {index:98;}">
                <Coords points="2177,2545 4386,2598 4779,2590 4831,2513 2173,2464"/>
                <Baseline points="2197,2514 2287,2514 2376,2514 2466,2514 2555,2520 2645,2520 2734,2514 2824,2520 2914,2520 3003,2514 3093,2508 3182,2508 3272,2508 3362,2514 3451,2514 3541,2520 3630,2514 3720,2514 3756,2520 3809,2543 3899,2543 3989,2543 4078,2543 4168,2549 4257,2549 4347,2549 4436,2555 4526,2549 4616,2555 4705,2555 4795,2561 4842,2561"/>
                <TextEquiv>
                    <Unicode>nicht allzu sehr vergrößere. Der König sagte: mal ihre Fortsetzung finden werden.</Unicode>
                </TextEquiv>
            </TextLine>
            <TextLine id="tr_1_tl_100" custom="readingOrder {index:99;}">
                <Coords points="2193,2598 3735,2622 3702,2521 2193,2541"/>
                <Baseline points="2215,2579 2305,2579 2394,2585 2484,2585 2573,2591 2663,2591 2752,2591 2842,2591 2932,2585 3021,2585 3111,2585 3200,2585 3290,2579 3379,2585 3469,2579 3559,2585 3648,2585 3738,2585 3744,2585"/>
                <TextEquiv>
                    <Unicode>„Wir haben ja auch ein bulgarisches Element in</Unicode>
                </TextEquiv>
            </TextLine>
            <TextLine id="tr_1_tl_101" custom="readingOrder {index:100;}">
                <Coords points="647,2622 2128,2598 2080,2509 1772,2529 1728,2484 1449,2561 1198,2521 651,2549"/>
                <Baseline points="668,2609 704,2597 794,2597 883,2597 973,2597 1062,2597 1152,2597 1242,2591 1331,2591 1421,2591 1510,2591 1600,2591 1689,2585 1779,2585 1869,2585 1958,2585 2048,2585 2137,2585"/>
                <TextEquiv>
                    <Unicode>„Man sprach, Majestät, von einer Militärkonvention.“</Unicode>
                </TextEquiv>
            </TextLine>
            <TextLine id="tr_1_tl_102" custom="readingOrder {index:101;}">
                <Coords points="3909,2646 5390,2666 5390,2549 3909,2573"/>
                <Baseline points="3929,2621 4018,2621 4108,2621 4198,2621 4287,2621 4377,2621 4466,2627 4556,2621 4645,2627 4735,2627 4825,2633 4914,2633 5004,2633 5093,2645 5183,2639 5272,2639 5362,2645 5398,2651"/>
                <TextEquiv>
                    <Unicode>Der König kam auf Sir Max Waechter zu sprechen,</Unicode>
                </TextEquiv>
            </TextLine>
            <TextLine id="tr_1_tl_103" custom="readingOrder {index:102;}">
                <Coords points="2181,2695 2286,2687 2323,2658 2403,2658 2428,2671 2472,2658 2505,2671 2505,2606 2492,2602 2472,2610 2460,2598 2424,2598 2399,2610 2367,2590 2319,2606 2238,2590 2181,2602"/>
                <Baseline points="2203,2651 2245,2645 2334,2645 2424,2645 2514,2639"/>
                <TextEquiv>
                    <Unicode>Rumänien."</Unicode>
                </TextEquiv>
            </TextLine>
            <TextLine id="tr_1_tl_104" custom="readingOrder {index:103;}">
                <Coords points="639,2679 1898,2687 2120,2675 2120,2606 639,2618"/>
                <Baseline points="662,2675 698,2675 788,2669 877,2669 967,2669 1056,2669 1146,2669 1236,2669 1325,2663 1415,2663 1504,2663 1594,2663 1683,2663 1773,2663 1863,2663 1952,2663 2042,2657 2131,2663"/>
                <TextEquiv>
                    <Unicode>Der König: „Diese Konvention besteht nicht. Wie</Unicode>
                </TextEquiv>
            </TextLine>
            <TextLine id="tr_1_tl_105" custom="readingOrder {index:104;}">
                <Coords points="3799,2707 5394,2735 5394,2662 5345,2654 3799,2626"/>
                <Baseline points="3821,2681 3911,2681 4000,2681 4090,2687 4180,2687 4269,2687 4359,2687 4448,2693 4538,2693 4627,2693 4717,2693 4807,2699 4896,2705 4986,2705 5075,2699 5165,2705 5255,2705 5344,2711 5404,2717"/>
                <TextEquiv>
                    <Unicode>den er am Vormittag in mehr als einstündiger Audienz</Unicode>
                </TextEquiv>
            </TextLine>
            <TextLine id="tr_1_tl_106" custom="readingOrder {index:105;}">
                <Coords points="2282,2731 3698,2735 3739,2634 3322,2654 3217,2614 3031,2662 2913,2622 2857,2662 2573,2626 2282,2671"/>
                <Baseline points="2305,2711 2394,2711 2484,2711 2573,2717 2663,2711 2752,2711 2842,2711 2932,2711 3021,2711 3111,2705 3200,2711 3290,2711 3379,2711 3469,2711 3559,2711 3648,2711 3738,2711 3750,2711"/>
                <TextEquiv>
                    <Unicode>Mir wollte es scheinen, als ob der König das ru-</Unicode>
                </TextEquiv>
            </TextLine>
            <TextLine id="tr_1_tl_107" custom="readingOrder {index:106;}">
                <Coords points="514,2768 1764,2739 2120,2784 2120,2671 1979,2658 514,2687"/>
                <Baseline points="537,2752 609,2746 698,2740 788,2740 877,2740 967,2734 1056,2740 1146,2734 1236,2734 1325,2729 1415,2729 1504,2729 1594,2729 1683,2734 1773,2729 1863,2729 1952,2729 2042,2729 2131,2734"/>
                <TextEquiv>
                    <Unicode>gesagt, zwischen Oesterreich=Ungarn und Rumänien bedarf</Unicode>
                </TextEquiv>
            </TextLine>
            <TextLine id="tr_1_tl_108" custom="readingOrder {index:107;}">
                <Coords points="3803,2764 5406,2784 5406,2735 5155,2703 3803,2707"/>
                <Baseline points="3827,2746 3917,2752 4006,2752 4096,2752 4186,2752 4275,2758 4365,2758 4454,2758 4544,2758 4633,2758 4723,2758 4813,2764 4902,2776 4992,2770 5081,2770 5171,2770 5260,2770 5350,2776 5416,2776"/>
                <TextEquiv>
                    <Unicode>empfangen hatte. Der König sagte : „Die Auseinander-</Unicode>
                </TextEquiv>
            </TextLine>
            <TextLine id="tr_1_tl_109" custom="readingOrder {index:108;}">
                <Coords points="2181,2796 3747,2792 3747,2719 3666,2715 2181,2715"/>
                <Baseline points="2203,2776 2293,2776 2382,2782 2472,2782 2561,2776 2651,2782 2740,2776 2830,2776 2920,2776 3009,2776 3099,2776 3188,2770 3278,2776 3367,2776 3457,2776 3547,2776 3636,2776 3726,2776 3756,2776"/>
                <TextEquiv>
                    <Unicode>mänische Element für milder angelegt hielt als das bul¬</Unicode>
                </TextEquiv>
            </TextLine>
            <TextLine id="tr_1_tl_110" custom="readingOrder {index:109;}">
                <Coords points="514,2820 1376,2828 1525,2812 1525,2743 514,2768"/>
                <Baseline points="537,2812 549,2812 638,2812 728,2806 818,2806 907,2812 997,2806 1086,2800 1176,2800 1265,2800 1355,2800 1445,2800 1534,2788"/>
                <TextEquiv>
                    <Unicode>es nicht erst geschriebener Verträge.</Unicode>
                </TextEquiv>
            </TextLine>
            <TextLine id="tr_1_tl_111" custom="readingOrder {index:110;}">
                <Coords points="3812,2836 5406,2857 5377,2780 3812,2764"/>
                <Baseline points="3833,2812 3923,2818 4012,2818 4102,2818 4192,2818 4281,2824 4371,2824 4460,2824 4550,2824 4639,2824 4729,2824 4819,2836 4908,2836 4998,2836 5087,2836 5177,2836 5266,2836 5356,2842 5410,2842"/>
                <TextEquiv>
                    <Unicode>setzung seiner generösen Absichten hat mich interessiert.</Unicode>
                </TextEquiv>
            </TextLine>
            <TextLine id="tr_1_tl_112" custom="readingOrder {index:111;}">
                <Coords points="2193,2869 3140,2836 3427,2881 3747,2853 3747,2796 2193,2804"/>
                <Baseline points="2215,2842 2305,2848 2394,2842 2484,2842 2573,2848 2663,2848 2752,2848 2842,2848 2932,2848 3021,2848 3111,2836 3200,2842 3290,2842 3379,2842 3469,2842 3559,2842 3648,2842 3738,2842 3756,2848"/>
                <TextEquiv>
                    <Unicode>garische. Andererseits aber ließ er den nicht gewöhnlichen</Unicode>
                </TextEquiv>
            </TextLine>
            <TextLine id="tr_1_tl_113" custom="readingOrder {index:112;}">
                <Coords points="664,2909 2128,2885 2132,2788 664,2832"/>
                <Baseline points="686,2890 704,2884 794,2884 883,2884 973,2884 1062,2878 1152,2878 1242,2878 1331,2878 1421,2878 1510,2878 1600,2878 1689,2872 1779,2872 1869,2872 1958,2872 2048,2872 2137,2866"/>
                <TextEquiv>
                    <Unicode>„Eure Majestät sind in Ihrer Persönlichkeit eine</Unicode>
                </TextEquiv>
            </TextLine>
            <TextLine id="tr_1_tl_114" custom="readingOrder {index:113;}">
                <Coords points="3799,2905 5394,2929 5394,2849 3799,2828"/>
                <Baseline points="3821,2884 3911,2884 4000,2884 4090,2884 4180,2890 4269,2890 4359,2890 4448,2890 4538,2896 4627,2896 4717,2896 4807,2896 4896,2896 4986,2896 5075,2902 5165,2902 5255,2902 5344,2908 5404,2902"/>
                <TextEquiv>
                    <Unicode>Aber dieses Ideal einer europäischen Föderation durch</Unicode>
                </TextEquiv>
            </TextLine>
            <TextLine id="tr_1_tl_115" custom="readingOrder {index:114;}">
                <Coords points="2185,2929 3545,2938 3747,2921 3747,2853 2185,2865"/>
                <Baseline points="2209,2908 2299,2908 2388,2908 2478,2908 2567,2914 2657,2908 2746,2908 2836,2908 2926,2914 3015,2908 3105,2902 3194,2908 3284,2908 3373,2908 3463,2908 3553,2908 3642,2908 3732,2908 3756,2908"/>
                <TextEquiv>
                    <Unicode>Eigenschaften des bulgarischen Volkes alle Gerechtigkeit</Unicode>
                </TextEquiv>
            </TextLine>
            <TextLine id="tr_1_tl_116" custom="readingOrder {index:115;}">
                <Coords points="522,2962 2120,2958 2092,2881 955,2917 522,2873"/>
                <Baseline points="543,2955 609,2949 698,2949 788,2949 877,2949 967,2943 1056,2943 1146,2943 1236,2943 1325,2943 1415,2943 1504,2943 1594,2949 1683,2943 1773,2943 1863,2938 1952,2938 2042,2938 2131,2938"/>
                <TextEquiv>
                    <Unicode>Garantie des Anschlusses an diese Friedenspolitik. Es</Unicode>
                </TextEquiv>
            </TextLine>
            <TextLine id="tr_1_tl_117" custom="readingOrder {index:116;}">
                <Coords points="3799,2958 5406,2994 5406,2925 4868,2889 3795,2901"/>
                <Baseline points="3821,2949 3911,2949 4000,2949 4090,2949 4180,2955 4269,2955 4359,2955 4448,2955 4538,2961 4627,2961 4717,2961 4807,2961 4896,2967 4986,2967 5075,2967 5165,2967 5255,2973 5344,2973 5416,2979"/>
                <TextEquiv>
                    <Unicode>eine Zollunion ist schwer zu verwirklichen. Bei Rumänien</Unicode>
                </TextEquiv>
            </TextLine>
            <TextLine id="tr_1_tl_118" custom="readingOrder {index:117;}">
                <Coords points="2185,3006 2666,2974 3128,3031 3439,2982 3682,3027 3739,2998 3739,2917 2185,2929"/>
                <Baseline points="2209,2979 2299,2979 2388,2979 2478,2979 2567,2979 2657,2973 2746,2979 2836,2979 2926,2979 3015,2985 3105,2973 3194,2979 3284,2979 3373,2979 3463,2979 3553,2979 3642,2979 3732,2979 3750,2979"/>
                <TextEquiv>
                    <Unicode>widerfahren und erkundigte sich nach meinen in Sophia</Unicode>
                </TextEquiv>
            </TextLine>
            <TextLine id="tr_1_tl_119" custom="readingOrder {index:118;}">
                <Coords points="522,3043 2084,3027 2124,2958 522,2962"/>
                <Baseline points="543,3027 609,3021 698,3015 788,3021 877,3015 967,3015 1056,3015 1146,3015 1236,3009 1325,3009 1415,3009 1504,3009 1594,3009 1683,3009 1773,3003 1863,3003 1952,3003 2042,3003 2131,2997"/>
                <TextEquiv>
                    <Unicode>ist nicht gleichgiltig, wenn die internationale Auto¬</Unicode>
                </TextEquiv>
            </TextLine>
            <TextLine id="tr_1_tl_120" custom="readingOrder {index:119;}">
                <Coords points="3799,3027 5398,3059 5394,2990 5098,2966 3799,2966"/>
                <Baseline points="3821,3015 3911,3015 4000,3021 4090,3015 4180,3021 4269,3021 4359,3021 4448,3027 4538,3027 4627,3027 4717,3021 4807,3027 4896,3033 4986,3033 5075,3033 5165,3039 5255,3039 5344,3039 5404,3039"/>
                <TextEquiv>
                    <Unicode>ist eine Voraussetzung gegeben — der gute Wille unserer¬</Unicode>
                </TextEquiv>
            </TextLine>
            <TextLine id="tr_1_tl_121" custom="readingOrder {index:120;}">
                <Coords points="2193,3091 2314,3059 2869,3067 2869,3010 2695,2994 2675,2974 2630,2998 2193,2998"/>
                <Baseline points="2215,3057 2251,3051 2340,3045 2430,3045 2520,3045 2609,3045 2699,3045 2788,3045 2878,3051"/>
                <TextEquiv>
                    <Unicode>gewonnenen Eindrücken.</Unicode>
                </TextEquiv>
            </TextLine>
            <TextLine id="tr_1_tl_122" custom="readingOrder {index:121;}">
                <Coords points="514,3095 1869,3112 2120,3095 2124,3019 518,3043"/>
                <Baseline points="537,3087 609,3087 698,3087 788,3087 877,3087 967,3081 1056,3081 1146,3081 1236,3081 1325,3081 1415,3081 1504,3075 1594,3075 1683,3075 1773,3075 1863,3069 1952,3075 2042,3075 2131,3069"/>
                <TextEquiv>
                    <Unicode>rität eines Monarchen auf einer fast halbhundertjährigen</Unicode>
                </TextEquiv>
            </TextLine>
            <TextLine id="tr_1_tl_123" custom="readingOrder {index:122;}">
                <Coords points="3812,3099 5394,3128 5394,3059 5333,3047 3812,3027"/>
                <Baseline points="3833,3081 3923,3087 4012,3087 4102,3081 4192,3087 4281,3087 4371,3087 4460,3093 4550,3093 4639,3087 4729,3093 4819,3099 4908,3099 4998,3099 5087,3099 5177,3105 5266,3105 5356,3105 5404,3105"/>
                <TextEquiv>
                    <Unicode>seits, für die Erhaltung des Statusqui tätig zu sein.</Unicode>
                </TextEquiv>
            </TextLine>
            <TextLine id="tr_1_tl_124" custom="readingOrder {index:123;}">
                <Coords points="2294,3136 3751,3140 3751,3031 3629,3071 3221,3019 2893,3031 2800,3079 2294,3055"/>
                <Baseline points="2316,3123 2328,3123 2418,3123 2508,3123 2597,3123 2687,3123 2776,3123 2866,3123 2955,3123 3045,3117 3135,3117 3224,3123 3314,3117 3403,3117 3493,3117 3582,3117 3672,3123 3762,3117"/>
                <TextEquiv>
                    <Unicode>Mit Bedauern bemerkte der König: „Es tut mir leid,</Unicode>
                </TextEquiv>
            </TextLine>
            <TextLine id="tr_1_tl_125" custom="readingOrder {index:124;}">
                <Coords points="514,3168 2027,3160 2120,3148 2120,3091 514,3099"/>
                <Baseline points="537,3153 609,3158 698,3153 788,3153 877,3153 967,3147 1056,3147 1146,3147 1236,3147 1325,3147 1415,3147 1504,3141 1594,3141 1683,3141 1773,3141 1863,3141 1952,3141 2042,3135 2131,3141"/>
                <TextEquiv>
                    <Unicode>Geschichte aufgebaut ist. Das ist ein Kapital an Ver¬</Unicode>
                </TextEquiv>
            </TextLine>
            <TextLine id="tr_1_tl_126" custom="readingOrder {index:125;}">
                <Coords points="3812,3156 5394,3197 5394,3128 5151,3099 5098,3136 3812,3099"/>
                <Baseline points="3833,3141 3923,3153 4012,3153 4102,3153 4192,3158 4281,3153 4371,3158 4460,3158 4550,3158 4639,3158 4729,3158 4819,3164 4908,3164 4998,3164 5087,3164 5177,3170 5266,3170 5356,3170 5404,3170"/>
                <TextEquiv>
                    <Unicode>Aber andererseits müssen wir doch, wie jetzt die Dinge</Unicode>
                </TextEquiv>
            </TextLine>
            <TextLine id="tr_1_tl_127" custom="readingOrder {index:126;}">
                <Coords points="2197,3209 3751,3192 3714,3128 2197,3124"/>
                <Baseline points="2221,3188 2233,3188 2322,3188 2412,3188 2502,3188 2591,3188 2681,3194 2770,3188 2860,3188 2949,3188 3039,3182 3129,3182 3218,3182 3308,3188 3397,3182 3487,3188 3576,3182 3666,3182 3756,3182"/>
                <TextEquiv>
                    <Unicode>sagen zu müssen, daß die Zahl der Analphabeten in</Unicode>
                </TextEquiv>
            </TextLine>
            <TextLine id="tr_1_tl_128" custom="readingOrder {index:127;}">
                <Coords points="522,3229 1962,3253 2120,3237 2120,3148 522,3164"/>
                <Baseline points="543,3224 609,3218 698,3218 788,3218 877,3218 967,3218 1056,3212 1146,3218 1236,3218 1325,3212 1415,3212 1504,3212 1594,3212 1683,3206 1773,3206 1863,3206 1952,3206 2042,3206 2131,3206"/>
                <TextEquiv>
                    <Unicode>trauen, dessen Eure Majestät sich in den internationalen</Unicode>
                </TextEquiv>
            </TextLine>
            <TextLine id="tr_1_tl_129" custom="readingOrder {index:128;}">
                <Coords points="3828,3229 5406,3286 5406,3180 3828,3160"/>
                <Baseline points="3851,3218 3941,3218 4030,3218 4120,3218 4209,3224 4299,3224 4389,3224 4478,3230 4568,3224 4657,3224 4747,3230 4836,3230 4926,3236 5016,3236 5105,3236 5195,3242 5284,3236 5374,3242 5416,3242"/>
                <TextEquiv>
                    <Unicode>stehen, der nationalen Industrie Berücksichtigung ange¬</Unicode>
                </TextEquiv>
            </TextLine>
            <TextLine id="tr_1_tl_130" custom="readingOrder {index:129;}">
                <Coords points="2193,3265 3751,3261 3751,3192 2197,3205"/>
                <Baseline points="2221,3254 2239,3254 2328,3254 2418,3254 2508,3254 2597,3254 2687,3254 2776,3254 2866,3254 2955,3254 3045,3248 3135,3248 3224,3248 3314,3248 3403,3254 3493,3248 3582,3254 3672,3248 3762,3248"/>
                <TextEquiv>
                    <Unicode>Rumänien größer ist als im Königreich Bulgarien, und</Unicode>
                </TextEquiv>
            </TextLine>
            <TextLine id="tr_1_tl_131" custom="readingOrder {index:130;}">
                <Coords points="514,3314 587,3310 603,3326 684,3298 728,3310 757,3290 842,3310 1028,3298 1028,3233 514,3225"/>
                <Baseline points="537,3284 591,3290 680,3284 770,3284 859,3284 949,3284 1039,3272"/>
                <TextEquiv>
                    <Unicode>Kalküls erfreuen.“</Unicode>
                </TextEquiv>
            </TextLine>
            <TextLine id="tr_1_tl_132" custom="readingOrder {index:131;}">
                <Coords points="2181,3334 3848,3358 4188,3302 4188,3233 2181,3261"/>
                <Baseline points="2203,3320 2293,3320 2382,3320 2472,3320 2561,3320 2651,3326 2740,3320 2830,3320 2920,3320 3009,3320 3099,3314 3188,3314 3278,3314 3367,3314 3457,3320 3547,3320 3636,3320 3726,3320 3780,3320 3821,3284 3911,3290 4000,3290 4090,3284 4180,3290 4198,3284"/>
                <TextEquiv>
                    <Unicode>dies trotz Schulzwanges. Aber die Entfernungen zwischen, derhen lassen.</Unicode>
                </TextEquiv>
            </TextLine>
            <TextLine id="tr_1_tl_133" custom="readingOrder {index:132;}">
                <Coords points="627,3366 1962,3383 2120,3371 2120,3277 1635,3294 1493,3249 1388,3310 1254,3265 983,3322 627,3310"/>
                <Baseline points="650,3362 698,3367 788,3362 877,3362 967,3362 1056,3367 1146,3362 1236,3356 1325,3356 1415,3356 1504,3356 1594,3356 1683,3356 1773,3350 1863,3350 1952,3350 2042,3350 2131,3356"/>
                <TextEquiv>
                    <Unicode>Der König: „Auch mein Nachfolger wird einstmals</Unicode>
                </TextEquiv>
            </TextLine>
            <TextLine id="tr_1_tl_134" custom="readingOrder {index:133;}">
                <Coords points="3909,3362 3953,3371 4075,3358 4111,3383 4184,3362 4240,3379 4313,3366 4313,3306 4289,3310 4249,3273 4180,3302 4127,3298 4079,3330 4018,3286 3909,3306"/>
                <Baseline points="3929,3362 4018,3356 4108,3356 4198,3356 4287,3367 4323,3362"/>
                <TextEquiv>
                    <Unicode>Der König</Unicode>
                </TextEquiv>
            </TextLine>
            <TextLine id="tr_1_tl_135" custom="readingOrder {index:134;}">
                <Coords points="4366,3383 5394,3391 5369,3282 5195,3265 5074,3302 4892,3273 4694,3318 4366,3265"/>
                <Baseline points="4389,3362 4478,3356 4568,3362 4657,3362 4747,3362 4836,3362 4926,3367 5016,3362 5105,3367 5195,3367 5284,3367 5374,3373 5404,3373"/>
                <TextEquiv>
                    <Unicode>sprach dann über die furchtbaren</Unicode>
                </TextEquiv>
            </TextLine>
            <TextLine id="tr_1_tl_136" custom="readingOrder {index:135;}">
                <Coords points="2185,3403 3666,3407 3759,3391 3759,3326 2185,3338"/>
                <Baseline points="2209,3385 2245,3385 2334,3385 2424,3385 2514,3385 2603,3385 2693,3385 2782,3385 2872,3385 2961,3385 3051,3379 3141,3379 3230,3379 3320,3385 3409,3379 3499,3385 3588,3379 3678,3385 3768,3379"/>
                <TextEquiv>
                    <Unicode>Gehöft und Gehöst und zwischen Gehöft vnd Schule sind</Unicode>
                </TextEquiv>
            </TextLine>
            <TextLine id="tr_1_tl_137" custom="readingOrder {index:136;}">
                <Coords points="3816,3427 5398,3460 5394,3391 5341,3383 4370,3395 3892,3334 3816,3371"/>
                <Baseline points="3839,3415 3929,3415 4018,3421 4108,3421 4198,3421 4287,3421 4377,3427 4466,3421 4556,3427 4645,3427 4735,3427 4825,3427 4914,3433 5004,3433 5093,3433 5183,3433 5272,3439 5362,3439 5404,3439"/>
                <TextEquiv>
                    <Unicode>agrarischen Wirren, die sich vor zwei Jahren in der</Unicode>
                </TextEquiv>
            </TextLine>
            <TextLine id="tr_1_tl_138" custom="readingOrder {index:137;}">
                <Coords points="522,3447 2031,3439 2120,3431 2120,3362 522,3379"/>
                <Baseline points="543,3427 609,3433 698,3427 788,3433 877,3427 967,3427 1056,3427 1146,3427 1236,3427 1325,3421 1415,3421 1504,3427 1594,3421 1683,3421 1773,3421 1863,3421 1952,3415 2042,3415 2131,3421"/>
                <TextEquiv>
                    <Unicode>nicht anders können. Ich stehe jetzt in einem Alter,</Unicode>
                </TextEquiv>
            </TextLine>
            <TextLine id="tr_1_tl_139" custom="readingOrder {index:138;}">
                <Coords points="2185,3455 3751,3472 3751,3387 2185,3395"/>
                <Baseline points="2209,3457 2239,3457 2328,3451 2418,3451 2508,3451 2597,3451 2687,3451 2776,3451 2866,3451 2955,3451 3045,3445 3135,3445 3224,3451 3314,3451 3403,3451 3493,3445 3582,3445 3672,3445 3762,3451"/>
                <TextEquiv>
                    <Unicode>oft riesengroß und die unbesiegbare harte Wirklichkeit ist</Unicode>
                </TextEquiv>
            </TextLine>
            <TextLine id="tr_1_tl_140" custom="readingOrder {index:139;}">
                <Coords points="514,3524 1675,3496 2128,3545 2124,3431 1962,3415 514,3451"/>
                <Baseline points="537,3505 615,3505 704,3499 794,3499 883,3493 973,3499 1062,3499 1152,3499 1242,3493 1331,3493 1421,3493 1510,3493 1600,3493 1689,3493 1779,3487 1869,3487 1958,3487 2048,3487 2137,3487"/>
                <TextEquiv>
                    <Unicode>in welchem ich jedes Jahr mehr als ein Geschenk Gottes</Unicode>
                </TextEquiv>
            </TextLine>
            <TextLine id="tr_1_tl_141" custom="readingOrder {index:140;}">
                <Coords points="3803,3492 5406,3524 5406,3464 5175,3427 3803,3419"/>
                <Baseline points="3827,3487 3917,3487 4006,3487 4096,3487 4186,3493 4275,3493 4365,3493 4454,3493 4544,3493 4633,3493 4723,3493 4813,3499 4902,3499 4992,3499 5081,3505 5171,3499 5260,3505 5350,3511 5416,3511"/>
                <TextEquiv>
                    <Unicode>Walachei abspielten und bei denen viele Menschenleben zu</Unicode>
                </TextEquiv>
            </TextLine>
            <TextLine id="tr_1_tl_142" custom="readingOrder {index:141;}">
                <Coords points="2185,3549 3747,3532 3747,3468 3674,3455 2185,3460"/>
                <Baseline points="2209,3523 2233,3523 2322,3523 2412,3517 2502,3517 2591,3517 2681,3517 2770,3517 2860,3517 2949,3517 3039,3523 3129,3517 3218,3517 3308,3523 3397,3517 3487,3517 3576,3517 3666,3517 3756,3517"/>
                <TextEquiv>
                    <Unicode>nicht selten stärker als die noch so gut gemeinten Gesetze.</Unicode>
                </TextEquiv>
            </TextLine>
            <TextLine id="tr_1_tl_143" custom="readingOrder {index:142;}">
                <Coords points="522,3581 571,3597 595,3581 615,3601 672,3605 696,3585 753,3589 809,3569 834,3589 914,3577 939,3593 987,3577 987,3516 931,3520 914,3504 805,3520 522,3512"/>
                <Baseline points="543,3571 549,3571 638,3571 728,3565 818,3565 907,3565 997,3553"/>
                <TextEquiv>
                    <Unicode>anzusehen habe.“</Unicode>
                </TextEquiv>
            </TextLine>
            <TextLine id="tr_1_tl_144" custom="readingOrder {index:143;}">
                <Coords points="3816,3561 5402,3597 5402,3524 3816,3496"/>
                <Baseline points="3839,3553 3929,3553 4018,3559 4108,3559 4198,3559 4287,3559 4377,3559 4466,3559 4556,3559 4645,3559 4735,3559 4825,3559 4914,3565 5004,3565 5093,3565 5183,3565 5272,3571 5362,3571 5410,3571"/>
                <TextEquiv>
                    <Unicode>Grunde gingen. Der König beklagte es, daß man im</Unicode>
                </TextEquiv>
            </TextLine>
            <TextLine id="tr_1_tl_145" custom="readingOrder {index:144;}">
                <Coords points="2319,3625 3759,3605 3759,3545 3605,3528 2323,3549"/>
                <Baseline points="2340,3606 2424,3594 2514,3594 2603,3594 2693,3594 2782,3594 2872,3600 2961,3600 3051,3594 3141,3594 3230,3594 3320,3594 3409,3588 3499,3594 3588,3594 3678,3594 3768,3594"/>
                <TextEquiv>
                    <Unicode>„Und die Judenhetzen, Majestät," meinte ich, „mögen</Unicode>
                </TextEquiv>
            </TextLine>
            <TextLine id="tr_1_tl_146" custom="readingOrder {index:145;}">
                <Coords points="3812,3642 5406,3650 5406,3593 5321,3569 3812,3561"/>
                <Baseline points="3833,3618 3923,3618 4012,3624 4102,3624 4192,3624 4281,3624 4371,3624 4460,3624 4550,3624 4639,3624 4729,3630 4819,3630 4908,3630 4998,3630 5087,3630 5177,3636 5266,3636 5356,3636 5410,3642"/>
                <TextEquiv>
                    <Unicode>Ausland auch diese Unruhen vielfach als gegen die Juden</Unicode>
                </TextEquiv>
            </TextLine>
            <TextLine id="tr_1_tl_147" custom="readingOrder {index:146;}">
                <Coords points="655,3666 2051,3658 2140,3646 2140,3536 1865,3569 1594,3528 1392,3581 1133,3540 660,3601"/>
                <Baseline points="680,3642 716,3642 806,3642 895,3642 985,3642 1074,3642 1164,3636 1254,3636 1343,3636 1433,3642 1522,3636 1612,3636 1701,3630 1791,3630 1881,3630 1970,3630 2060,3630 2149,3630"/>
                <TextEquiv>
                    <Unicode>„Eure Majestät,“ erwiderte ich, „Kaiser Wilhelm, Eurer</Unicode>
                </TextEquiv>
            </TextLine>
            <TextLine id="tr_1_tl_148" custom="readingOrder {index:147;}">
                <Coords points="2205,3670 2792,3723 3666,3678 3751,3719 3755,3613 3221,3593 3128,3638 2209,3581"/>
                <Baseline points="2227,3666 2316,3666 2406,3666 2496,3666 2585,3672 2675,3666 2764,3666 2854,3666 2943,3672 3033,3666 3123,3666 3212,3660 3302,3666 3391,3660 3481,3660 3571,3660 3660,3666 3750,3666 3762,3666"/>
                <TextEquiv>
                    <Unicode>in einigem Zusammenhang mit solchem Kulturmange</Unicode>
                </TextEquiv>
            </TextLine>
            <TextLine id="tr_1_tl_149" custom="readingOrder {index:148;}">
                <Coords points="3812,3706 5398,3727 5394,3650 5114,3634 3812,3642"/>
                <Baseline points="3833,3690 3923,3690 4012,3690 4102,3690 4192,3696 4281,3690 4371,3690 4460,3696 4550,3696 4639,3696 4729,3696 4819,3696 4908,3696 4998,3696 5087,3702 5177,3702 5266,3702 5356,3708 5404,3714"/>
                <TextEquiv>
                    <Unicode>gerichtet hingestellt hätte, während in Wirklichkeit bis auf</Unicode>
                </TextEquiv>
            </TextLine>
            <TextLine id="tr_1_tl_150" custom="readingOrder {index:149;}">
                <Coords points="510,3739 2080,3747 2132,3735 2132,3642 510,3662"/>
                <Baseline points="531,3714 621,3714 710,3708 800,3714 889,3708 979,3708 1068,3714 1158,3714 1248,3720 1337,3714 1427,3708 1516,3708 1606,3708 1695,3702 1785,3708 1875,3702 1964,3696 2054,3696 2143,3702"/>
                <TextEquiv>
                    <Unicode>Majestät Verwandter, ist ja über neunzig Jahre alt</Unicode>
                </TextEquiv>
            </TextLine>
            <TextLine id="tr_1_tl_151" custom="readingOrder {index:150;}">
                <Coords points="3799,3775 5106,3775 5321,3828 5406,3816 5406,3731 3795,3710"/>
                <Baseline points="3821,3750 3911,3750 4000,3756 4090,3756 4180,3756 4269,3756 4359,3756 4448,3756 4538,3756 4627,3762 4717,3762 4807,3762 4896,3768 4986,3762 5075,3768 5165,3774 5255,3774 5344,3774 5416,3780"/>
                <TextEquiv>
                    <Unicode>wenige vereinzelte Fälle die Juden verschont geblieben</Unicode>
                </TextEquiv>
            </TextLine>
            <TextLine id="tr_1_tl_152" custom="readingOrder {index:151;}">
                <Coords points="498,3828 599,3836 676,3783 732,3795 773,3787 785,3799 821,3791 825,3719 793,3723 781,3706 749,3735 708,3723 651,3739 583,3723 502,3743"/>
                <Baseline points="525,3791 561,3791 650,3780 740,3774 830,3768"/>
                <TextEquiv>
                    <Unicode>geworden.“</Unicode>
                </TextEquiv>
            </TextLine>
            <TextLine id="tr_1_tl_153" custom="readingOrder {index:152;}">
                <Coords points="2266,3812 3694,3812 3763,3808 3763,3727 3014,3686 2816,3739 2703,3686 2266,3751"/>
                <Baseline points="2287,3797 2340,3797 2430,3791 2520,3797 2609,3803 2699,3797 2788,3797 2878,3797 2967,3797 3057,3791 3147,3791 3236,3791 3326,3791 3415,3791 3505,3791 3594,3785 3684,3791 3774,3791"/>
                <TextEquiv>
                    <Unicode>Der König: „Die Judenfrage war eine der schwersten</Unicode>
                </TextEquiv>
            </TextLine>
            <TextLine id="tr_1_tl_154" custom="readingOrder {index:153;}">
                <Coords points="3824,3860 4160,3828 5127,3856 5127,3779 3824,3767"/>
                <Baseline points="3845,3821 3935,3821 4024,3827 4114,3821 4204,3821 4293,3827 4383,3827 4472,3827 4562,3827 4651,3827 4741,3833 4831,3833 4920,3833 5010,3833 5099,3833 5135,3839"/>
                <TextEquiv>
                    <Unicode>wären, doch die Bojaren schwer gelitten hätten.</Unicode>
                </TextEquiv>
            </TextLine>
            <TextLine id="tr_1_tl_155" custom="readingOrder {index:154;}">
                <Coords points="603,3840 2068,3852 2128,3840 2128,3747 1687,3767 1517,3723 1303,3783 1194,3719 603,3799"/>
                <Baseline points="627,3827 716,3839 806,3845 895,3839 985,3839 1074,3839 1164,3839 1254,3839 1343,3833 1433,3833 1522,3833 1612,3827 1701,3827 1791,3827 1881,3827 1970,3827 2060,3827 2137,3827"/>
                <TextEquiv>
                    <Unicode>Der König: „Ich muß mir jetzt Schonung auferlegen</Unicode>
                </TextEquiv>
            </TextLine>
            <TextLine id="tr_1_tl_156" custom="readingOrder {index:155;}">
                <Coords points="2185,3876 2391,3880 2416,3864 2497,3880 2537,3872 2537,3808 2497,3820 2452,3803 2436,3816 2379,3803 2347,3820 2302,3808 2274,3820 2246,3791 2185,3799"/>
                <Baseline points="2209,3863 2299,3857 2388,3863 2478,3863 2549,3865"/>
                <TextEquiv>
                    <Unicode>Sorgen mei</Unicode>
                </TextEquiv>
            </TextLine>
            <TextLine id="tr_1_tl_157" custom="readingOrder {index:156;}">
                <Coords points="2525,3872 3755,3880 3727,3799 2525,3816"/>
                <Baseline points="2549,3865 2645,3863 2734,3869 2824,3863 2914,3869 3003,3863 3093,3863 3182,3863 3272,3857 3362,3857 3451,3857 3541,3857 3630,3857 3720,3857 3762,3863"/>
                <TextEquiv>
                    <Unicode>ner Regierungszeit und fährt fort, mir Sorge</Unicode>
                </TextEquiv>
            </TextLine>
            <TextLine id="tr_1_tl_158" custom="readingOrder {index:157;}">
                <Coords points="2185,3945 2238,3957 2294,3929 2310,3941 2371,3921 2412,3937 2460,3925 2476,3941 2501,3921 2529,3925 2537,3876 2444,3872 2424,3856 2387,3884 2367,3872 2319,3884 2294,3872 2274,3884 2254,3872 2189,3876"/>
                <Baseline points="2209,3929 2221,3929 2311,3917 2400,3917 2490,3917 2549,3865"/>
                <TextEquiv>
                    <Unicode>zu machen.</Unicode>
                </TextEquiv>
            </TextLine>
            <TextLine id="tr_1_tl_159" custom="readingOrder {index:158;}">
                <Coords points="688,3921 2023,3917 2092,3901 2092,3848 688,3856"/>
                <Baseline points="710,3912 800,3905 889,3905 979,3905 1068,3905 1158,3905 1248,3905 1337,3905 1427,3899 1522,3900 1522,3900 1558,3893 1648,3893 1737,3893 1827,3893 1916,3887 2006,3893 2102,3894"/>
                <TextEquiv>
                    <Unicode>das Reiten sein lassen, muß überhaupt der Tatsack</Unicode>
                </TextEquiv>
            </TextLine>
            <TextLine id="tr_1_tl_160" custom="readingOrder {index:159;}">
                <Coords points="3941,3901 5402,3945 5402,3844 5349,3820 4953,3864 3941,3836"/>
                <Baseline points="3965,3893 4054,3893 4144,3893 4233,3893 4323,3899 4413,3899 4502,3899 4592,3899 4681,3905 4771,3905 4860,3905 4950,3905 5040,3911 5129,3911 5219,3911 5308,3917 5398,3917 5410,3917"/>
                <TextEquiv>
                    <Unicode>Auch über rumänische Parteiverhältnisse äußerte sich</Unicode>
                </TextEquiv>
            </TextLine>
            <TextLine id="tr_1_tl_161" custom="readingOrder {index:160;}">
                <Coords points="514,3913 700,3913 700,3860 668,3860 627,3836 615,3844 603,3832 591,3832 554,3860 514,3860"/>
                <Baseline points="537,3911 615,3911 710,3912"/>
                <TextEquiv>
                    <Unicode>muß</Unicode>
                </TextEquiv>
            </TextLine>
            <TextLine id="tr_1_tl_162" custom="readingOrder {index:161;}">
                <Coords points="688,3973 1918,3973 2092,3961 2092,3901 688,3917"/>
                <Baseline points="710,3957 806,3953 895,3953 985,3953 1074,3953 1164,3953 1254,3953 1343,3947 1433,3947 1524,3939 1524,3939 1618,3941 1707,3941 1797,3941 1887,3941 1976,3941 2066,3941 2102,3939"/>
                <TextEquiv>
                    <Unicode>nung tragen, daß ich in ein höheres Lebensalter ein</Unicode>
                </TextEquiv>
            </TextLine>
            <TextLine id="tr_1_tl_163" custom="readingOrder {index:162;}">
                <Coords points="3812,3953 5410,3994 5406,3941 5313,3925 4139,3917 3808,3860"/>
                <Baseline points="3833,3941 3899,3947 3989,3941 4078,3947 4168,3947 4257,3947 4347,3953 4436,3953 4526,3959 4618,3967 4618,3967 4711,3965 4801,3965 4890,3965 4980,3971 5069,3971 5159,3977 5249,3977 5338,3983 5410,3983"/>
                <TextEquiv>
                    <Unicode>der König. Er rühmte es, daß sowohl die liberalen wie</Unicode>
                </TextEquiv>
            </TextLine>
            <TextLine id="tr_1_tl_164" custom="readingOrder {index:163;}">
                <Coords points="522,3969 546,3965 562,3973 579,3965 627,3965 643,3977 700,3969 700,3913 664,3913 655,3921 647,3913 522,3917"/>
                <Baseline points="543,3959 615,3953 710,3957"/>
                <TextEquiv>
                    <Unicode>Rechn</Unicode>
                </TextEquiv>
            </TextLine>
            <TextLine id="tr_1_tl_165" custom="readingOrder {index:164;}">
                <Coords points="2306,3990 3682,4006 3771,3990 3771,3876 3629,3929 2889,3872 2306,3941"/>
                <Baseline points="2328,3977 2346,3977 2436,3977 2525,3977 2615,3977 2705,3977 2794,3983 2884,3977 2973,3977 3063,3977 3153,3977 3242,3971 3332,3971 3421,3971 3511,3971 3600,3971 3690,3971 3780,3971"/>
                <TextEquiv>
                    <Unicode>„Von Eurer Majestät abgeklärtem Sinn darf man wohl</Unicode>
                </TextEquiv>
            </TextLine>
            <TextLine id="tr_1_tl_166" custom="readingOrder {index:165;}">
                <Coords points="534,4042 1946,4030 2076,4002 2080,3957 538,3973"/>
                <Baseline points="555,4024 561,4024 650,4018 740,4018 830,4018 919,4018 1009,4018 1098,4018 1188,4012 1277,4012 1367,4012 1457,4012 1546,4006 1636,4006 1725,4012 1815,4012 1904,4006 1994,4006 2084,3994"/>
                <TextEquiv>
                    <Unicode>getreten bin. Ich nehme nur das Nötigste zu mir</Unicode>
                </TextEquiv>
            </TextLine>
            <TextLine id="tr_1_tl_167" custom="readingOrder {index:166;}">
                <Coords points="3816,4022 5418,4046 5418,3998 5297,3977 3816,3965"/>
                <Baseline points="3839,4012 3893,4012 3983,4012 4072,4012 4162,4012 4251,4012 4341,4012 4430,4018 4520,4018 4614,4010 4614,4010 4705,4018 4795,4018 4884,4018 4974,4018 5063,4018 5153,4024 5243,4030 5332,4030 5422,4036 5428,4036"/>
                <TextEquiv>
                    <Unicode>auch die Konservativen Fuhrer von großer Begabung und</Unicode>
                </TextEquiv>
            </TextLine>
            <TextLine id="tr_1_tl_168" custom="readingOrder {index:167;}">
                <Coords points="2205,4075 3771,4058 3771,3990 2205,3994"/>
                <Baseline points="2227,4048 2257,4042 2346,4042 2436,4042 2525,4042 2615,4042 2705,4042 2794,4042 2884,4042 2973,4042 3063,4042 3153,4042 3242,4042 3332,4036 3421,4042 3511,4036 3600,4036 3690,4036 3780,4030"/>
                <TextEquiv>
                    <Unicode>gerechte Entscheidungen und eine gerechte Abschätzung im</Unicode>
                </TextEquiv>
            </TextLine>
            <TextLine id="tr_1_tl_169" custom="readingOrder {index:168;}">
                <Coords points="534,4111 2080,4119 2149,4107 2149,4014 534,4022"/>
                <Baseline points="555,4090 632,4090 722,4084 812,4090 901,4090 991,4084 1080,4090 1170,4084 1260,4084 1349,4084 1439,4084 1528,4084 1618,4084 1707,4078 1797,4078 1887,4078 1976,4078 2066,4078 2155,4078"/>
                <TextEquiv>
                    <Unicode>Kaffee, Thee und fast auch Fleisch ist aus meiner Diät</Unicode>
                </TextEquiv>
            </TextLine>
            <TextLine id="tr_1_tl_170" custom="readingOrder {index:169;}">
                <Coords points="3828,4103 5430,4119 5430,4046 5345,4038 3828,4022"/>
                <Baseline points="3851,4084 3941,4078 4030,4078 4120,4084 4209,4078 4299,4084 4389,4084 4478,4090 4568,4084 4657,4084 4747,4084 4836,4084 4926,4090 5016,4090 5105,4090 5195,4096 5284,4090 5374,4096 5440,4090"/>
                <TextEquiv>
                    <Unicode>Patriotismus besäßen. „Die äußere Politik jedoch," meint</Unicode>
                </TextEquiv>
            </TextLine>
            <TextLine id="tr_1_tl_171" custom="readingOrder {index:170;}">
                <Coords points="2197,4119 3209,4164 3314,4115 3666,4164 3763,4123 3763,4058 2197,4079"/>
                <Baseline points="2221,4108 2311,4108 2400,4108 2490,4114 2579,4114 2669,4114 2758,4114 2848,4114 2938,4108 3027,4108 3117,4108 3206,4108 3296,4108 3385,4108 3475,4108 3565,4102 3654,4102 3744,4102 3774,4108"/>
                <TextEquiv>
                    <Unicode>Sinne des gleichen Rechtes von Eurer Majestät Unter¬</Unicode>
                </TextEquiv>
            </TextLine>
            <TextLine id="tr_1_tl_172" custom="readingOrder {index:171;}">
                <Coords points="518,4192 538,4192 558,4216 631,4220 724,4164 821,4164 829,4099 793,4095 773,4111 740,4095 732,4103 684,4095 651,4111 615,4095 526,4115"/>
                <Baseline points="543,4168 561,4168 650,4162 740,4150 830,4138"/>
                <TextEquiv>
                    <Unicode>gestrichen.</Unicode>
                </TextEquiv>
            </TextLine>
            <TextLine id="tr_1_tl_173" custom="readingOrder {index:172;}">
                <Coords points="3828,4155 5422,4192 5422,4123 5248,4095 3828,4103"/>
                <Baseline points="3851,4150 3941,4150 4030,4150 4120,4150 4209,4150 4299,4144 4389,4150 4478,4150 4568,4156 4657,4156 4747,4156 4836,4156 4926,4156 5016,4162 5105,4162 5195,4162 5284,4168 5374,4162 5428,4162"/>
                <TextEquiv>
                    <Unicode>er, „bleibt immer dieselbe, ob die liberalen oder die Kon¬</Unicode>
                </TextEquiv>
            </TextLine>
            <TextLine id="tr_1_tl_174" custom="readingOrder {index:173;}">
                <Coords points="2205,4188 2290,4208 2323,4188 2371,4188 2391,4204 2424,4192 2448,4208 2472,4192 2598,4188 2622,4212 2654,4212 2654,4119 2602,4131 2573,4119 2537,4135 2408,4119 2258,4135 2205,4119"/>
                <Baseline points="2227,4180 2316,4180 2406,4174 2496,4174 2585,4174 2663,4186"/>
                <TextEquiv>
                    <Unicode>tanen erwarten.“</Unicode>
                </TextEquiv>
            </TextLine>
            <TextLine id="tr_1_tl_175" custom="readingOrder {index:174;}">
                <Coords points="676,4245 2104,4265 2128,4107 1857,4147 1408,4103 1133,4155 1040,4107 676,4168"/>
                <Baseline points="698,4233 704,4227 794,4221 883,4215 973,4215 1062,4215 1152,4215 1242,4215 1331,4215 1421,4209 1510,4209 1600,4209 1689,4209 1779,4209 1869,4209 1958,4209 2048,4209 2137,4204"/>
                <TextEquiv>
                    <Unicode>„Ich freue mich, Majestät, den wiederholt krankgesagten</Unicode>
                </TextEquiv>
            </TextLine>
            <TextLine id="tr_1_tl_176" custom="readingOrder {index:175;}">
                <Coords points="3824,4269 3937,4253 3977,4220 4265,4245 4398,4228 4431,4253 4552,4236 4552,4180 4508,4164 4406,4184 4321,4151 4091,4180 4062,4155 3828,4155"/>
                <Baseline points="3845,4227 3935,4215 4024,4215 4114,4215 4204,4215 4293,4215 4383,4215 4472,4221 4562,4215"/>
                <TextEquiv>
                    <Unicode>servativen am Ruder sind.</Unicode>
                </TextEquiv>
            </TextLine>
            <TextLine id="tr_1_tl_177" custom="readingOrder {index:176;}">
                <Coords points="2306,4261 3751,4273 3783,4188 3496,4155 3095,4208 3002,4143 2638,4212 2310,4188"/>
                <Baseline points="2328,4251 2352,4251 2442,4257 2531,4257 2621,4263 2711,4257 2800,4257 2890,4251 2979,4251 3069,4251 3158,4257 3248,4251 3338,4251 3427,4245 3517,4251 3606,4245 3696,4245 3785,4245"/>
                <TextEquiv>
                    <Unicode>Der König: „Die Judenfrage ist uns keine Frage der</Unicode>
                </TextEquiv>
            </TextLine>
            <TextLine id="tr_1_tl_178" custom="readingOrder {index:177;}">
                <Coords points="514,4309 1238,4297 1238,4236 1109,4220 1060,4245 959,4224 716,4245 668,4216 514,4232"/>
                <Baseline points="537,4293 621,4293 710,4287 800,4281 889,4281 979,4287 1068,4281 1158,4281 1248,4269"/>
                <TextEquiv>
                    <Unicode>König so frisch zu sehen.“</Unicode>
                </TextEquiv>
            </TextLine>
            <TextLine id="tr_1_tl_179" custom="readingOrder {index:178;}">
                <Coords points="3953,4297 5406,4321 5373,4200 5179,4240 4633,4208 4431,4257 3953,4228"/>
                <Baseline points="3977,4281 4066,4281 4156,4281 4245,4281 4335,4281 4424,4281 4514,4287 4604,4287 4693,4287 4783,4293 4872,4287 4962,4293 5051,4293 5141,4293 5231,4293 5320,4293 5410,4299 5416,4299"/>
                <TextEquiv>
                    <Unicode>„Wir erkennen,“ meinte ich, „in der auswärtigen</Unicode>
                </TextEquiv>
            </TextLine>
            <TextLine id="tr_1_tl_180" custom="readingOrder {index:179;}">
                <Coords points="2205,4334 3779,4325 3735,4257 2205,4257"/>
                <Baseline points="2227,4329 2269,4323 2358,4323 2448,4317 2537,4317 2627,4317 2717,4323 2806,4323 2896,4317 2985,4317 3075,4317 3164,4317 3254,4317 3344,4317 3433,4317 3523,4317 3612,4317 3702,4317 3791,4317"/>
                <TextEquiv>
                    <Unicode>Religion — es ist eine wirtschaftliche Frage. Der Rumäne</Unicode>
                </TextEquiv>
            </TextLine>
            <TextLine id="tr_1_tl_181" custom="readingOrder {index:180;}">
                <Coords points="672,4362 862,4398 1724,4342 2100,4374 2132,4281 1950,4249 1752,4293 1550,4245 1384,4297 672,4293"/>
                <Baseline points="692,4347 710,4353 800,4353 889,4353 979,4347 1068,4353 1158,4347 1248,4347 1337,4341 1427,4341 1516,4341 1606,4341 1695,4341 1785,4341 1875,4341 1964,4335 2054,4341 2143,4335"/>
                <TextEquiv>
                    <Unicode>Der König: „Sagen Sie lieber: Den auch schon tot-</Unicode>
                </TextEquiv>
            </TextLine>
            <TextLine id="tr_1_tl_182" custom="readingOrder {index:181;}">
                <Coords points="3828,4358 5422,4386 5418,4317 5050,4289 4718,4325 3824,4285"/>
                <Baseline points="3851,4341 3941,4347 4030,4353 4120,4347 4209,4347 4299,4347 4389,4347 4478,4353 4568,4353 4657,4359 4747,4353 4836,4353 4926,4353 5016,4359 5105,4359 5195,4359 5284,4359 5374,4365 5428,4359"/>
                <TextEquiv>
                    <Unicode>Politik Rumäniens die weise lenkende Hand des er¬</Unicode>
                </TextEquiv>
            </TextLine>
            <TextLine id="tr_1_tl_183" custom="readingOrder {index:182;}">
                <Coords points="2197,4398 3763,4406 3739,4321 2197,4329"/>
                <Baseline points="2221,4389 2251,4383 2340,4389 2430,4389 2520,4389 2609,4389 2699,4389 2788,4383 2878,4383 2967,4389 3057,4383 3147,4383 3236,4389 3326,4383 3415,4383 3505,4383 3594,4383 3684,4377 3774,4383"/>
                <TextEquiv>
                    <Unicode>ist von Natur tolerant. Aber es ist die wirtschaftliche</Unicode>
                </TextEquiv>
            </TextLine>
            <TextLine id="tr_1_tl_184" custom="readingOrder {index:183;}">
                <Coords points="534,4471 829,4419 2039,4443 2039,4362 534,4370"/>
                <Baseline points="555,4436 615,4430 704,4424 794,4418 883,4418 973,4413 1062,4413 1152,4413 1242,4413 1331,4413 1421,4413 1510,4407 1600,4407 1689,4413 1779,4407 1869,4407 1958,4407 2048,4413"/>
                <TextEquiv>
                    <Unicode>gesagten..., aber ich war auch wirklich sehr leidend.</Unicode>
                </TextEquiv>
            </TextLine>
            <TextLine id="tr_1_tl_185" custom="readingOrder {index:184;}">
                <Coords points="3824,4439 5402,4459 5402,4382 5284,4362 3824,4354"/>
                <Baseline points="3845,4413 3935,4413 4024,4413 4114,4413 4204,4413 4293,4413 4383,4413 4472,4418 4562,4418 4651,4418 4741,4430 4831,4424 4920,4424 5010,4424 5099,4424 5189,4430 5278,4430 5368,4430 5410,4430"/>
                <TextEquiv>
                    <Unicode>fahrenen Steuermannes, der seit mehr als vier Jahr¬</Unicode>
                </TextEquiv>
            </TextLine>
            <TextLine id="tr_1_tl_186" custom="readingOrder {index:185;}">
                <Coords points="2197,4479 3771,4467 3771,4406 3710,4386 2197,4398"/>
                <Baseline points="2221,4454 2257,4454 2346,4454 2436,4454 2525,4454 2615,4454 2705,4454 2794,4454 2884,4454 2973,4454 3063,4460 3153,4448 3242,4448 3332,4448 3421,4448 3511,4448 3600,4448 3690,4448 3780,4448"/>
                <TextEquiv>
                    <Unicode>Ueberlegenheit der Juden, gegenüber welcher sich die</Unicode>
                </TextEquiv>
            </TextLine>
            <TextLine id="tr_1_tl_187" custom="readingOrder {index:186;}">
                <Coords points="660,4499 1857,4503 1861,4414 664,4439"/>
                <Baseline points="680,4484 704,4484 794,4484 883,4484 973,4484 1062,4484 1152,4484 1242,4478 1331,4478 1421,4478 1510,4478 1600,4478 1689,4478 1779,4478 1869,4472"/>
                <TextEquiv>
                    <Unicode>Die Rede kam auf den Kaiser Franz Josef</Unicode>
                </TextEquiv>
            </TextLine>
            <TextLine id="tr_1_tl_188" custom="readingOrder {index:187;}">
                <Coords points="3828,4520 4046,4487 4071,4508 4414,4491 4524,4516 4617,4495 4617,4427 4253,4439 4087,4406 4042,4435 3828,4439"/>
                <Baseline points="3851,4496 3911,4484 4000,4478 4090,4484 4180,4484 4269,4484 4359,4484 4448,4484 4538,4484 4627,4472"/>
                <TextEquiv>
                    <Unicode>zehnten das Land beherrscht.</Unicode>
                </TextEquiv>
            </TextLine>
            <TextLine id="tr_1_tl_189" custom="readingOrder {index:188;}">
                <Coords points="2197,4532 3670,4552 3771,4524 3775,4467 2201,4475"/>
                <Baseline points="2221,4520 2257,4520 2346,4520 2436,4520 2525,4520 2615,4520 2705,4520 2794,4526 2884,4520 2973,4520 3063,4520 3153,4520 3242,4514 3332,4514 3421,4520 3511,4514 3600,4514 3690,4514 3780,4508"/>
                <TextEquiv>
                    <Unicode>nationale Strömung zur Wehr setzt. Es sind Agrar¬</Unicode>
                </TextEquiv>
            </TextLine>
            <TextLine id="tr_1_tl_190" custom="readingOrder {index:189;}">
                <Coords points="3929,4564 5406,4580 5406,4483 5256,4451 5159,4512 5009,4455 4819,4495 4694,4451 4520,4520 3929,4495"/>
                <Baseline points="3953,4550 4042,4550 4132,4550 4221,4550 4311,4550 4401,4550 4490,4556 4580,4556 4669,4550 4759,4550 4848,4556 4938,4556 5028,4556 5117,4556 5207,4556 5296,4562 5386,4562 5416,4556"/>
                <TextEquiv>
                    <Unicode>Der König meinte : „Ich will nicht leugnen, daß die</Unicode>
                </TextEquiv>
            </TextLine>
            <TextLine id="tr_1_tl_191" custom="readingOrder {index:190;}">
                <Coords points="672,4588 1368,4556 1663,4617 1962,4552 2145,4568 2145,4495 672,4499"/>
                <Baseline points="692,4568 722,4568 812,4562 901,4562 991,4562 1080,4562 1170,4556 1260,4556 1349,4556 1439,4562 1528,4562 1618,4556 1707,4562 1797,4562 1887,4556 1976,4550 2066,4556 2155,4556"/>
                <TextEquiv>
                    <Unicode>„Eure Majestät," meinte ich, „beabsichtigen, in diesem</Unicode>
                </TextEquiv>
            </TextLine>
            <TextLine id="tr_1_tl_192" custom="readingOrder {index:191;}">
                <Coords points="2197,4597 3735,4601 3771,4528 2197,4532"/>
                <Baseline points="2221,4586 2257,4586 2346,4586 2436,4586 2525,4586 2615,4586 2705,4586 2794,4586 2884,4586 2973,4586 3063,4586 3153,4586 3242,4586 3332,4580 3421,4586 3511,4586 3600,4580 3690,4580 3780,4580"/>
                <TextEquiv>
                    <Unicode>banken errichtet worden. Sie können beitragen, das ru¬</Unicode>
                </TextEquiv>
            </TextLine>
            <TextLine id="tr_1_tl_193" custom="readingOrder {index:192;}">
                <Coords points="3828,4629 5406,4641 5406,4576 5317,4560 4224,4588 3828,4520"/>
                <Baseline points="3851,4610 3941,4616 4030,4616 4120,4616 4209,4616 4299,4616 4389,4616 4478,4616 4568,4622 4657,4622 4747,4622 4836,4622 4926,4622 5016,4627 5105,4627 5195,4627 5284,4627 5374,4627 5416,4622"/>
                <TextEquiv>
                    <Unicode>internationale Politik, die wir befolgen, meinem Ge¬</Unicode>
                </TextEquiv>
            </TextLine>
            <TextLine id="tr_1_tl_194" custom="readingOrder {index:193;}">
                <Coords points="534,4641 635,4665 809,4633 1044,4661 1206,4625 1449,4637 1449,4584 1364,4552 1125,4588 534,4568"/>
                <Baseline points="555,4639 561,4633 650,4633 740,4633 830,4627 919,4627 1009,4627 1098,4627 1188,4622 1277,4627 1367,4622 1457,4616"/>
                <TextEquiv>
                    <Unicode>Sommer den Kaiser zu besuchen.</Unicode>
                </TextEquiv>
            </TextLine>
            <TextLine id="tr_1_tl_195" custom="readingOrder {index:194;}">
                <Coords points="2205,4665 3731,4677 3779,4669 3779,4592 2205,4597"/>
                <Baseline points="2227,4663 2263,4657 2352,4663 2442,4657 2531,4657 2621,4657 2711,4657 2800,4651 2890,4651 2979,4651 3069,4651 3158,4651 3248,4651 3338,4651 3427,4657 3517,4657 3606,4651 3696,4645 3785,4651"/>
                <TextEquiv>
                    <Unicode>mänische Element vor verderblicher Ausbeutung zu schützen.</Unicode>
                </TextEquiv>
            </TextLine>
            <TextLine id="tr_1_tl_196" custom="readingOrder {index:195;}">
                <Coords points="664,4706 1934,4718 2145,4690 2145,4613 664,4645"/>
                <Baseline points="686,4693 722,4693 812,4699 901,4693 991,4693 1080,4699 1170,4699 1260,4693 1349,4687 1439,4693 1528,4687 1618,4687 1707,4681 1797,4681 1887,4687 1976,4687 2066,4687 2155,4675"/>
                <TextEquiv>
                    <Unicode>Der König: „Ich freue mich, diesen meinen Herzens¬</Unicode>
                </TextEquiv>
            </TextLine>
            <TextLine id="tr_1_tl_197" custom="readingOrder {index:196;}">
                <Coords points="3840,4702 5406,4734 5406,4641 3840,4625"/>
                <Baseline points="3863,4687 3953,4687 4042,4687 4132,4687 4221,4687 4311,4687 4401,4687 4490,4687 4580,4687 4669,4687 4759,4687 4848,4687 4938,4693 5028,4693 5117,4693 5207,4699 5296,4699 5386,4693 5416,4693"/>
                <TextEquiv>
                    <Unicode>schmacke entspricht. Aber sie ist eben die einzig ver¬</Unicode>
                </TextEquiv>
            </TextLine>
            <TextLine id="tr_1_tl_198" custom="readingOrder {index:197;}">
                <Coords points="2331,4758 3496,4762 3775,4738 3775,4665 2331,4694"/>
                <Baseline points="2352,4735 2442,4735 2531,4735 2621,4735 2711,4735 2800,4735 2890,4729 2979,4735 3069,4735 3158,4735 3248,4735 3338,4729 3427,4735 3517,4729 3606,4729 3696,4723 3785,4729"/>
                <TextEquiv>
                    <Unicode>„Uebrigens,“ fügte der König hinzu, „man kann</Unicode>
                </TextEquiv>
            </TextLine>
            <TextLine id="tr_1_tl_199" custom="readingOrder {index:198;}">
                <Coords points="3828,4783 3864,4783 3884,4766 3909,4775 3933,4762 3957,4779 3977,4758 3998,4758 4022,4783 4034,4783 4046,4771 4066,4771 4066,4694 4034,4702 4018,4694 3949,4694 3937,4706 3880,4694 3856,4710 3828,4706"/>
                <Baseline points="3851,4753 3941,4753 4030,4747 4078,4753"/>
                <TextEquiv>
                    <Unicode>nünftige.</Unicode>
                </TextEquiv>
            </TextLine>
            <TextLine id="tr_1_tl_200" custom="readingOrder {index:199;}">
                <Coords points="526,4775 2035,4787 2132,4766 2132,4694 526,4698"/>
                <Baseline points="549,4765 621,4765 710,4765 800,4765 889,4765 979,4765 1068,4759 1158,4759 1248,4759 1337,4759 1427,4759 1516,4753 1606,4753 1695,4753 1785,4753 1875,4753 1964,4753 2054,4753 2143,4753"/>
                <TextEquiv>
                    <Unicode>wunsch erfüllen zu können. Ich habe den Kaiser, den ich</Unicode>
                </TextEquiv>
            </TextLine>
            <TextLine id="tr_1_tl_201" custom="readingOrder {index:200;}">
                <Coords points="2205,4811 2598,4847 2691,4803 3779,4803 3747,4734 2804,4766 2205,4726"/>
                <Baseline points="2227,4807 2269,4801 2358,4801 2448,4807 2537,4801 2627,4801 2717,4801 2806,4801 2896,4801 2985,4795 3075,4795 3164,4795 3254,4795 3344,4795 3433,4795 3523,4795 3612,4795 3702,4795 3791,4795"/>
                <TextEquiv>
                    <Unicode>Volksströmungen nie ungestraft negieren. Der wäre kein</Unicode>
                </TextEquiv>
            </TextLine>
            <TextLine id="tr_1_tl_202" custom="readingOrder {index:201;}">
                <Coords points="538,4860 1327,4839 1416,4880 1683,4827 1958,4884 2132,4856 2132,4762 538,4775"/>
                <Baseline points="561,4831 615,4831 704,4831 794,4831 883,4836 973,4836 1062,4831 1152,4831 1242,4825 1331,4831 1421,4831 1510,4825 1600,4825 1689,4825 1779,4825 1869,4825 1958,4819 2048,4825 2137,4813"/>
                <TextEquiv>
                    <Unicode>sehr verehre, seit mehreren Jahren nicht mehr ge-</Unicode>
                </TextEquiv>
            </TextLine>
            <TextLine id="tr_1_tl_203" custom="readingOrder {index:202;}">
                <Coords points="3953,4831 4799,4847 4860,4839 4860,4730 4722,4718 4584,4750 4483,4722 4390,4775 4176,4722 4075,4775 3953,4762"/>
                <Baseline points="3977,4819 4066,4819 4156,4819 4245,4819 4335,4819 4424,4819 4514,4819 4604,4819 4693,4819 4783,4819 4866,4825"/>
                <TextEquiv>
                    <Unicode>Die Rede kam auf Griechenland.</Unicode>
                </TextEquiv>
            </TextLine>
            <TextLine id="tr_1_tl_204" custom="readingOrder {index:203;}">
                <Coords points="2197,4876 3674,4884 3763,4872 3763,4803 2197,4815"/>
                <Baseline points="2221,4860 2251,4866 2340,4866 2430,4866 2520,4866 2609,4866 2699,4866 2788,4866 2878,4866 2967,4866 3057,4866 3147,4866 3236,4866 3326,4860 3415,4866 3505,4860 3594,4860 3684,4860 3774,4848"/>
                <TextEquiv>
                    <Unicode>Staatsmann, der da meinte, er könnte über Volks</Unicode>
                </TextEquiv>
            </TextLine>
            <TextLine id="tr_1_tl_205" custom="readingOrder {index:204;}">
                <Coords points="3949,4892 5422,4920 5418,4835 5187,4795 4888,4843 3945,4831"/>
                <Baseline points="3971,4878 4060,4884 4150,4884 4239,4884 4329,4884 4418,4884 4508,4884 4598,4884 4687,4890 4777,4884 4866,4890 4956,4890 5045,4890 5135,4890 5225,4890 5314,4890 5404,4896 5434,4896"/>
                <TextEquiv>
                    <Unicode>Der König meinte: „Ich habe niemals die Situation</Unicode>
                </TextEquiv>
            </TextLine>
            <TextLine id="tr_1_tl_206" custom="readingOrder {index:205;}">
                <Coords points="542,4945 562,4945 575,4957 583,4949 595,4957 607,4949 611,4957 708,4949 720,4831 672,4831 619,4860 607,4843 554,4843"/>
                <Baseline points="567,4908 638,4902 728,4890"/>
                <TextEquiv>
                    <Unicode>sehen.</Unicode>
                </TextEquiv>
            </TextLine>
            <TextLine id="tr_1_tl_207" custom="readingOrder {index:206;}">
                <Coords points="2209,4961 3783,4940 3783,4884 3621,4868 2209,4880"/>
                <Baseline points="2233,4932 2269,4932 2358,4938 2448,4932 2537,4938 2627,4932 2717,4938 2806,4938 2896,4938 2985,4932 3075,4932 3164,4932 3254,4932 3344,4932 3433,4932 3523,4926 3612,4926 3702,4926 3791,4926"/>
                <TextEquiv>
                    <Unicode>strömungen ganz zur Tagesordnung übergehen. Strömun¬</Unicode>
                </TextEquiv>
            </TextLine>
            <TextLine id="tr_1_tl_208" custom="readingOrder {index:207;}">
                <Coords points="639,4973 2128,4973 2153,4872 1420,4916 1040,4876 975,4912 793,4860 639,4928"/>
                <Baseline points="662,4968 728,4962 818,4962 907,4962 997,4962 1086,4962 1176,4962 1265,4956 1355,4956 1445,4962 1534,4956 1624,4956 1713,4950 1803,4950 1892,4950 1982,4950 2072,4950 2161,4950"/>
                <TextEquiv>
                    <Unicode>Der König fügte hinzu: „Oft bin ich befremdet,</Unicode>
                </TextEquiv>
            </TextLine>
            <TextLine id="tr_1_tl_209" custom="readingOrder {index:208;}">
                <Coords points="3836,4973 5434,4973 5434,4920 5292,4904 3836,4892"/>
                <Baseline points="3857,4950 3947,4950 4036,4950 4126,4950 4215,4950 4305,4956 4395,4956 4484,4950 4574,4950 4663,4950 4753,4956 4842,4956 4932,4956 5022,4956 5111,4956 5201,4956 5290,4962 5380,4962 5446,4962"/>
                <TextEquiv>
                    <Unicode>der Dynastie für gefährdet gehalten. Aber die inter¬</Unicode>
                </TextEquiv>
            </TextLine>
            <TextLine id="tr_1_tl_210" custom="readingOrder {index:209;}">
                <Coords points="2197,5025 3759,5013 3759,4936 2197,4961"/>
                <Baseline points="2221,5010 2245,5004 2334,5004 2424,4998 2514,5004 2603,5004 2693,5004 2782,4998 2872,4998 2961,5004 3051,4998 3141,4998 3230,4998 3320,4998 3409,4998 3499,4998 3588,4992 3678,4992 3768,4986"/>
                <TextEquiv>
                    <Unicode>gen und Leidenschaften müssen von dem wirklichen Staats</Unicode>
                </TextEquiv>
            </TextLine>
            <TextLine id="tr_1_tl_211" custom="readingOrder {index:210;}">
                <Coords points="534,5046 2100,5042 2153,4973 959,4993 538,4949"/>
                <Baseline points="555,5034 632,5034 722,5034 812,5028 901,5028 991,5028 1080,5034 1170,5028 1260,5022 1349,5022 1439,5022 1528,5022 1618,5022 1707,5022 1797,5022 1887,5016 1976,5016 2066,5016 2155,5010"/>
                <TextEquiv>
                    <Unicode>wahrzunehmen, wie sehr die Oeffentlichkeit Zusammenkünfte</Unicode>
                </TextEquiv>
            </TextLine>
            <TextLine id="tr_1_tl_212" custom="readingOrder {index:211;}">
                <Coords points="3828,5038 5434,5074 5434,4973 3828,4969"/>
                <Baseline points="3851,5022 3941,5016 4030,5016 4120,5016 4209,5022 4299,5022 4389,5022 4478,5022 4568,5022 4657,5022 4747,5022 4836,5022 4926,5022 5016,5022 5105,5022 5195,5028 5284,5034 5374,5034 5446,5045"/>
                <TextEquiv>
                    <Unicode>nationale Situation des Königreiches ist doch wenig be¬</Unicode>
                </TextEquiv>
            </TextLine>
            <TextLine id="tr_1_tl_213" custom="readingOrder {index:212;}">
                <Coords points="2197,5074 3775,5074 3775,5009 2197,5025"/>
                <Baseline points="2221,5069 2263,5069 2352,5069 2442,5069 2531,5069 2621,5069 2711,5069 2800,5069 2890,5063 2979,5063 3069,5063 3158,5069 3248,5063 3338,5057 3427,5057 3517,5057 3606,5057 3696,5057 3785,5063"/>
                <TextEquiv>
                    <Unicode>mann erkannt und, wenn nötig, eingedämmt werden.</Unicode>
                </TextEquiv>
            </TextLine>
            <TextLine id="tr_1_tl_214" custom="readingOrder {index:213;}">
                <Coords points="526,5127 2153,5143 2120,5029 526,5050"/>
                <Baseline points="549,5111 638,5099 728,5099 818,5099 907,5093 997,5099 1086,5099 1176,5099 1265,5093 1355,5093 1445,5093 1534,5093 1624,5093 1713,5087 1803,5087 1892,5087 1982,5087 2072,5087 2161,5081"/>
                <TextEquiv>
                    <Unicode>zwischen Monarchen zu überschätzen und in einer Weise zu</Unicode>
                </TextEquiv>
            </TextLine>
            <TextLine id="tr_1_tl_215" custom="readingOrder {index:214;}">
                <Coords points="3824,5106 3917,5119 3973,5094 4071,5098 4091,5114 4111,5094 4172,5098 4176,5038 4131,5029 4087,5046 4066,5029 3957,5038 3921,5025 3880,5046 3828,5038"/>
                <Baseline points="3845,5087 3911,5087 4000,5087 4090,5081 4180,5081"/>
                <TextEquiv>
                    <Unicode>neidenswert.</Unicode>
                </TextEquiv>
            </TextLine>
            <TextLine id="tr_1_tl_216" custom="readingOrder {index:215;}">
                <Coords points="2197,5143 3723,5147 3775,5074 2197,5078"/>
                <Baseline points="2221,5135 2263,5135 2352,5135 2442,5135 2531,5135 2621,5135 2711,5135 2800,5129 2890,5129 2979,5129 3069,5129 3158,5129 3248,5129 3338,5129 3427,5129 3517,5129 3606,5123 3696,5123 3785,5117"/>
                <TextEquiv>
                    <Unicode>Aber wer ihrem Vorhandensein gegenüber die Augen</Unicode>
                </TextEquiv>
            </TextLine>
            <TextLine id="tr_1_tl_217" custom="readingOrder {index:216;}">
                <Coords points="3949,5163 5471,5203 5471,5062 3949,5098"/>
                <Baseline points="3971,5153 4060,5153 4150,5153 4239,5153 4329,5153 4418,5153 4508,5153 4598,5153 4687,5153 4777,5153 4866,5153 4956,5153 5045,5153 5135,5159 5225,5159 5314,5159 5404,5165 5481,5177"/>
                <TextEquiv>
                    <Unicode>Der König erzählte, daß er eben eine Depesche vom</Unicode>
                </TextEquiv>
            </TextLine>
            <TextLine id="tr_1_tl_218" custom="readingOrder {index:217;}">
                <Coords points="2209,5232 3346,5199 3702,5252 3763,5236 3763,5131 2209,5143"/>
                <Baseline points="2233,5201 2251,5201 2340,5201 2430,5201 2520,5201 2609,5201 2699,5201 2788,5201 2878,5195 2967,5195 3057,5195 3147,5195 3236,5201 3326,5195 3415,5201 3505,5195 3594,5195 3684,5195 3774,5189"/>
                <TextEquiv>
                    <Unicode>schließt, statt ihre Ursachen zu ergründen und bessernd</Unicode>
                </TextEquiv>
            </TextLine>
            <TextLine id="tr_1_tl_219" custom="readingOrder {index:218;}">
                <Coords points="538,5236 2157,5236 2161,5135 538,5163"/>
                <Baseline points="561,5225 644,5225 734,5225 824,5225 913,5225 1003,5225 1092,5225 1182,5225 1271,5225 1361,5225 1451,5219 1540,5219 1630,5219 1719,5219 1809,5213 1898,5213 1988,5213 2078,5213 2167,5213"/>
                <TextEquiv>
                    <Unicode>kosend über den Knauf. Er spricht kein Wort. Aber seine</Unicode>
                </TextEquiv>
            </TextLine>
            <TextLine id="tr_1_tl_220" custom="readingOrder {index:219;}">
                <Coords points="3828,5244 5430,5236 5430,5179 5292,5163 3828,5159"/>
                <Baseline points="3851,5225 3941,5219 4030,5219 4120,5219 4209,5219 4299,5219 4389,5219 4478,5219 4568,5219 4657,5219 4747,5219 4836,5219 4926,5219 5016,5219 5105,5219 5195,5219 5284,5225 5374,5225 5440,5231"/>
                <TextEquiv>
                    <Unicode>König aus Korfu empfangen hätte. Er erinnerte sich an</Unicode>
                </TextEquiv>
            </TextLine>
            <TextLine id="tr_1_tl_221" custom="readingOrder {index:220;}">
                <Coords points="2205,5313 2683,5268 3269,5297 3326,5276 3330,5208 2638,5228 2598,5195 2545,5232 2448,5203 2205,5232"/>
                <Baseline points="2227,5272 2263,5272 2352,5272 2442,5272 2531,5272 2621,5266 2711,5266 2800,5266 2890,5266 2979,5260 3069,5260 3158,5260 3248,5260 3338,5260"/>
                <TextEquiv>
                    <Unicode>einzugreifen, der wäre kein Staatsmann.</Unicode>
                </TextEquiv>
            </TextLine>
            <TextLine id="tr_1_tl_222" custom="readingOrder {index:221;}">
                <Coords points="538,5309 2092,5305 2145,5228 542,5236"/>
                <Baseline points="561,5296 627,5290 716,5290 806,5290 895,5290 985,5290 1074,5290 1164,5290 1254,5290 1343,5284 1433,5284 1522,5284 1612,5284 1701,5284 1791,5284 1881,5278 1970,5278 2060,5278 2149,5278"/>
                <TextEquiv>
                    <Unicode>Augen klammern sich fragend an die Augen seines Herrn,</Unicode>
                </TextEquiv>
            </TextLine>
            <TextLine id="tr_1_tl_223" custom="readingOrder {index:222;}">
                <Coords points="3836,5297 5450,5317 5450,5252 5337,5228 3836,5240"/>
                <Baseline points="3857,5284 3947,5284 4036,5284 4126,5284 4215,5284 4305,5284 4395,5284 4484,5284 4574,5284 4663,5284 4753,5278 4842,5284 4932,5284 5022,5284 5111,5284 5201,5290 5290,5290 5380,5290 5458,5290"/>
                <TextEquiv>
                    <Unicode>eine Begegnung mit dem König Georg in Abbazia, bei</Unicode>
                </TextEquiv>
            </TextLine>
            <TextLine id="tr_1_tl_224" custom="readingOrder {index:223;}">
                <Coords points="2294,5361 3771,5345 3775,5236 3269,5297 2683,5264 2294,5305"/>
                <Baseline points="2316,5350 2346,5350 2436,5344 2525,5344 2615,5344 2705,5344 2794,5344 2884,5344 2973,5338 3063,5338 3153,5338 3242,5338 3332,5338 3421,5338 3511,5338 3600,5332 3690,5332 3780,5338"/>
                <TextEquiv>
                    <Unicode>„Eure Majestät, die objektivere Erkenntnis der</Unicode>
                </TextEquiv>
            </TextLine>
            <TextLine id="tr_1_tl_225" custom="readingOrder {index:224;}">
                <Coords points="514,5365 2055,5382 2128,5365 2128,5297 514,5317"/>
                <Baseline points="537,5362 615,5362 704,5362 794,5362 883,5356 973,5356 1062,5356 1152,5356 1242,5356 1331,5350 1421,5356 1510,5350 1600,5356 1689,5350 1779,5350 1869,5350 1958,5344 2048,5350 2137,5350"/>
                <TextEquiv>
                    <Unicode>als wollten sie alte Erinnerungen tauschen. Und auf einmal</Unicode>
                </TextEquiv>
            </TextLine>
            <TextLine id="tr_1_tl_226" custom="readingOrder {index:225;}">
                <Coords points="3824,5369 5422,5377 5422,5305 5333,5292 3824,5292"/>
                <Baseline points="3845,5350 3935,5356 4024,5350 4114,5356 4204,5350 4293,5350 4383,5350 4472,5350 4562,5350 4651,5350 4741,5350 4831,5350 4920,5350 5010,5356 5099,5356 5189,5356 5278,5356 5368,5356 5434,5350"/>
                <TextEquiv>
                    <Unicode>der sich dieser darüber beklagte, daß er noch immer nicht</Unicode>
                </TextEquiv>
            </TextLine>
            <TextLine id="tr_1_tl_227" custom="readingOrder {index:226;}">
                <Coords points="546,5442 3310,5462 3735,5446 3771,5341 546,5382"/>
                <Baseline points="567,5434 644,5428 734,5428 824,5428 913,5422 1003,5428 1092,5422 1182,5422 1271,5422 1361,5422 1451,5422 1540,5416 1630,5416 1719,5416 1809,5422 1898,5416 1988,5416 2078,5422 2167,5416 2197,5410 2287,5410 2376,5416 2466,5410 2555,5410 2645,5410 2734,5410 2824,5410 2914,5410 3003,5404 3093,5410 3182,5416 3272,5416 3362,5410 3451,5410 3541,5404 3630,5404 3720,5404 3780,5416"/>
                <TextEquiv>
                    <Unicode>vermeinen wir mitten ins Schlachtgetümmel gewirbelt zu Monarchen, die auf „der Menschheit Höhen wandeln“,</Unicode>
                </TextEquiv>
            </TextLine>
            <TextLine id="tr_1_tl_228" custom="readingOrder {index:227;}">
                <Coords points="3828,5434 5430,5450 5430,5377 5353,5365 3828,5365"/>
                <Baseline points="3851,5422 3941,5422 4030,5422 4120,5422 4209,5422 4299,5422 4389,5422 4478,5422 4568,5422 4657,5416 4747,5416 4836,5422 4926,5416 5016,5422 5105,5422 5195,5428 5284,5422 5374,5422 5440,5422"/>
                <TextEquiv>
                    <Unicode>die Eisenbahnverbindung mit Europa hätte, die ihm die</Unicode>
                </TextEquiv>
            </TextLine>
            <TextLine id="tr_1_tl_229" custom="readingOrder {index:228;}">
                <Coords points="2185,5523 2294,5527 2351,5491 3055,5507 3176,5491 3176,5430 2978,5406 2909,5434 2553,5414 2420,5450 2395,5422 2185,5446"/>
                <Baseline points="2209,5481 2293,5481 2382,5481 2472,5481 2561,5481 2651,5481 2740,5475 2830,5475 2920,5475 3009,5475 3099,5475 3188,5475"/>
                <TextEquiv>
                    <Unicode>mildert oft die Volksleidenschaften.</Unicode>
                </TextEquiv>
            </TextLine>
            <TextLine id="tr_1_tl_230" custom="readingOrder {index:229;}">
                <Coords points="550,5507 2132,5515 2132,5438 2076,5422 550,5442"/>
                <Baseline points="573,5493 621,5493 710,5493 800,5493 889,5493 979,5493 1068,5493 1158,5493 1248,5487 1337,5487 1427,5487 1516,5487 1606,5487 1695,5481 1785,5487 1875,5487 1964,5481 2054,5481 2143,5481"/>
                <TextEquiv>
                    <Unicode>werden. Aufrecht steht der alte Diener da, wie eine</Unicode>
                </TextEquiv>
            </TextLine>
            <TextLine id="tr_1_tl_231" custom="readingOrder {index:230;}">
                <Coords points="3828,5519 5430,5499 5430,5454 5329,5426 3828,5434"/>
                <Baseline points="3851,5493 3917,5487 4006,5487 4096,5487 4186,5487 4275,5487 4365,5487 4454,5487 4544,5487 4633,5487 4723,5481 4813,5487 4902,5481 4992,5487 5081,5487 5171,5487 5260,5487 5350,5487 5440,5487"/>
                <TextEquiv>
                    <Unicode>Türkei bis auf den heutigen Tag nicht gewähren wollte.</Unicode>
                </TextEquiv>
            </TextLine>
            <TextLine id="tr_1_tl_232" custom="readingOrder {index:231;}">
                <Coords points="2306,5572 3779,5568 3779,5483 2306,5491"/>
                <Baseline points="2328,5553 2358,5559 2448,5559 2537,5559 2627,5559 2717,5553 2806,5559 2896,5553 2985,5553 3075,5547 3164,5553 3254,5553 3344,5553 3433,5547 3523,5547 3612,5547 3702,5547 3791,5547"/>
                <TextEquiv>
                    <Unicode>Der König: „Und wie oft obliegt uns tatsächlich diese</Unicode>
                </TextEquiv>
            </TextLine>
            <TextLine id="tr_1_tl_233" custom="readingOrder {index:232;}">
                <Coords points="3941,5560 5434,5572 5434,5499 3941,5511"/>
                <Baseline points="3965,5559 4054,5553 4144,5559 4233,5553 4323,5553 4413,5553 4502,5553 4592,5553 4681,5553 4771,5553 4860,5553 4950,5547 5040,5553 5129,5553 5219,5559 5308,5553 5398,5559 5440,5559"/>
                <TextEquiv>
                    <Unicode>Der König fragte mich : „Haben Sie sich Bukarest</Unicode>
                </TextEquiv>
            </TextLine>
            <TextLine id="tr_1_tl_234" custom="readingOrder {index:233;}">
                <Coords points="514,5608 1971,5564 1971,5507 1914,5487 1092,5531 514,5499"/>
                <Baseline points="537,5577 549,5577 638,5571 728,5565 818,5559 907,5559 997,5559 1086,5559 1176,5559 1265,5559 1355,5559 1445,5559 1534,5559 1624,5559 1713,5553 1803,5553 1892,5553 1982,5559"/>
                <TextEquiv>
                    <Unicode>Heldengestalt aus einem längst verklungenen Liede.</Unicode>
                </TextEquiv>
            </TextLine>
            <TextLine id="tr_1_tl_235" custom="readingOrder {index:234;}">
                <Coords points="660,5640 1991,5640 2132,5632 2132,5560 660,5572"/>
                <Baseline points="680,5625 710,5631 800,5631 889,5631 979,5625 1068,5631 1158,5631 1248,5625 1337,5625 1427,5625 1516,5625 1606,5625 1695,5625 1785,5625 1875,5619 1964,5619 2054,5619 2143,5619"/>
                <TextEquiv>
                    <Unicode>Man merkt es den polnischen Schauspielern gar nicht an,</Unicode>
                </TextEquiv>
            </TextLine>
            <TextLine id="tr_1_tl_236" custom="readingOrder {index:235;}">
                <Coords points="2205,5636 3771,5636 3771,5568 3629,5551 2614,5588 2205,5535"/>
                <Baseline points="2227,5625 2257,5625 2346,5625 2436,5625 2525,5625 2615,5625 2705,5625 2794,5619 2884,5619 2973,5619 3063,5619 3153,5619 3242,5619 3332,5619 3421,5619 3511,5619 3600,5619 3690,5619 3780,5619"/>
                <TextEquiv>
                    <Unicode>Aufgabe! Vor Jahren gab es eine Judenhetze in Jassy.</Unicode>
                </TextEquiv>
            </TextLine>
            <TextLine id="tr_1_tl_237" custom="readingOrder {index:236;}">
                <Coords points="3824,5636 5422,5645 5422,5572 5373,5568 3824,5568"/>
                <Baseline points="3845,5619 3935,5625 4024,5625 4114,5619 4204,5619 4293,5619 4383,5619 4472,5619 4562,5619 4651,5619 4741,5619 4831,5619 4920,5619 5010,5619 5099,5619 5189,5625 5278,5619 5368,5625 5434,5625"/>
                <TextEquiv>
                    <Unicode>angesehen?" Und er rühmte die Entwicklung der Stadt</Unicode>
                </TextEquiv>
            </TextLine>
            <TextLine id="tr_1_tl_238" custom="readingOrder {index:237;}">
                <Coords points="2197,5701 3771,5689 3771,5632 3601,5616 2197,5632"/>
                <Baseline points="2221,5690 2257,5690 2346,5696 2436,5690 2525,5690 2615,5690 2705,5696 2794,5690 2884,5684 2973,5684 3063,5684 3153,5684 3242,5684 3332,5684 3421,5684 3511,5684 3600,5678 3690,5678 3780,5678"/>
                <TextEquiv>
                    <Unicode>Um den Sturm zu beschwichtigen, begab ich mich per-</Unicode>
                </TextEquiv>
            </TextLine>
            <TextLine id="tr_1_tl_239" custom="readingOrder {index:238;}">
                <Coords points="514,5717 2153,5705 2153,5649 2043,5624 514,5645"/>
                <Baseline points="537,5702 549,5702 638,5702 728,5702 818,5696 907,5696 997,5696 1086,5696 1176,5696 1265,5690 1355,5690 1445,5690 1534,5690 1624,5690 1713,5690 1803,5690 1892,5690 1982,5684 2072,5684 2161,5684"/>
                <TextEquiv>
                    <Unicode>daß sie Kostüme tragen. Das Spiel ist ihnen Wirklichkeit. Ab¬</Unicode>
                </TextEquiv>
            </TextLine>
            <TextLine id="tr_1_tl_240" custom="readingOrder {index:239;}">
                <Coords points="3824,5705 5430,5717 5430,5649 5256,5624 3824,5632"/>
                <Baseline points="3845,5690 3935,5690 4024,5690 4114,5690 4204,5696 4293,5690 4383,5690 4472,5690 4562,5690 4651,5690 4741,5690 4831,5690 4920,5690 5010,5690 5099,5690 5189,5690 5278,5690 5368,5690 5440,5690"/>
                <TextEquiv>
                    <Unicode>und hob auch den Bau der wissenschaftlichen Institute</Unicode>
                </TextEquiv>
            </TextLine>
            <TextLine id="tr_1_tl_241" custom="readingOrder {index:240;}">
                <Coords points="2209,5770 4030,5782 4030,5717 3799,5661 3545,5717 2209,5701"/>
                <Baseline points="2233,5762 2269,5762 2358,5756 2448,5762 2537,5756 2627,5756 2717,5756 2806,5750 2896,5750 2985,5750 3075,5750 3164,5750 3254,5750 3344,5750 3433,5750 3523,5750 3612,5750 3702,5744 3791,5750 3845,5762 3935,5762 4024,5762 4042,5762"/>
                <TextEquiv>
                    <Unicode>sönlich in die Synagoge. Man hatte mich davor gewarnt. hervor.</Unicode>
                </TextEquiv>
            </TextLine>
            <TextLine id="tr_1_tl_242" custom="readingOrder {index:241;}">
                <Coords points="538,5782 1821,5794 2132,5770 2136,5705 542,5713"/>
                <Baseline points="561,5768 621,5768 710,5768 800,5762 889,5762 979,5762 1068,5762 1158,5762 1248,5762 1337,5762 1427,5762 1516,5762 1606,5762 1695,5762 1785,5756 1875,5756 1964,5756 2054,5756 2143,5756"/>
                <TextEquiv>
                    <Unicode>ichtslos beinahe ordnen sie sich zu vornehm stolzen Bildern,</Unicode>
                </TextEquiv>
            </TextLine>
            <TextLine id="tr_1_tl_243" custom="readingOrder {index:242;}">
                <Coords points="2205,5839 3710,5843 3779,5823 3779,5762 2205,5778"/>
                <Baseline points="2227,5828 2263,5828 2352,5828 2442,5822 2531,5822 2621,5822 2711,5822 2800,5822 2890,5822 2979,5816 3069,5822 3158,5822 3248,5816 3338,5822 3427,5816 3517,5816 3606,5816 3696,5822 3785,5810"/>
                <TextEquiv>
                    <Unicode>Man hatte mir die schwersten Insulten in Aussicht ge¬</Unicode>
                </TextEquiv>
            </TextLine>
            <TextLine id="tr_1_tl_244" custom="readingOrder {index:243;}">
                <Coords points="538,5859 2104,5839 2157,5831 2157,5766 538,5778"/>
                <Baseline points="561,5834 644,5834 734,5834 824,5834 913,5834 1003,5828 1092,5828 1182,5828 1271,5828 1361,5828 1451,5822 1540,5822 1630,5822 1719,5822 1809,5822 1898,5822 1988,5822 2078,5822 2167,5822"/>
                <TextEquiv>
                    <Unicode>die aussehen, als habe Matejko sie entworfen. Da kommt</Unicode>
                </TextEquiv>
            </TextLine>
            <TextLine id="tr_1_tl_245" custom="readingOrder {index:244;}">
                <Coords points="3941,5847 5422,5867 5422,5782 5216,5742 3941,5774"/>
                <Baseline points="3965,5834 4054,5840 4144,5834 4233,5834 4323,5834 4413,5834 4502,5834 4592,5834 4681,5834 4771,5834 4860,5834 4950,5834 5040,5834 5129,5834 5219,5834 5308,5834 5398,5840 5434,5846"/>
                <TextEquiv>
                    <Unicode>Ich hatte den Eindruck, daß der König, weit entfernt,</Unicode>
                </TextEquiv>
            </TextLine>
            <TextLine id="tr_1_tl_246" custom="readingOrder {index:245;}">
                <Coords points="534,5908 2027,5916 2149,5908 2149,5831 534,5863"/>
                <Baseline points="555,5899 632,5899 722,5899 812,5899 901,5899 991,5893 1080,5893 1170,5893 1260,5893 1349,5893 1439,5893 1528,5893 1618,5887 1707,5893 1797,5893 1887,5887 1976,5887 2066,5887 2155,5882"/>
                <TextEquiv>
                    <Unicode>ein Augenblick, in dem Milczek das Haus seines Gegners</Unicode>
                </TextEquiv>
            </TextLine>
            <TextLine id="tr_1_tl_247" custom="readingOrder {index:246;}">
                <Coords points="2197,5920 2885,5891 3354,5936 3419,5891 3496,5940 3775,5899 3775,5827 2197,5839"/>
                <Baseline points="2221,5893 2263,5893 2352,5893 2442,5893 2531,5893 2621,5893 2711,5893 2800,5893 2890,5887 2979,5887 3069,5887 3158,5887 3248,5893 3338,5893 3427,5887 3517,5887 3606,5887 3696,5887 3785,5882"/>
                <TextEquiv>
                    <Unicode>stellt. Als ich aber die Synagoge verließ, brachte man</Unicode>
                </TextEquiv>
            </TextLine>
            <TextLine id="tr_1_tl_248" custom="readingOrder {index:247;}">
                <Coords points="3836,5932 5430,5928 5430,5867 5333,5847 3836,5843"/>
                <Baseline points="3857,5905 3947,5911 4036,5905 4126,5905 4215,5905 4305,5899 4395,5899 4484,5899 4574,5899 4663,5899 4753,5899 4842,5899 4932,5899 5022,5899 5111,5899 5201,5899 5290,5905 5380,5905 5440,5917"/>
                <TextEquiv>
                    <Unicode>sich seinem alten deutschen Vaterland entfremdet zu haben,</Unicode>
                </TextEquiv>
            </TextLine>
            <TextLine id="tr_1_tl_249" custom="readingOrder {index:248;}">
                <Coords points="538,5980 2675,6005 2982,5984 3035,5895 538,5908"/>
                <Baseline points="561,5965 632,5965 722,5965 812,5965 901,5965 991,5965 1080,5959 1170,5965 1260,5965 1349,5959 1439,5959 1528,5953 1618,5959 1707,5959 1797,5959 1887,5959 1976,5953 2066,5953 2155,5959 2215,5959 2239,5959 2328,5965 2418,5959 2508,5959 2597,5959 2687,5959 2776,5959 2866,5959 2955,5953 3045,5947"/>
                <TextEquiv>
                    <Unicode>Raptusiewiez betritt. Dem fährt schon der Degen aus der mir vielmehr Ovationen dar.</Unicode>
                </TextEquiv>
            </TextLine>
            <TextLine id="tr_1_tl_250" custom="readingOrder {index:249;}">
                <Coords points="3824,6005 5353,5997 5438,5992 5438,5928 3824,5936"/>
                <Baseline points="3845,5971 3935,5971 4024,5971 4114,5971 4204,5971 4293,5971 4383,5965 4472,5965 4562,5965 4651,5965 4741,5965 4831,5965 4920,5965 5010,5965 5099,5965 5189,5965 5278,5965 5368,5971 5446,5977"/>
                <TextEquiv>
                    <Unicode>einer Anlehnung Rumäniens an die großen militärischen</Unicode>
                </TextEquiv>
            </TextLine>
            <TextLine id="tr_1_tl_251" custom="readingOrder {index:250;}">
                <Coords points="538,6049 1938,6053 2145,6029 2145,5968 538,5980"/>
                <Baseline points="561,6031 632,6031 722,6037 812,6037 901,6031 991,6031 1080,6025 1170,6025 1260,6025 1349,6025 1439,6025 1528,6025 1618,6025 1707,6025 1797,6025 1887,6025 1976,6025 2066,6019 2155,6019"/>
                <TextEquiv>
                    <Unicode>Scheide. Aber im letzten Augenblick besinnt er sich. Der</Unicode>
                </TextEquiv>
            </TextLine>
            <TextLine id="tr_1_tl_252" custom="readingOrder {index:251;}">
                <Coords points="2323,6061 3775,6041 3775,5968 3601,5944 2707,5972 2671,6009 2323,5968"/>
                <Baseline points="2346,6043 2436,6037 2525,6037 2615,6037 2705,6043 2794,6037 2884,6037 2973,6031 3063,6037 3153,6037 3242,6031 3332,6031 3421,6031 3511,6031 3600,6031 3690,6031 3780,6031"/>
                <TextEquiv>
                    <Unicode>Ich sagte: „Den Fremden würde es unter dem</Unicode>
                </TextEquiv>
            </TextLine>
            <TextLine id="tr_1_tl_253" custom="readingOrder {index:252;}">
                <Coords points="3836,6053 4491,6086 4746,6041 4884,6086 5001,6045 5058,6086 5151,6037 5325,6086 5450,6053 5450,5988 3836,5997"/>
                <Baseline points="3857,6037 3947,6037 4036,6037 4126,6043 4215,6037 4305,6037 4395,6037 4484,6037 4574,6037 4663,6037 4753,6037 4842,6031 4932,6037 5022,6037 5111,6037 5201,6037 5290,6037 5380,6043 5458,6043"/>
                <TextEquiv>
                    <Unicode>und wissenschaftlichen Ressourcen Deutschlands in hohem</Unicode>
                </TextEquiv>
            </TextLine>
            <TextLine id="tr_1_tl_254" custom="readingOrder {index:253;}">
                <Coords points="538,6122 2031,6118 2145,6102 2145,6029 538,6049"/>
                <Baseline points="561,6102 632,6102 722,6096 812,6102 901,6096 991,6096 1080,6096 1170,6096 1260,6096 1349,6091 1439,6096 1528,6091 1618,6091 1707,6091 1797,6091 1887,6091 1976,6091 2066,6085 2155,6091"/>
                <TextEquiv>
                    <Unicode>Schwung seiner Gebärde bricht in der Mitte entzwei,</Unicode>
                </TextEquiv>
            </TextLine>
            <TextLine id="tr_1_tl_255" custom="readingOrder {index:254;}">
                <Coords points="2319,6122 3621,6134 3771,6114 3771,6041 2319,6069"/>
                <Baseline points="2340,6102 2346,6102 2436,6102 2525,6102 2615,6108 2705,6102 2794,6102 2884,6102 2973,6096 3063,6096 3153,6102 3242,6102 3332,6102 3421,6108 3511,6102 3600,6102 3690,6096 3780,6096"/>
                <TextEquiv>
                    <Unicode>kurzem im Parlament eingebrachten Gesetz zur</Unicode>
                </TextEquiv>
            </TextLine>
            <TextLine id="tr_1_tl_256" custom="readingOrder {index:255;}">
                <Coords points="3836,6134 3909,6122 3969,6142 4018,6110 4050,6134 4075,6118 4147,6134 4200,6110 4317,6126 4350,6118 4354,6045 4277,6045 4249,6065 4131,6049 4026,6073 3969,6045 3941,6065 3840,6049"/>
                <Baseline points="3857,6108 3947,6108 4036,6108 4126,6108 4215,6102 4305,6102 4359,6108"/>
                <TextEquiv>
                    <Unicode>grade zugetan sei.</Unicode>
                </TextEquiv>
            </TextLine>
            <TextLine id="tr_1_tl_257" custom="readingOrder {index:256;}">
                <Coords points="526,6179 2076,6187 2132,6175 2136,6106 526,6118"/>
                <Baseline points="549,6162 621,6168 710,6168 800,6168 889,6162 979,6162 1068,6162 1158,6162 1248,6162 1337,6162 1427,6162 1516,6156 1606,6156 1695,6156 1785,6156 1875,6156 1964,6156 2054,6156 2143,6156"/>
                <TextEquiv>
                    <Unicode>wie ein schriller Ton abbricht. „Das Gastrecht ist heilig,</Unicode>
                </TextEquiv>
            </TextLine>
            <TextLine id="tr_1_tl_258" custom="readingOrder {index:257;}">
                <Coords points="3953,6195 4730,6162 4831,6203 5167,6166 5398,6199 5430,6098 5078,6073 4936,6126 4447,6065 4297,6130 3957,6134"/>
                <Baseline points="3977,6180 4000,6180 4090,6168 4180,6168 4269,6168 4359,6168 4448,6168 4538,6168 4627,6168 4717,6162 4807,6168 4896,6168 4986,6168 5075,6168 5165,6168 5255,6168 5344,6162 5434,6162"/>
                <TextEquiv>
                    <Unicode>„Gehen Sie nach Sinaia?“ fragte er mich, und ich</Unicode>
                </TextEquiv>
            </TextLine>
            <TextLine id="tr_1_tl_259" custom="readingOrder {index:258;}">
                <Coords points="2205,6187 3383,6175 3545,6223 3779,6195 3783,6114 2464,6134 2209,6061"/>
                <Baseline points="2227,6174 2263,6174 2352,6174 2442,6174 2531,6174 2621,6174 2711,6174 2800,6168 2890,6168 2979,6162 3069,6168 3158,6168 3248,6168 3338,6168 3427,6174 3517,6168 3606,6174 3696,6168 3785,6168"/>
                <TextEquiv>
                    <Unicode>Förderung der Industrie unendlich schwer gemacht sein,</Unicode>
                </TextEquiv>
            </TextLine>
            <TextLine id="tr_1_tl_260" custom="readingOrder {index:259;}">
                <Coords points="550,6256 2104,6251 2149,6171 554,6179"/>
                <Baseline points="573,6240 632,6234 722,6234 812,6234 901,6234 991,6228 1080,6228 1170,6228 1260,6228 1349,6228 1439,6228 1528,6228 1618,6222 1707,6228 1797,6228 1887,6222 1976,6222 2066,6228 2155,6228"/>
                <TextEquiv>
                    <Unicode>sagt er. Man braucht des Polnischen nicht mächtig zu</Unicode>
                </TextEquiv>
            </TextLine>
            <TextLine id="tr_1_tl_261" custom="readingOrder {index:260;}">
                <Coords points="3820,6264 5377,6260 5430,6191 3824,6187"/>
                <Baseline points="3845,6240 3917,6246 4006,6240 4096,6240 4186,6234 4275,6234 4365,6234 4454,6234 4544,6234 4633,6234 4723,6234 4813,6234 4902,6234 4992,6234 5081,6234 5171,6234 5260,6240 5350,6240 5440,6234"/>
                <TextEquiv>
                    <Unicode>mußte leider verneinen. Er lud mich ein, diese seine</Unicode>
                </TextEquiv>
            </TextLine>
            <TextLine id="tr_1_tl_262" custom="readingOrder {index:261;}">
                <Coords points="2209,6272 2820,6243 2925,6276 2998,6235 3277,6264 3371,6251 3371,6191 2921,6162 2209,6207"/>
                <Baseline points="2233,6252 2305,6246 2394,6240 2484,6240 2573,6240 2663,6240 2752,6240 2842,6240 2932,6234 3021,6234 3111,6234 3200,6234 3290,6234 3379,6240"/>
                <TextEquiv>
                    <Unicode>sich in Rumänien industriell zu betätigen.</Unicode>
                </TextEquiv>
            </TextLine>
            <TextLine id="tr_1_tl_263" custom="readingOrder {index:262;}">
                <Coords points="558,6320 2084,6312 2140,6304 2140,6243 558,6247"/>
                <Baseline points="579,6300 627,6306 716,6300 806,6300 895,6300 985,6300 1074,6300 1164,6300 1254,6294 1343,6294 1433,6294 1522,6294 1612,6294 1701,6294 1791,6294 1881,6288 1970,6288 2060,6294 2149,6288"/>
                <TextEquiv>
                    <Unicode>sein, um diese Worte zu verstehen. Mit so viel edlem</Unicode>
                </TextEquiv>
            </TextLine>
            <TextLine id="tr_1_tl_264" custom="readingOrder {index:263;}">
                <Coords points="2319,6320 3617,6320 3775,6300 3775,6239 3625,6207 3310,6268 2319,6256"/>
                <Baseline points="2340,6311 2352,6311 2442,6306 2531,6306 2621,6306 2711,6306 2800,6306 2890,6300 2979,6300 3069,6294 3158,6300 3248,6300 3338,6300 3427,6300 3517,6300 3606,6300 3696,6294 3785,6300"/>
                <TextEquiv>
                    <Unicode>Der König meinte: „Das Gesetz wird in dieser</Unicode>
                </TextEquiv>
            </TextLine>
            <TextLine id="tr_1_tl_265" custom="readingOrder {index:264;}">
                <Coords points="3828,6320 5203,6340 5414,6324 5414,6247 3828,6256"/>
                <Baseline points="3851,6306 3941,6306 4030,6306 4120,6306 4209,6306 4299,6306 4389,6300 4478,6300 4568,6300 4657,6300 4747,6300 4836,6306 4926,6300 5016,6300 5105,6300 5195,6300 5284,6306 5374,6306 5422,6306"/>
                <TextEquiv>
                    <Unicode>Sommerresidenz einmal aufzusuchen. „Glauben Sie mir,"</Unicode>
                </TextEquiv>
            </TextLine>
            <TextLine id="tr_1_tl_266" custom="readingOrder {index:265;}">
                <Coords points="2205,6393 2679,6385 2808,6438 3265,6377 3670,6409 3779,6389 3779,6304 2545,6345 2205,6308"/>
                <Baseline points="2227,6389 2263,6377 2352,6377 2442,6377 2531,6377 2621,6377 2711,6377 2800,6371 2890,6371 2979,6371 3069,6365 3158,6365 3248,6371 3338,6365 3427,6371 3517,6365 3606,6371 3696,6365 3785,6353"/>
                <TextEquiv>
                    <Unicode>Form nicht aufrechterhalten, es wird eine starke Ab¬</Unicode>
                </TextEquiv>
            </TextLine>
            <TextLine id="tr_1_tl_267" custom="readingOrder {index:266;}">
                <Coords points="546,6381 1983,6381 2145,6369 2145,6312 546,6320"/>
                <Baseline points="567,6377 632,6371 722,6365 812,6365 901,6365 991,6365 1080,6365 1170,6371 1260,6365 1349,6359 1439,6365 1528,6359 1618,6359 1707,6359 1797,6359 1887,6359 1976,6359 2066,6359 2155,6359"/>
                <TextEquiv>
                    <Unicode>Anstand werden sie gesprochen. Man empfindet, daß in</Unicode>
                </TextEquiv>
            </TextLine>
            <TextLine id="tr_1_tl_268" custom="readingOrder {index:267;}">
                <Coords points="3836,6397 4592,6369 5127,6413 5422,6389 5422,6316 3836,6320"/>
                <Baseline points="3857,6377 3947,6371 4036,6371 4126,6371 4215,6371 4305,6371 4395,6365 4484,6365 4574,6365 4663,6371 4753,6371 4842,6371 4932,6371 5022,6371 5111,6371 5201,6371 5290,6371 5380,6377 5434,6377"/>
                <TextEquiv>
                    <Unicode>fügte er hinzu, „wenn Sie°Bukarest kennen, so kennen</Unicode>
                </TextEquiv>
            </TextLine>
            <TextLine id="tr_1_tl_269" custom="readingOrder {index:268;}">
                <Coords points="526,6438 2161,6442 2161,6373 2068,6361 526,6377"/>
                <Baseline points="549,6437 555,6437 644,6437 734,6437 824,6437 913,6437 1003,6431 1092,6431 1182,6431 1271,6431 1361,6431 1451,6431 1540,6425 1630,6431 1719,6425 1809,6425 1898,6431 1988,6431 2078,6425 2167,6431"/>
                <TextEquiv>
                    <Unicode>diesem Augenblick der Schauspieler über seine Rolle</Unicode>
                </TextEquiv>
            </TextLine>
            <TextLine id="tr_1_tl_270" custom="readingOrder {index:269;}">
                <Coords points="3836,6474 3953,6446 4075,6478 4131,6454 4508,6462 4564,6454 4568,6389 4471,6369 4447,6393 4350,6397 4277,6373 4245,6393 4139,6381 4111,6405 4083,6377 4042,6397 3840,6393"/>
                <Baseline points="3857,6443 3947,6443 4036,6443 4126,6443 4215,6437 4305,6437 4395,6437 4484,6437 4574,6431"/>
                <TextEquiv>
                    <Unicode>Sie noch nicht Rumänien.</Unicode>
                </TextEquiv>
            </TextLine>
            <TextLine id="tr_1_tl_271" custom="readingOrder {index:270;}">
                <Coords points="2209,6482 2254,6470 2286,6490 2351,6450 2452,6470 2533,6450 2582,6466 2654,6450 2731,6462 2731,6389 2541,6381 2484,6405 2464,6385 2412,6397 2391,6381 2367,6397 2209,6397"/>
                <Baseline points="2233,6449 2293,6443 2382,6443 2472,6443 2561,6443 2651,6443 2740,6443"/>
                <TextEquiv>
                    <Unicode>änderung erfahren.</Unicode>
                </TextEquiv>
            </TextLine>
            <TextLine id="tr_1_tl_272" custom="readingOrder {index:271;}">
                <Coords points="526,6510 971,6563 1072,6519 1440,6567 1554,6523 1809,6571 2145,6531 2145,6438 2092,6434 526,6438"/>
                <Baseline points="549,6509 632,6509 722,6509 812,6503 901,6509 991,6509 1080,6509 1170,6509 1260,6509 1349,6503 1439,6497 1528,6497 1618,6497 1707,6497 1797,6497 1887,6497 1976,6497 2066,6497 2155,6497"/>
                <TextEquiv>
                    <Unicode>hinauswächst. Er fühlt sich als der Repräsentant seines</Unicode>
                </TextEquiv>
            </TextLine>
            <TextLine id="tr_1_tl_273" custom="readingOrder {index:272;}">
                <Coords points="2310,6519 3775,6510 3779,6405 3241,6454 2905,6397 2719,6462 2314,6458"/>
                <Baseline points="2334,6509 2352,6509 2442,6509 2531,6509 2621,6509 2711,6509 2800,6503 2890,6503 2979,6497 3069,6497 3158,6503 3248,6503 3338,6509 3427,6503 3517,6503 3606,6503 3696,6497 3785,6497"/>
                <TextEquiv>
                    <Unicode>Dann kam der König auf die Fortschritte im Lande</Unicode>
                </TextEquiv>
            </TextLine>
            <TextLine id="tr_1_tl_274" custom="readingOrder {index:273;}">
                <Coords points="3961,6527 5442,6551 5414,6425 5106,6474 4888,6417 4665,6470 3961,6458"/>
                <Baseline points="3983,6520 4072,6515 4162,6515 4251,6515 4341,6515 4430,6515 4520,6515 4610,6515 4699,6515 4789,6515 4878,6515 4968,6515 5057,6515 5147,6520 5237,6515 5326,6515 5416,6520 5452,6532"/>
                <TextEquiv>
                    <Unicode>Als ich dem König sagte, daß ich in der Nacht nach</Unicode>
                </TextEquiv>
            </TextLine>
            <TextLine id="tr_1_tl_275" custom="readingOrder {index:274;}">
                <Coords points="2205,6608 3779,6571 3779,6506 2517,6547 2205,6478"/>
                <Baseline points="2227,6586 2263,6580 2352,6580 2442,6574 2531,6574 2621,6574 2711,6574 2800,6574 2890,6568 2979,6562 3069,6568 3158,6574 3248,6580 3338,6568 3427,6568 3517,6568 3606,6562 3696,6562 3785,6562"/>
                <TextEquiv>
                    <Unicode>zu sprechen, die er mir an einigen Ziffern demonstrierte:</Unicode>
                </TextEquiv>
            </TextLine>
            <TextLine id="tr_1_tl_276" custom="readingOrder {index:275;}">
                <Coords points="534,6599 554,6599 571,6616 591,6620 631,6587 643,6595 712,6583 736,6595 749,6583 793,6579 793,6523 647,6519 623,6527 599,6519 587,6527 566,6519 534,6527"/>
                <Baseline points="555,6574 644,6574 734,6574 800,6574"/>
                <TextEquiv>
                    <Unicode>Volkes.</Unicode>
                </TextEquiv>
            </TextLine>
            <TextLine id="tr_1_tl_277" custom="readingOrder {index:276;}">
                <Coords points="3836,6603 5434,6612 5434,6551 5305,6523 3836,6523"/>
                <Baseline points="3857,6586 3947,6586 4036,6586 4126,6586 4215,6586 4305,6586 4395,6580 4484,6580 4574,6580 4663,6580 4753,6580 4842,6580 4932,6580 5022,6586 5111,6580 5201,6580 5290,6580 5380,6586 5446,6586"/>
                <TextEquiv>
                    <Unicode>Constantza zurückreisen würde, meinte er: „Wie schade,</Unicode>
                </TextEquiv>
            </TextLine>
            <TextLine id="tr_1_tl_278" custom="readingOrder {index:277;}">
                <Coords points="639,6656 2116,6656 2145,6555 1546,6527 1432,6571 1291,6527 639,6595"/>
                <Baseline points="662,6646 722,6646 812,6640 901,6640 991,6640 1080,6640 1170,6634 1260,6634 1349,6634 1439,6634 1528,6634 1618,6634 1707,6634 1797,6634 1887,6628 1976,6628 2066,6634 2155,6634"/>
                <TextEquiv>
                    <Unicode>Das Gastspiel des Lemberger Nationaltheaters gleicht</Unicode>
                </TextEquiv>
            </TextLine>
            <TextLine id="tr_1_tl_279" custom="readingOrder {index:278;}">
                <Coords points="2197,6664 3646,6660 3779,6652 3779,6571 2197,6603"/>
                <Baseline points="2221,6646 2269,6646 2358,6640 2448,6640 2537,6640 2627,6646 2717,6640 2806,6640 2896,6634 2985,6628 3075,6628 3164,6634 3254,6640 3344,6634 3433,6634 3523,6634 3612,6634 3702,6634 3791,6634"/>
                <TextEquiv>
                    <Unicode>„In wenigen Jahren," sagte er, „wird das jährliche</Unicode>
                </TextEquiv>
            </TextLine>
            <TextLine id="tr_1_tl_280" custom="readingOrder {index:279;}">
                <Coords points="3840,6672 5434,6672 5434,6612 5240,6579 3840,6603"/>
                <Baseline points="3863,6658 3917,6658 4006,6652 4096,6652 4186,6652 4275,6652 4365,6646 4454,6646 4544,6652 4633,6646 4723,6646 4813,6646 4902,6646 4992,6646 5081,6652 5171,6652 5260,6652 5350,6652 5440,6652"/>
                <TextEquiv>
                    <Unicode>daß Sie nicht bei Tag fahren, um die wogenden Saaten</Unicode>
                </TextEquiv>
            </TextLine>
            <TextLine id="tr_1_tl_281" custom="readingOrder {index:280;}">
                <Coords points="2185,6733 3294,6701 3431,6741 3779,6717 3783,6648 2189,6656"/>
                <Baseline points="2209,6712 2269,6712 2358,6712 2448,6712 2537,6712 2627,6712 2717,6706 2806,6706 2896,6700 2985,6700 3075,6700 3164,6706 3254,6700 3344,6706 3433,6706 3523,6700 3612,6700 3702,6694 3791,6706"/>
                <TextEquiv>
                    <Unicode>Budget bei einer halben Milliarde angelangt sein,</Unicode>
                </TextEquiv>
            </TextLine>
            <TextLine id="tr_1_tl_282" custom="readingOrder {index:281;}">
                <Coords points="534,6725 2132,6721 2132,6656 534,6664"/>
                <Baseline points="555,6718 621,6712 710,6712 800,6712 889,6706 979,6706 1068,6706 1158,6706 1248,6706 1337,6706 1427,6706 1516,6706 1606,6706 1695,6700 1785,6700 1875,6700 1964,6700 2054,6700 2143,6700"/>
                <TextEquiv>
                    <Unicode>einer Reise durch das alte Königreich Polen. Wir lernen</Unicode>
                </TextEquiv>
            </TextLine>
            <TextLine id="tr_1_tl_283" custom="readingOrder {index:282;}">
                <Coords points="3852,6737 5426,6741 5426,6672 5228,6652 3852,6668"/>
                <Baseline points="3875,6729 3911,6724 4000,6729 4090,6724 4180,6718 4269,6718 4359,6718 4448,6718 4538,6718 4627,6712 4717,6718 4807,6718 4896,6718 4986,6724 5075,6718 5165,6718 5255,6718 5344,6718 5434,6712"/>
                <TextEquiv>
                    <Unicode>sehen zu können, die sich auf dem Wege stundenlang aus¬</Unicode>
                </TextEquiv>
            </TextLine>
            <TextLine id="tr_1_tl_284" custom="readingOrder {index:283;}">
                <Coords points="534,6798 2015,6794 2140,6777 2140,6721 534,6725"/>
                <Baseline points="555,6783 627,6783 716,6777 806,6777 895,6777 985,6777 1074,6771 1164,6771 1254,6771 1343,6771 1433,6765 1522,6765 1612,6771 1701,6765 1791,6765 1881,6765 1970,6765 2060,6765 2149,6759"/>
                <TextEquiv>
                    <Unicode>die Menschen nach der Art beurteilen, wie sie sich selber</Unicode>
                </TextEquiv>
            </TextLine>
            <TextLine id="tr_1_tl_285" custom="readingOrder {index:284;}">
                <Coords points="2197,6798 3528,6802 3771,6773 3771,6713 2197,6725"/>
                <Baseline points="2221,6771 2257,6777 2346,6777 2436,6777 2525,6777 2615,6777 2705,6777 2794,6771 2884,6765 2973,6765 3063,6765 3153,6765 3242,6771 3332,6771 3421,6771 3511,6765 3600,6765 3690,6765 3780,6759"/>
                <TextEquiv>
                    <Unicode>wir haben ein Eisenbahnnetz von gegen 3500 Kilo-</Unicode>
                </TextEquiv>
            </TextLine>
            <TextLine id="tr_1_tl_286" custom="readingOrder {index:285;}">
                <Coords points="3840,6806 4985,6782 5305,6822 5434,6806 5434,6733 3840,6741"/>
                <Baseline points="3863,6789 3917,6789 4006,6789 4096,6789 4186,6783 4275,6783 4365,6783 4454,6783 4544,6777 4633,6777 4723,6783 4813,6783 4902,6777 4992,6783 5081,6783 5171,6783 5260,6783 5350,6783 5440,6783"/>
                <TextEquiv>
                    <Unicode>breiten. Herrliche Getreidefelder — ein wunderbar</Unicode>
                </TextEquiv>
            </TextLine>
            <TextLine id="tr_1_tl_287" custom="readingOrder {index:286;}">
                <Coords points="534,6858 3464,6871 3775,6773 534,6798"/>
                <Baseline points="555,6849 632,6849 722,6843 812,6849 901,6843 991,6843 1080,6843 1170,6837 1260,6837 1349,6837 1439,6837 1528,6837 1618,6837 1707,6837 1797,6831 1887,6831 1976,6837 2066,6831 2155,6837 2209,6843 2263,6849 2352,6849 2442,6843 2531,6843 2621,6843 2711,6837 2800,6837 2890,6831 2979,6831 3069,6831 3158,6831 3248,6837 3338,6837 3427,6837 3517,6837 3606,6837 3696,6837 3785,6837"/>
                <TextEquiv>
                    <Unicode>verspotten. Die polnische Heiterkeit ist immer ein | metern, vergleichen Sie damit das ärmliche Budget</Unicode>
                </TextEquiv>
            </TextLine>
            <TextLine id="tr_1_tl_288" custom="readingOrder {index:287;}">
                <Coords points="3840,6879 5434,6891 5434,6810 5365,6794 3840,6810"/>
                <Baseline points="3863,6861 3953,6861 4042,6855 4132,6855 4221,6855 4311,6849 4401,6849 4490,6849 4580,6849 4669,6849 4759,6849 4848,6849 4938,6849 5028,6849 5117,6849 5207,6849 5296,6855 5386,6855 5446,6861"/>
                <TextEquiv>
                    <Unicode>üppiges Land. Und in diesem Jahre erhoffen wir eine</Unicode>
                </TextEquiv>
            </TextLine>
            <TextLine id="tr_1_tl_289" custom="readingOrder {index:288;}">
                <Coords points="2197,6927 3140,6907 3379,6960 3775,6931 3775,6842 2197,6866"/>
                <Baseline points="2221,6915 2263,6915 2352,6909 2442,6909 2531,6909 2621,6909 2711,6909 2800,6903 2890,6903 2979,6897 3069,6903 3158,6903 3248,6909 3338,6909 3427,6915 3517,6909 3606,6909 3696,6903 3785,6897"/>
                <TextEquiv>
                    <Unicode>wie es sich zu Beginn meiner Regierung stellte, und</Unicode>
                </TextEquiv>
            </TextLine>
            <TextLine id="tr_1_tl_290" custom="readingOrder {index:289;}">
                <Coords points="538,6923 2011,6935 2132,6919 2132,6850 538,6862"/>
                <Baseline points="561,6915 621,6915 710,6915 800,6909 889,6909 979,6909 1068,6909 1158,6909 1248,6909 1337,6903 1427,6903 1516,6909 1606,6903 1695,6903 1785,6903 1875,6903 1964,6903 2054,6903 2143,6903"/>
                <TextEquiv>
                    <Unicode>wenig resigniert und wehmütig. In der federnden</Unicode>
                </TextEquiv>
            </TextLine>
            <TextLine id="tr_1_tl_291" custom="readingOrder {index:290;}">
                <Coords points="3824,6980 3973,6927 5256,6943 5284,6871 3824,6875"/>
                <Baseline points="3845,6938 3863,6938 3953,6927 4042,6927 4132,6921 4221,6921 4311,6921 4401,6921 4490,6915 4580,6921 4669,6921 4759,6915 4848,6915 4938,6921 5028,6915 5117,6915 5207,6915 5296,6909"/>
                <TextEquiv>
                    <Unicode>gute Ernte, und das ist für Rumänien sehr wichtig.</Unicode>
                </TextEquiv>
            </TextLine>
            <TextLine id="tr_1_tl_292" custom="readingOrder {index:291;}">
                <Coords points="2197,6988 2274,7016 2375,6984 2492,7008 2525,6976 3180,6988 3265,6980 3269,6931 2929,6903 2614,6935 2557,6911 2513,6947 2444,6915 2201,6927"/>
                <Baseline points="2221,6974 2287,6980 2376,6974 2466,6974 2555,6974 2645,6974 2734,6974 2824,6968 2914,6968 3003,6962 3093,6968 3182,6968 3272,6968"/>
                <TextEquiv>
                    <Unicode>wir hatten damals keine Eisenbahnen.</Unicode>
                </TextEquiv>
            </TextLine>
            <TextLine id="tr_1_tl_293" custom="readingOrder {index:292;}">
                <Coords points="534,6996 2055,6996 2132,6976 2132,6919 534,6923"/>
                <Baseline points="555,6986 621,6980 710,6980 800,6974 889,6974 979,6974 1068,6974 1158,6974 1248,6968 1337,6968 1427,6974 1516,6968 1606,6968 1695,6968 1785,6968 1875,6968 1964,6968 2054,6968 2143,6968"/>
                <TextEquiv>
                    <Unicode>Lustspielkarosse fahren wir die Weichsel entlang bis zun</Unicode>
                </TextEquiv>
            </TextLine>
            <TextLine id="tr_1_tl_294" custom="readingOrder {index:293;}">
                <Coords points="3953,7000 5377,7012 5446,7004 5450,6899 5175,6947 3953,6927"/>
                <Baseline points="3977,6992 4066,6992 4156,6992 4245,6986 4335,6986 4424,6980 4514,6980 4604,6980 4693,6986 4783,6980 4872,6986 4962,6986 5051,6980 5141,6980 5231,6980 5320,6992 5410,6986 5452,6992"/>
                <TextEquiv>
                    <Unicode>Der König bemerkte: „Ich weiß, daß auch die</Unicode>
                </TextEquiv>
            </TextLine>
            <TextLine id="tr_1_tl_295" custom="readingOrder {index:294;}">
                <Coords points="2319,7057 3589,7065 3779,7040 3779,6964 3472,6935 3346,6984 2319,7008"/>
                <Baseline points="2340,7052 2358,7046 2448,7040 2537,7040 2627,7040 2717,7040 2806,7040 2896,7034 2985,7028 3075,7034 3164,7040 3254,7046 3344,7040 3433,7040 3523,7040 3612,7034 3702,7034 3791,7034"/>
                <TextEquiv>
                    <Unicode>„Als ich vor nun über vierzig Jahren,“ fuhr der</Unicode>
                </TextEquiv>
            </TextLine>
            <TextLine id="tr_1_tl_296" custom="readingOrder {index:295;}">
                <Coords points="534,7057 2149,7057 2149,6980 534,6996"/>
                <Baseline points="555,7040 632,7046 722,7046 812,7046 901,7046 991,7040 1080,7040 1170,7040 1260,7040 1349,7040 1439,7040 1528,7040 1618,7040 1707,7034 1797,7034 1887,7034 1976,7034 2066,7034 2155,7034"/>
                <TextEquiv>
                    <Unicode>alten Königspalast, dem Wawel. Wir schreiten durch die</Unicode>
                </TextEquiv>
            </TextLine>
            <TextLine id="tr_1_tl_297" custom="readingOrder {index:296;}">
                <Coords points="3836,7089 5458,7117 5462,6992 3840,6992"/>
                <Baseline points="3857,7064 3947,7064 4036,7064 4126,7058 4215,7064 4305,7064 4395,7058 4484,7052 4574,7052 4663,7052 4753,7052 4842,7052 4932,7052 5022,7052 5111,7052 5201,7052 5290,7052 5380,7058 5469,7058"/>
                <TextEquiv>
                    <Unicode>Königin Sie jetzt sehen will" und damit verabschiedete er</Unicode>
                </TextEquiv>
            </TextLine>
            <TextLine id="tr_1_tl_298" custom="readingOrder {index:297;}">
                <Coords points="526,7125 3455,7142 3779,7045 526,7057"/>
                <Baseline points="549,7112 632,7112 722,7112 812,7112 901,7106 991,7112 1080,7112 1170,7106 1260,7106 1349,7112 1439,7100 1528,7100 1618,7100 1707,7100 1797,7100 1887,7106 1976,7100 2066,7106 2155,7100 2209,7112 2263,7112 2352,7112 2442,7112 2531,7112 2621,7112 2711,7112 2800,7106 2890,7100 2979,7100 3069,7100 3158,7106 3248,7106 3338,7106 3427,7106 3517,7106 3606,7106 3696,7100 3785,7094"/>
                <TextEquiv>
                    <Unicode>verfallenen Säle, in denen sich einstmals die polnischen | König fort, „ins Land kam, waren es meine zwei Haupt¬</Unicode>
                </TextEquiv>
            </TextLine>
            <TextLine id="tr_1_tl_299" custom="readingOrder {index:298;}">
                <Coords points="534,7198 2149,7182 2096,7113 534,7125"/>
                <Baseline points="555,7189 632,7183 722,7183 812,7183 901,7177 991,7177 1080,7177 1170,7177 1260,7171 1349,7171 1439,7171 1528,7171 1618,7171 1707,7165 1797,7165 1887,7171 1976,7171 2066,7171 2155,7165"/>
                <TextEquiv>
                    <Unicode>Könige huldigen ließen. Unser Blick streift durch die hohen</Unicode>
                </TextEquiv>
            </TextLine>
            <TextLine id="tr_1_tl_300" custom="readingOrder {index:299;}">
                <Coords points="2205,7190 3771,7186 3771,7121 3706,7109 2205,7121"/>
                <Baseline points="2227,7171 2257,7177 2346,7183 2436,7177 2525,7177 2615,7177 2705,7177 2794,7171 2884,7171 2973,7165 3063,7165 3153,7171 3242,7171 3332,7177 3421,7177 3511,7171 3600,7171 3690,7171 3780,7165"/>
                <TextEquiv>
                    <Unicode>sorgen, Rumänien unabhängig zu machen und Eisen</Unicode>
                </TextEquiv>
            </TextLine>
            <TextLine id="tr_1_tl_301" custom="readingOrder {index:300;}">
                <Coords points="3961,7210 5434,7214 5434,7101 5377,7089 4815,7125 4649,7081 4597,7129 3961,7093"/>
                <Baseline points="3983,7195 4012,7189 4102,7189 4192,7183 4281,7189 4371,7189 4460,7183 4550,7183 4639,7183 4729,7183 4819,7183 4908,7183 4998,7183 5087,7183 5177,7183 5266,7183 5356,7189 5446,7189"/>
                <TextEquiv>
                    <Unicode>Meine Audienz hatte eineinviertel Stunden gedauert.</Unicode>
                </TextEquiv>
            </TextLine>
            <TextLine id="tr_1_tl_302" custom="readingOrder {index:301;}">
                <Coords points="546,7275 2116,7259 2145,7182 546,7194"/>
                <Baseline points="567,7255 632,7249 722,7249 812,7249 901,7243 991,7243 1080,7243 1170,7243 1260,7243 1349,7237 1439,7237 1528,7237 1618,7237 1707,7237 1797,7243 1887,7243 1976,7237 2066,7237 2155,7237"/>
                <TextEquiv>
                    <Unicode>Fenster des Söllerzimmers über die roten Ziegeldächer</Unicode>
                </TextEquiv>
            </TextLine>
            <TextLine id="tr_1_tl_303" custom="readingOrder {index:302;}">
                <Coords points="2205,7259 3670,7271 3771,7259 3771,7186 2205,7194"/>
                <Baseline points="2227,7249 2257,7243 2346,7243 2436,7249 2525,7243 2615,7249 2705,7249 2794,7243 2884,7237 2973,7237 3063,7237 3153,7243 3242,7243 3332,7243 3421,7243 3511,7243 3600,7237 3690,7237 3780,7237"/>
                <TextEquiv>
                    <Unicode>bahnen zu bauen, um es dem Westen nahe zu bringen</Unicode>
                </TextEquiv>
            </TextLine>
            <TextLine id="tr_1_tl_304" custom="readingOrder {index:303;}">
                <Coords points="3836,7271 5450,7275 5450,7206 5280,7190 3836,7190"/>
                <Baseline points="3857,7261 3935,7261 4024,7261 4114,7255 4204,7255 4293,7255 4383,7249 4472,7255 4562,7249 4651,7255 4741,7255 4831,7255 4920,7255 5010,7255 5099,7249 5189,7255 5278,7255 5368,7255 5458,7255"/>
                <TextEquiv>
                    <Unicode>Es war bereits ¼8 Uhr vorüber. Die Audienz bei der</Unicode>
                </TextEquiv>
            </TextLine>
            <TextLine id="tr_1_tl_305" custom="readingOrder {index:304;}">
                <Coords points="2197,7320 3557,7332 3775,7312 3779,7259 2201,7259"/>
                <Baseline points="2221,7315 2263,7315 2352,7315 2442,7315 2531,7315 2621,7315 2711,7315 2800,7309 2890,7309 2979,7303 3069,7309 3158,7309 3248,7309 3338,7309 3427,7309 3517,7309 3606,7309 3696,7303 3785,7303"/>
                <TextEquiv>
                    <Unicode>Beide Verlangen sind längst glücklich erfüllt. Es war</Unicode>
                </TextEquiv>
            </TextLine>
            <TextLine id="tr_1_tl_306" custom="readingOrder {index:305;}">
                <Coords points="538,7332 2084,7332 2132,7328 2132,7259 538,7271"/>
                <Baseline points="561,7321 615,7321 704,7321 794,7315 883,7315 973,7315 1062,7315 1152,7309 1242,7309 1331,7309 1421,7309 1510,7309 1600,7309 1689,7303 1779,7303 1869,7309 1958,7309 2048,7309 2137,7315"/>
                <TextEquiv>
                    <Unicode>von Krakau. Wir wandeln durch die hallende Domkirche</Unicode>
                </TextEquiv>
            </TextLine>
            <TextLine id="tr_1_tl_307" custom="readingOrder {index:306;}">
                <Coords points="3848,7356 5462,7356 5462,7283 5345,7259 3848,7275"/>
                <Baseline points="3869,7333 3947,7333 4036,7327 4126,7327 4215,7327 4305,7327 4395,7315 4484,7321 4574,7321 4663,7321 4753,7321 4842,7327 4932,7321 5022,7321 5111,7321 5201,7321 5290,7321 5380,7327 5469,7327"/>
                <TextEquiv>
                    <Unicode>Königin war für ½8 Uhr anberaumt. Die Königing empfing</Unicode>
                </TextEquiv>
            </TextLine>
            <TextLine id="tr_1_tl_308" custom="readingOrder {index:307;}">
                <Coords points="526,7388 2132,7392 2132,7324 1995,7312 526,7316"/>
                <Baseline points="549,7386 621,7386 710,7386 800,7386 889,7380 979,7380 1068,7380 1158,7380 1248,7380 1337,7374 1427,7374 1516,7374 1606,7374 1695,7374 1785,7374 1875,7374 1964,7374 2054,7374 2143,7374"/>
                <TextEquiv>
                    <Unicode>wo das Königreich Polen in schweren, metallenen Särgen</Unicode>
                </TextEquiv>
            </TextLine>
            <TextLine id="tr_1_tl_309" custom="readingOrder {index:308;}">
                <Coords points="2209,7388 3399,7417 3783,7392 3783,7312 2209,7328"/>
                <Baseline points="2233,7386 2269,7380 2358,7386 2448,7380 2537,7380 2627,7380 2717,7380 2806,7380 2896,7374 2985,7374 3075,7380 3164,7380 3254,7380 3344,7380 3433,7380 3523,7380 3612,7374 3702,7374 3791,7374"/>
                <TextEquiv>
                    <Unicode>ein schwerer Augenblick, als ich, im Begriffe den rumäni-</Unicode>
                </TextEquiv>
            </TextLine>
            <TextLine id="tr_1_tl_310" custom="readingOrder {index:309;}">
                <Coords points="3852,7413 5369,7417 5446,7413 5446,7332 3852,7352"/>
                <Baseline points="3875,7404 3929,7398 4018,7398 4108,7392 4198,7392 4287,7392 4377,7386 4466,7386 4556,7386 4645,7386 4735,7386 4825,7386 4914,7386 5004,7386 5093,7386 5183,7386 5272,7392 5362,7392 5452,7398"/>
                <TextEquiv>
                    <Unicode>mich nach wenigen Augenblicken und behielt mich bis nach</Unicode>
                </TextEquiv>
            </TextLine>
            <TextLine id="tr_1_tl_311" custom="readingOrder {index:310;}">
                <Coords points="2217,7453 3779,7457 3747,7380 3423,7421 2217,7392"/>
                <Baseline points="2239,7452 2269,7452 2358,7446 2448,7446 2537,7446 2627,7446 2717,7452 2806,7446 2896,7446 2985,7440 3075,7446 3164,7446 3254,7446 3344,7446 3433,7446 3523,7446 3612,7446 3702,7440 3791,7440"/>
                <TextEquiv>
                    <Unicode>schen Fürstenthron zu besteigen, von dem alten Kaiser</Unicode>
                </TextEquiv>
            </TextLine>
            <TextLine id="tr_1_tl_312" custom="readingOrder {index:311;}">
                <Coords points="526,7486 2145,7461 2145,7388 2080,7380 1283,7372 1068,7421 526,7384"/>
                <Baseline points="549,7452 632,7452 722,7452 812,7452 901,7452 991,7452 1080,7446 1170,7446 1260,7446 1349,7446 1439,7446 1528,7446 1618,7440 1707,7446 1797,7446 1887,7440 1976,7446 2066,7446 2155,7446"/>
                <TextEquiv>
                    <Unicode>begraben ruht.... Der Vorhang fällt. Die tänzelnde Ge¬</Unicode>
                </TextEquiv>
            </TextLine>
            <TextLine id="tr_1_tl_313" custom="readingOrder {index:312;}">
                <Coords points="3852,7490 5454,7469 5406,7401 5062,7384 3852,7413"/>
                <Baseline points="3875,7464 3941,7470 4030,7470 4120,7464 4209,7464 4299,7458 4389,7458 4478,7458 4568,7458 4657,7458 4747,7458 4836,7458 4926,7452 5016,7452 5105,7458 5195,7458 5284,7458 5374,7458 5464,7458"/>
                <TextEquiv>
                    <Unicode>½9 Uhr bei sich. Das Gespräch war zu inhaltsreich und</Unicode>
                </TextEquiv>
            </TextLine>
            <TextLine id="tr_1_tl_314" custom="readingOrder {index:313;}">
                <Coords points="2197,7530 3791,7526 3791,7461 3617,7441 2197,7449"/>
                <Baseline points="2221,7518 2281,7518 2370,7518 2460,7518 2549,7518 2639,7518 2729,7518 2818,7512 2908,7512 2997,7506 3087,7512 3176,7518 3266,7518 3356,7524 3445,7518 3535,7512 3624,7512 3714,7512 3803,7506"/>
                <TextEquiv>
                    <Unicode>Wilhelm Abschied nahm. Der Kaiser war gerührt bei dem</Unicode>
                </TextEquiv>
            </TextLine>
            <TextLine id="tr_1_tl_315" custom="readingOrder {index:314;}">
                <Coords points="538,7550 2092,7538 2132,7461 538,7477"/>
                <Baseline points="561,7524 621,7524 710,7524 800,7518 889,7518 979,7518 1068,7518 1158,7518 1248,7512 1337,7512 1427,7518 1516,7512 1606,7506 1695,7506 1785,7512 1875,7512 1964,7512 2054,7512 2143,7512"/>
                <TextEquiv>
                    <Unicode>schmeidigkeit des polnischen Lustspiels hat uns ernst ge¬</Unicode>
                </TextEquiv>
            </TextLine>
            <TextLine id="tr_1_tl_316" custom="readingOrder {index:315;}">
                <Coords points="3848,7558 4605,7526 4750,7579 5098,7534 5349,7583 5462,7530 5462,7473 3848,7490"/>
                <Baseline points="3869,7536 3947,7536 4036,7530 4126,7530 4215,7530 4305,7524 4395,7524 4484,7524 4574,7524 4663,7530 4753,7524 4842,7530 4932,7530 5022,7530 5111,7524 5201,7530 5290,7530 5380,7524 5469,7524"/>
                <TextEquiv>
                    <Unicode>zu bedeutend, als daß ich es im Rahmen dieser Mit¬</Unicode>
                </TextEquiv>
            </TextLine>
            <TextLine id="tr_1_tl_317" custom="readingOrder {index:316;}">
                <Coords points="2205,7607 3791,7583 3791,7526 3710,7514 2205,7526"/>
                <Baseline points="2227,7577 2281,7583 2370,7583 2460,7589 2549,7583 2639,7583 2729,7583 2818,7583 2908,7577 2997,7577 3087,7577 3176,7583 3266,7583 3356,7589 3445,7583 3535,7583 3624,7577 3714,7577 3803,7571"/>
                <TextEquiv>
                    <Unicode>Gedanken, wie großen Schwierigkeiten ich entgegen-</Unicode>
                </TextEquiv>
            </TextLine>
            <TextLine id="tr_1_tl_318" custom="readingOrder {index:317;}">
                <Coords points="546,7607 2140,7603 2140,7522 546,7550"/>
                <Baseline points="567,7589 627,7595 716,7589 806,7589 895,7583 985,7583 1074,7583 1164,7583 1254,7583 1343,7583 1433,7577 1522,7577 1612,7577 1701,7577 1791,7577 1881,7577 1970,7577 2060,7577 2149,7577"/>
                <TextEquiv>
                    <Unicode>timmt. Nachdenklich verläßt man den Saal. Und man</Unicode>
                </TextEquiv>
            </TextLine>
            <TextLine id="tr_1_tl_319" custom="readingOrder {index:318;}">
                <Coords points="3852,7651 3937,7611 4119,7656 4164,7615 4329,7639 4690,7607 4690,7554 4601,7526 4329,7550 4232,7530 4103,7558 3937,7530 3852,7554"/>
                <Baseline points="3875,7607 3893,7601 3983,7601 4072,7601 4162,7601 4251,7601 4341,7595 4430,7595 4520,7595 4610,7595 4699,7601"/>
                <TextEquiv>
                    <Unicode>teilungen wiedergeben könnte.</Unicode>
                </TextEquiv>
            </TextLine>
            <TextLine id="tr_1_tl_320" custom="readingOrder {index:319;}">
                <Coords points="2209,7672 3791,7668 3791,7583 2209,7599"/>
                <Baseline points="2233,7661 2281,7655 2370,7649 2460,7649 2549,7649 2639,7649 2729,7649 2818,7649 2908,7649 2997,7643 3087,7649 3176,7649 3266,7649 3356,7649 3445,7649 3535,7649 3624,7649 3714,7649 3803,7643"/>
                <TextEquiv>
                    <Unicode>ginge. Er umarmte mich ein letztesmal und sagte: „Ich</Unicode>
                </TextEquiv>
            </TextLine>
            <TextLine id="tr_1_tl_321" custom="readingOrder {index:320;}">
                <Coords points="550,7668 1780,7692 2145,7660 2145,7599 550,7607"/>
                <Baseline points="573,7661 632,7661 722,7661 812,7655 901,7655 991,7655 1080,7655 1170,7655 1260,7655 1349,7655 1439,7655 1528,7655 1618,7655 1707,7649 1797,7649 1887,7649 1976,7649 2066,7649 2155,7649"/>
                <TextEquiv>
                    <Unicode>ühlt: das Leben will es so, daß alle Menschen über</Unicode>
                </TextEquiv>
            </TextLine>
            <TextLine id="tr_1_tl_322" custom="readingOrder {index:321;}">
                <Coords points="5179,7700 5236,7688 5268,7692 5297,7672 5329,7700 5357,7676 5402,7680 5402,7566 5382,7566 5361,7583 5353,7575 5276,7579 5264,7566 5240,7566 5216,7591 5179,7595"/>
                <Baseline points="5201,7661 5290,7661 5380,7661 5410,7661"/>
                <TextEquiv>
                    <Unicode>S. M.</Unicode>
                </TextEquiv>
            </TextLine>
            <TextLine id="tr_1_tl_323" custom="readingOrder {index:322;}">
                <Coords points="1590,7724 3298,7753 3743,7732 3791,7668 1590,7676"/>
                <Baseline points="1612,7715 1701,7715 1791,7721 1881,7715 1970,7721 2060,7715 2149,7721 2167,7721 2227,7721 2275,7715 2364,7715 2454,7715 2543,7715 2633,7715 2723,7715 2812,7715 2902,7715 2991,7709 3081,7715 3170,7721 3260,7721 3350,7721 3439,7721 3529,7715 3618,7715 3708,7709 3797,7709"/>
                <TextEquiv>
                    <Unicode>sie unterscheidet, wünsche dir viel Glück zu deinem Beginnen, aber der Ge¬</Unicode>
                </TextEquiv>
            </TextLine>
            <TextLine id="tr_1_tl_324" custom="readingOrder {index:323;}">
                <Coords points="546,7736 631,7765 660,7736 939,7732 1036,7777 1149,7736 1355,7777 1534,7740 1534,7664 1440,7651 1355,7696 882,7651 809,7684 546,7664"/>
                <Baseline points="567,7733 644,7727 734,7727 824,7721 913,7721 1003,7727 1092,7721 1182,7721 1271,7721 1361,7721 1451,7721 1540,7715"/>
                <TextEquiv>
                    <Unicode>dieselben Dinge weinen. Was</Unicode>
                </TextEquiv>
            </TextLine>
            <TextLine id="tr_1_tl_325" custom="readingOrder {index:324;}">
                <Coords points="1489,7829 3601,7846 3840,7801 3840,7688 1489,7740"/>
                <Baseline points="1510,7804 1522,7798 1612,7792 1701,7792 1791,7786 1881,7792 1970,7792 2060,7792 2149,7792 2239,7786 2328,7786 2418,7786 2508,7786 2597,7786 2687,7786 2776,7786 2866,7786 2955,7786 3045,7792 3135,7792 3224,7792 3314,7792 3403,7792 3493,7786 3582,7792 3672,7792 3762,7780 3851,7786"/>
                <TextEquiv>
                    <Unicode>Paul Zifferer. Jdanke hat etwas Drückendes für mich, daß ein Hohen¬</Unicode>
                </TextEquiv>
            </TextLine>
            <TextLine id="tr_1_tl_326" custom="readingOrder {index:325;}">
                <Coords points="546,7838 631,7858 700,7846 749,7817 797,7834 862,7817 898,7842 999,7834 1003,7761 939,7736 902,7745 858,7720 728,7745 680,7732 631,7765 591,7732 550,7736"/>
                <Baseline points="567,7816 650,7804 740,7804 830,7798 919,7798 1009,7804"/>
                <TextEquiv>
                    <Unicode>st ihr Lachen.</Unicode>
                </TextEquiv>
            </TextLine>
        </TextRegion>
    </Page>
</PcGts>
