3768 5480
845 470 2898 557 Haus der Abgeordneten. — 293. Sitzung der XI. Session am 18. Mai 1894.
3006 473 3204 564 14189
445 637 1823 717 vorgeschriebenen Krankenunterstützungen ähnlich wie
1969 637 2981 734 Die Unterzeichneten stellen die Frage:
445 706 1799 786 bei den Gehilfenkrankenkassen geleistet werden können
2052 717 3148 807 „Ist die hohe Regierung geneigt, Vorsorge
445 776 1805 863 dass also den Lehrlingen im Falle der Erkrankung
1969 790 3141 866 zu treffen, dass an die Lehrlingskrankenkassen
445 842 1816 925 die im obencitirten §. 6 vorgeschriebenen Krankengelder
1969 849 3152 946 nicht höhere Anforderungen gestellt werden,
445 911 1799 984 in der Höhe ausgefolgt werden können, wie sie in §.
1979 936 3148 1005 wie an die analogen annexinstitutionen zur
428 995 1799 1068 des Krankenversicherungsgesetzes vom 30. März 1888
1969 991 3148 1075 Versorgung erkrankter Gehilfen, und dass
452 1058 1788 1138 R. G. Bl. Nr. 33, Alinea 2, vorgeschrieben sind, oder
1969 1078 3131 1145 ihnen Schutz gegen Benachtheiligungen ge¬
435 1131 1781 1211 dass die im §. 8 desselben Gesetzes, Alinea 5, vorg
1969 1134 3131 1228 währt werde, welche ihnen durch überflüssige
445 1193 1805 1277 schriebene Spitalverpflegung bis zur Dauer von vier
1969 1211 3141 1287 Detenirung von Erkrankten in den Spitälern
438 1263 1235 1357 Wochen geleistet werden könne.
1965 1277 3131 1353 erwachsen, die ohne Gefahr für ihre Gesund¬
1969 1346 3138 1423 heitspflege auch ambulatorisch behandelt
577 1360 1799 1454 Die Genossenschaften waren der Meinung, daß
1972 1412 3124 1506 werden könnten, oder von Personen zugefüg
428 1430 1805 1513 an die Lehrlingskrankenkassen relativ keine höheren
1969 1492 3134 1562 werden, welche nicht Mitglieder der Kranken¬
445 1506 1788 1586 Anforderungen gestellt werden, als an die Gehilfen
1972 1555 2247 1638 kassen sind.
428 1583 1781 1656 krankenkassen, und dieses umsomehr, als im Ministe
438 1652 1795 1725 rialerlasse vom 14. August 1889, Z. 32639, Alinea 5
1972 1628 2386 1725 Dr. Gessmann.
2686 1621 3040 1729 Schneider.
428 1715 1781 1802 der Bestand der analogie zwischen den Lehrlings
2087 1708 2265 1781 Troll.
435 1781 1799 1861 krankenkassen und den genossenschaftlichen Gehilfen¬
2689 1778 3013 1872 Dr. Lueger.
2098 1778 2265 1858 Hauck.
1969 1833 2390 1931 Dr. Gregorčié.
428 1861 1805 1934 krankenkassen ausdrücklich hervorgehoben wird, und
2780 1854 2943 1938 Jax.
2077 1913 2272 1997 Sokol.
428 1931 1781 2004 als in §. 4 des Musterstatutes der Lehrlingskranken
2769 1920 2964 2007 Kaiser.
2052 1983 2279 2066 Kvekvić.
2720 1990 2999 2077 Thurnher.
424 2004 1781 2087 kassen das Verfügungsrecht der Genossenschaftsvor
2021 2052 2334 2146 Schlesinger.
2679 2063 3023 2143 Dr. Laginja.
424 2073 1799 2143 stehungen in Betreff der Überweisung der erkrankten
2011 2126 2348 2212 Liechtenstein.
2741 2132 2974 2206 Biankini.
428 2139 1576 2216 Lehrlinge in ein Krankenhaus gewahrt wird.
2734 2199 2978 2296 Spinčié.
2080 2199 2286 2282 Dapar.
560 2233 1799 2310 So wie es sich aber bei so manchen Dingen er¬
428 2310 1799 2379 eignet, dass Gesetze anders gehandhabt werden, als es
1955 2303 3214 2425 Präsident: Diese Interpellationen sind gehörig
421 2373 1781 2463 den Intentionen des Gesetzgebers entspricht, so triff
1826 2421 3221 2491 gezeichnet und werden daher den betreffenden Herren
421 2449 1795 2519 dies auch bezüglich der Handhabung des Gesetzes von
1830 2473 2654 2550 Ministern zugemittelt werden
428 2512 911 2599 4. April 1889 zu.
1962 2522 3214 2616 Es ist ein Antrag überreicht worden, um dessen
567 2585 1774 2668 Die Lehrlingskrankenkassen werden verhalten
1826 2606 2341 2700 Verlesung ich bitte.
417 2661 1781 2755 Spitalverpflegskosten bis zur Dauer von 20 Wocher
428 2734 1781 2818 zu vergüten. Um die Verfügungen der Genossenschafts
1962 2696 3221 2818 Schriftführer Dr. Götz (liest den Antrag des
421 2807 1781 2894 vorstehungen wird in zahllosen Fällen gar nicht ge
1826 2807 3225 2891 Abgeordneten Demel und Genossen, betreffend den
417 2870 1774 2950 fragt. Die Lehrlinge werden auf Grund der Verfü
1826 2877 3225 2964 Rückersatz der von den Krankenkassen zu Gunsten
417 2953 3204 3023 gungen eines beliebigen, mit den Genossenschaften gar der Unfallversicherungsanstalten geleisteten Auslagen
417 3002 1781 3086 nicht in Verbindung stehenden Arztes in den Spitäler
1896 3009 2432 3096 920 der Beilagen).
417 3068 1781 3152 aufgenommen und bis zu 20 Wochen wegen Krank
428 3138 1774 3218 heiten behalten, die ambulatorisch behandelt werde
1969 3124 3207 3207 Präsident: Dieser Antrag steht mit der in dem
417 3204 3207 3284 könnten. Die Genossenschaften werden zu Zahlungen für [Gewerbeausschusse in Verhandlung befindlichen Unfall¬
1830 3280 3204 3360 versicherungsnovelle in Zusammenhang, und ich nehme
417 3284 1788 3364 Burschen verhalten, die gar nicht einmal aufgedungen
1826 3343 3204 3423 keinen Anstand, denselben auf Grundlage des §. 31
417 3357 1795 3437 also den Genossenschaften gar nicht angehören. Klagen
435 3423 1795 3507 Genossenschaften wegen Schädigung der Lehrlings¬
1826 3402 3204 3489 der Geschäftsordnung dem Gewerbeausschusse zu¬
428 3489 1788 3569 krankenkasse durch gewissenlose Meister, so werden si
1844 3486 2049 3580 zuweisen
1972 3538 3214 3639 Es ist ein Dringlichkeitsantrag überreicht
428 3566 1805 3646 abgewiesen, oder, wenn sie schon nicht abgewiesem
435 3632 2807 3712 werden, so werden sie so mangelhaft unterstützt, dass worden, um dessen Verlesung ich bitte.
421 3705 1799 3785 die Unterstützung gleichbedeutend mit Abweisung ist
1972 3736 2863 3854 Schriftführer Dr. Götz (liest):
428 3778 1799 3861 Freigesprochene werden als Lehrlinge ausgenommen
428 3844 1774 3924 und in den Spitälern verpflegt, worauf die Genossen
2046 3837 3138 3924 „Dringlichkeitsanträge. Ich stelle folgende
1976 3903 2206 3997 Anträge
428 3917 1788 3997 schaft zur Zahlung verhalten wird. Aus den mitfolg
2112 3966 3138 4053 1. §. 3, Alinea 1 und 2 des „Gesetzes vom
428 3983 1799 4070 genden genossenschaftlichen Ausweisen ist ersichtlich
1972 4046 3145 4122 21. Juni 1884, R. G. Bl. Nr. 115, über die
417 4067 1802 4147 wie sich die Inanspruchnahme der Genossenschafter
1972 4119 3138 4192 Beschäftigung von jugendlichen Arbeitern und
421 4126 1809 4206 immer mehr steigert, und wie es dahin kommen muss,
1969 4185 3131 4268 Frauenspersonen, dann über die täglich
435 4202 1795 4279 dass die Lehrlingskrankenkassen zu Grunde gehen
1969 4258 3141 4328 Arbeitsdauer und die Sonntagsruhe beim
417 4272 1812 4352 wenn dieselben mehr belastet werden, als die Gehilfen¬
438 4341 1809 4418 krankenkassen, und wenn denselben kein Schutz gegen
1969 4328 3141 4428 „Bergbaue", werden außer Kraft gesetzt und
1969 4394 2609 4495 haben künftig zu lauten:
445 4411 1805 4491 Missbräuche durch Verpflegung nicht Aufgedungener
2119 4446 3141 4554 „§. 3. Die Schichtdauer aller im Bergbau
445 4477 1788 4564 oder Freigesprochener auf ihre Kosten (der Lehrlings
1969 4540 3155 4630 beschäftigten Arbeiter darf acht Stunden nicht
428 4550 1165 4641 krankenkassen) gewährt wird.
