7416 5688
6584 380 6808 542 25 G03
4412 366 6467 594 Haus der Abgeordneten. — 502. Sitzung der XI. Session am 27. Mai 1896.
5545 556 6798 694 Ich ersuche diejenigen Herren, welche den §. 6
4033 608 5407 718 Abgeordneten Tschernigg entfällt, denn der Hagel
5434 656 6801 756 in der Fassung des Herrn Abgeordneten Ritter
4036 687 5251 801 ist ja auch ein unabwendbares Naturereignis.
4188 725 6801 867 Sollte der Antrag des Herrn Abgeordneten v. Troll annehmen wollen, sich zu erheben. (Ge-
4050 815 6460 929 Garnhaft abgelehnt werden, würden wir über den schieht.) Diese Fassung ist abgekehnt.
5559 846 6819 967 Ich ersuche diejenigen Herren, welche den §. 6
4046 898 5400 1032 Antrag des Herrn Abgeordneten Tschernigg sodann
5417 932 6815 1032 in der Fassung des Ausschusses annehmen wollen, sich
4046 987 4357 1088 abstimmen.
4181 1008 6777 1153 Ich ersuche diejenigen Herren, welche §. 4 in zu erheben. (Geschieht.) Diese Fassung ist ange
4043 1115 5710 1201 der Fassung des Ausschusses, vorbehaltlich der Ab-
5565 1132 6798 1250 Wir gelangen nun zur Abstimmung über §. 7.
4050 1177 5414 1281 stimmung über die beiden Zusatzanträge, annehmen
5565 1226 6805 1308 Zu diesem Paragraphen hat der Herr Abgeord¬
4050 1246 5396 1384 wollen, sich zu erheben. (Geschieht.) Ist an¬
5431 1267 6798 1395 nete Dr. Marchet einen Zusatzantrag gestellt, dass
4033 1336 4402 1436 genommen.
4188 1371 6798 1478 Ich ersuche diejenigen Herren, welche den An¬ nach den Worten „R. G. Bl. Nr. 83“ die Worte ein¬
4050 1416 6812 1554 trag des Herrn Abgeordneten Garnhaft, dass nach gefügt werden „und des Gesetzes vom 26. Juni 1894,
4050 1509 6007 1640 dem Worte „Überschwemmung“, die Worts „oder ein R. G. Bl. Nr. 139“.
5572 1519 6815 1664 Wir werden zuerst über den §. 7, wie er vor¬
4043 1592 5407 1709 anderes unabwendbares Naturereignis" gesetzt werden
4043 1623 6815 1771 annehmen wollen, sich zu erheben. (Geschieht.) Ich gedruckt ist, und sodann über den Zusatzantrag des
4050 1730 6539 1826 bitte stehen, respective sitzen zu bleiben, da ich die Aus¬ Herrn Abgeordneten Marchet abstimmen.
5569 1744 6815 1889 Wird keine Einwendung erhoben? (Niemand meldet
4057 1802 5407 1913 kählung vornehmen lassen werde. (Nach Auszählun
4039 1861 6277 1978 des Houses: ) Dieser Antrag ist angenommen, es ent¬ sich.) Wir werden so vorgehen.
5579 1868 6822 2006 Ich ersuche diejenigen Herren, welche den §. 7,
4060 1947 5424 2040 fällt daher die Abstimmung über den Zusatzantrag
5441 1989 6819 2075 wie er vorgedruckt ist, annehmen wollen, sich zu er¬
4039 2013 5148 2134 des Herrn Abgeordneten Tschernigg.
4205 2082 6491 2192 Zu §. 5 wurde vom Herrn Abgeordneten Dr. heben. (Geschieht.) Ist angenommen.
5597 2096 6836 2223 Ich ersuche diejenigen Herren, welche auch den
4053 2154 5403 2265 Laginja beantragt, den Satz „Bei Äckern, welch
4060 2196 6826 2330 mit Weinreben besetzt sind, hat jedoch der Wein als Zusatzantrag des Herrn Abgeordneten Dr. Marchet
5451 2258 6839 2396 annehmen wollen, sich zu erheben. (Geschieht.) Ist
4057 2313 4985 2413 Hauptfrucht zu gelten" auszulassen.
4209 2368 6135 2482 Wir werden daher über den §. 5 mit Vorbehalt ebenfalls angenommen.
5590 2379 6549 2493 Hiemit sind die §§. 1 bis 7 erledigt.
4067 2455 5417 2596 der Abstimmung über diese Worte, sodann übr diese
5586 2451 6832 2572 Weiters beantragte der Herr Abgeordnete Dr.
4067 2544 4702 2652 Worte selbst abstimmen.
5451 2541 6839 2672 Ritter v. Wielowieyski eine Resolution, welche
4198 2572 5828 2724 Ich ersuche diejenigen Herren, welche den §. 5 lautet (liest):
4060 2679 5407 2786 mit vorläufiger Auslassung der Worte „Bei Äckern
5679 2672 6774 2800 „Die hohe Regierung wird aufgefordert,
4067 2759 5427 2897 u. s. w. bis „zu gelten" annehmen wollen, sich zu er¬
5586 2779 6784 2879 in den Vollzugsvorschriften zum Gesetze über
4074 2835 5117 2942 heben. (Geschieht.) Ist angenommen.
5597 2845 6777 2931 Abschreibung der Grundsteuer aus Anlass der
4212 2879 5441 3011 Ich ersuche diejenigen Herren, welche nun im
5610 2917 6763 3007 Clementarschäden die Bestimmung aufzu¬
4074 2969 5438 3069 §. 5 auch die vom Herrn Abgeordneten Dr. Laginjo
5610 2980 6774 3083 nehmen, dass bis zur Erledigung des An¬
4077 3059 5420 3169 beanständeten Worte „Bei Äckern" bis „zu gelten
5628 3045 6777 3162 suchens um Steuerabschreibung von Steuer¬
4077 3107 5445 3221 annehmen wollen, sich zu erheben. (Geschieht.) Die¬
5624 3107 6625 3259 executionen Umgang genommen werde.
4081 3190 4806 3294 selben sind angenommen.
5621 3259 6864 3363 Berichterstatter David Ritter v. Abrahamo¬
4229 3235 5317 3363 Wir gelangen zur Abstimmung über §. 6.
4229 3349 6857 3452 Der Herr Abgeordnete Ritter v. Troll bean¬ wiez: Ich erkläre mich mit dieser Resolution einver¬
4077 3428 5697 3518 tragt den §. 6 in einer anderen Fassung; darnach standen.
4077 3490 5458 3611 hätte dieser Parograph im ersten Alinea zu lauten
5628 3511 6870 3635 Präsident: Ich ersuche jene Herren, welche
4077 3573 4298 3673 (liest):
5483 3632 6850 3743 dieser Resolution zustimmen, sich zu erheben. (Ge-
4302 3584 5393 3711 „Die Höhe der Steuerabschreibung bei den
4233 3684 5400 3784 landwirtschaftlichen Culturen richtet sich nach
5496 3691 6463 3805 schieht.) Dieselbe ist angenommen.
4240 3756 5403 3856 der Größe des erlittenen Schadens am
5628 3753 6867 3863 Weiters hat auch der Herr Abgeordnete Dr.
4236 3822 5400 3915 Nationalertrage der Parcelle, und hat ein der
5496 3829 6867 3984 Scheicher noch eine Resolution beantragt, welche
4240 3919 5400 3991 procentualen Höhe des Schadens entsprechen-
5496 3919 5876 4036 lautet (liest):
4236 3988 5403 4060 der Theil der Jahressteuer von der be¬
5704 3974 6812 4105 „Die hohe Regierung wird aufgefordert,
4236 4053 5393 4143 treffenden Parcelle zur Abschreibung zu ge¬
5638 4077 6801 4171 in einem jeden Bezirke eine oder mehrere
4247 4122 4464 4212 langen.”
5641 4146 6784 4250 stabile Commissionen, bestehend aus prak
4247 4136 5469 4278 Die Punkte 1, 2, 3 und 4 entfallen und das
5652 4216 6795 4316 tischen Landwirten aufzustellen, welche pro¬
4098 4250 4651 4371 letzte Alinea bleibt.
5659 4271 6805 4398 prio motu oder auf Verlangen Schädi-
4264 4291 5489 4409 Wir werden daher den §. 6 zunächst in der
5652 4364 6798 4461 gungen des Erträgnisses aufzunehmen, abzu-
4108 4357 5472 4495 Fassung des Herrn Abgeordneten Ritter v. Troll und
5645 4423 6791 4564 schätzen und Vorschläge zur Steuerabschrei¬
4122 4454 5476 4561 im Falle der Ablehnung sodann in der Fassung des Aus¬
5652 4506 6263 4630 bung zu machen haben.“
4115 4543 4979 4664 schusses zur Abstimmung bringen.
