6008 8488
5073 104 5438 250 Nr. 16415
4092 128 4501 298 5. Mai 1910
2625 164 3520 335 Neue Freie Presse.
1468 207 2022 365 Wien, Donnerstag
3873 256 5487 378 eine mit dunkelrotem Teppich belegte Treppe ging es in
646 231 920 353 Seite 2
2265 298 3837 420 manche halten ihn gar für einen Chauvinisten. Jedenfalls
3879 341 5463 445 erste Stockwerk durch einen Salon, und dann stand
597 371 2217 481 südlichen Glut hebt sich die reinere, gleichmäßigere
2259 384 3837 487 hat er von seinem krühmten Vater, der einer der
3879 396 5493 518 im zweiten Gemache auch schon vor einer stattlichen Ge¬
597 432 2205 542 germanische Schönheit der Kronprinzessin ab. Dort sitzt
2253 432 3837 560 Schöpfer Rumäniens war, nicht nur den Namen, sondern
3898 469 5487 585 stalt in Generalsuniform, dem König. Er kam mir vo
585 505 2198 627 in einer Loge die blonde, rotwangige und blauäugige Kron
2265 524 3849 621 auch den Patriotismus geerbt. Madame Bratiano, ge-
3898 536 5487 639 einem Fenster, das in die Calle Victoriei geht, entgegen
585 560 2198 688 prinzessin im hellen Zauber ihrer noch frischen Jugendlichkeit
2259 572 3843 688 borene Prinzessin Stirky, eine geist= und temperaments¬
3898 603 5505 713 hieß mich willkommen und lud mich ein, neben ihm an
597 633 2211 749 die uns von einem Bilde unseres Wiener Landsmannes
2272 652 3837 755 volle Dame von stattlicer Erscheinung, erklärt uns, daß
3898 658 5481 767 einem großen Tische Platz zu nehmen. Er zog mi###
597 694 2192 804 des Malers Ferraris, vertraut ist, und ihr zur Seite ih
2259 719 3843 840 das soeben neugebaute Haus in altrumänischem Stil her¬
3898 725 5511 834 schnell in ein freundliches Gespräch, das fünf Viertel¬
615 773 2217 871 ältester Sohn Prinz Karl, ein noch nicht siebzehnjähriger
2272 780 3843 895 gestellt ist. Auch die Enrichtung ist ganz rumänisch, und
3898 792 5499 901 stunden dauerte. Nur im Anfang unseres Gespräches
615 834 2205 944 hübscher, schlanker, hochaufgeschossener, blonder Jünglin
2272 853 3843 956 ich bewundere insbesondere den riesigen patriarchalischer
3892 871 5505 968 hatte ich Gelegenheit, den König ein wenig ins Auge_
609 901 2217 1011 in der Unteroffiziersuniform des ersten Jägerbataillons
2278 920 3855 1023 Kachelofen des Speisezinmers. Die Räume, weiß gehalten
3904 938 5511 1047 fassen. Dann brach die Dämmerung bald herein, und wir
597 962 2223 1078 Das ist heute sein letzter Abend vor der Abreise nach
2272 974 3849 1090 wirken wie veredelte Buernstuben, und man fühlt sich in
3922 993 5505 1096 saßen im Dunkeln, und erst im Augenblick, als sich de
615 1041 2229 1194 Aegypten, wohin er sich morgen von Constantza aus ein-
2272 1047 3855 1163 ihnen sehr behaglich. Lukarest ist eine geräuschvolle Stadt
3910 1066 5524 1181 König zum Abschied erhob, flammten die elektrischen
2284 1108 3849 1224 aber hieher in die Strida Lazar Catargiu dringt kein
609 1133 999 1261 schiffen wird.
3910 1151 4226 1267 Lichter a
731 1139 2223 1285 Auch Sitzungen in der Kammer und im Senat
2278 1181 3837 1291 Laut. Man glaubt auf dem Lande zu sein, und dies
4032 1163 5530 1346 Ich hatte den König niemals früher gesprochen und
609 1242 2223 1364 deren Gebäude weit auseinanderliegen, wohnte ich bei
2284 1255 3855 1352 Vorstellung verstärkt sich noch im Garten. Die Garten
3916 1273 5536 1382 auch seit Jahren nicht mehr gesehen. Er ist seit
621 1309 2229 1413 Ein Diplomat hatte scherzhaft bemerkt: „Sie werden
2290 1315 3849 1437 fassade des Hauses ist im Stil eines alten rumänischen
3922 1328 5536 1443 her älter geworden, ist ja bereits in das Alter
621 1370 2229 1480 Ihnen eine Galavorstellung im Parlament geben.“ Ir
2284 1376 3855 1498 Klosters gehalten. Etwas wehmütig deutet Frau Bratian
3916 1401 5560 1510 des Psalmisten eingetreten. Es war mir, als ol
621 1443 2229 1565 der Kammer sprach gerade Taxe Jonescu. Der Redner
2284 1449 3867 1553 auf ein an den Garten stoßendes Gebäude, in welchem
3916 1480 5560 1565 ich bis jetzt von seiner Persönlichkeit eine zu militä
621 1510 2223 1608 ungemein gewandt, sprach über ein prosaisches Thema
2296 1510 3867 1626 sie in ihren Mädchenjahren so viele schöne Stunden mit
2296 1541 5554 1687 einer Freundin hingebucht, die jetzt als eine geistreiche rische Vorstellung gehabt hätte. Ich hatte mir ihn immer
633 1565 2223 1687 irgend ein technisches Problem der Kriegsverwaltung, un
3916 1614 5530 1705 eher herb und befehlend vorgestellt, und nun wollte es
652 1638 2217 1754 fast vor leeren Bänken, denn gerade hatte der Sena
2290 1638 3873 1772 Frau in der Wiener Haute Finance=Gesellschaft bekannt ist
3916 1675 5530 1760 mir scheinen, als ob er doch mehr die Gesichtszüge eines
633 1705 2247 1827 seinen großen Tag. Als wir die Galerie des Senats be¬
2406 1723 3873 1851 Der Ministerpräsident spricht mit Sir Max Wächten
3934 1742 5530 1857 Mannes von edlem Maß und Abgeklärtheit hätte, und
639 1772 2241 1912 traten, lauschte ein vollbesetztes Haus den Worten Majo
2308 1778 3879 1906 über dessen Projekt: Ihr Plan,“ sagt er, „ist sehr edel
3922 1803 5530 1912 vornehm, ruhig und milde sloß auch das Wort
652 1827 2265 1961 rescus, der dem gegenwärtigen liberalen Kabinett
2314 1857 3867 1967 aber Sie müssen zunächst an die großen Staaten appel
3940 1876 5548 1961 von seinen Lippen. Man kennt sein längliches Antlitz
658 1906 2259 2028 Bratiano das Zügenglöcklein läuten zu wollen schien. In
2308 1912 3867 2034 lieren. Wir sind noch ein kleines Volk. Bis wir einmal,
3928 1949 5542 2046 das von einem früher dunklen, nunmehr grauen Vollbarn
646 1967 2259 2095 der Versammlung präsentierten sich besonders malerisch
2320 1991 3885 2107 fügte er lächelnd hinzu, „bei der Ziffer fünfzig Millionen
3928 2010 5542 2095 umrahmt ist, aus mancherlei Porträts, darunter auch
658 2040 2247 2162 die Metropoliten in ihren wallenden Bärten und hoher
2314 2046 3879 2174 angelangt sind, werden wir energischer in Ihre Sach
3928 2083 5554 2174 einem von Ferraris. Die Stimme des Königs hat einen
646 2101 2259 2229 Mützen. Der Ministerpräsident Bratiano, ein Mann mit
2308 2125 3879 2241 eingreifen können. Wenn Sie uns versprechen, uns di
3928 2138 5542 2241 gemütvoll weichen Timbre, und sein sehr reines Deutsch
646 2168 2259 2290 feinem, ausdrucksvollem, dunklem Künstlerkopf, machte
2308 2180 3892 2302 noch fehlenden dreiundvierzig Millionen Menschen bald
3946 2211 5554 2308 bewegt sich an der Grenze zwischen norddeutscher und süd¬
664 2235 2253 2375 sich während der Rede Majorescus fleißig Notizen, dem
2326 2247 3898 2369 zu verschaffen, so verspreche ich Ihnen dafür, daß wir
3952 2278 5560 2406 deutscher Art, vielleicht mehr ins Süddeutsche hinüber¬
670 2302 2259 2430 er wollte dem konservativen Führer, der mit der liberalen
2326 2320 3898 2442 die tatkräftigsten Helfer Ihrer Aktion zu Gunsten einen
3946 2363 4196 2479 spielend.
658 2369 2259 2503 Politik Abrechnung hielt, sofort antworten. Neben den
2314 2393 3356 2533 Europäischen Föderation sein werden."
4062 2369 5548 2497 Der König erkundigte sich mit großer Liebenswürdig
664 2430 2278 2564 Ministerpräsidenten saß der Minister des Aeußern, Herr
2424 2448 3892 2582 Herr Bratiano wußte, daß das Königspaar mich an
3940 2454 5548 2564 keit nach den Orten, die ich auf meiner bisherigen mehr¬
652 2497 2278 2655 Djuvara. Bratiano könnte man nach seinem Aeußern für
2332 2533 3892 2655 Abend empfangen würde, und er bereitete mich auf di
3946 2540 5554 2637 wöchentlichen Orientreise besucht hutte, fragte mich, ob ich
658 2576 2186 2698 einen Franzosen, Djuvara für einen Italiener halten.
2332 2613 3892 2747 Person des Königs ungefähr in folgenden Worten vor
3940 2588 5554 2753 zum erstenmal in Rumänien sei, und wie es mir hier
786 2631 2272 2771 Ich suchte am folgenden Tage den letzteren im
3946 2680 4159 2807 gefalle.
749 2710 2278 2844 nisterium des Aeußern auf, den ersteren in seiner
4086 2704 5578 2850 Ich antwortete dem König, daß ich zum erstenmak
664 2783 2278 2948 Häuslichkeit. Ich glaube nicht, daß es in Europa einen
3952 2801 5572 2923 hier sei und daß ich mich angeheimelt fühle durch die
670 2850 2259 2978 Minister des Aeußern gibt, der in einem so prunkvollen
3971 2887 5566 2978 lateinischen Anklänge der Sprache, daß ich mich im
670 2917 2284 3051 Palast seines Amtes waltet wie der rumänische Minister
676 2984 2290 3118 Ein Fürst Sturdza, ein sehr reicher Sonderling, hat das
652 3051 2290 3179 von Marmor und Gold gleißende Haus von allerdings
664 3130 2290 3252 wenig vornehmem Cachet für sich gebaut, und es hat ihn
670 3197 2284 3313 mehrere Millionen gekostet. Der Staat hat es von seinen
676 3258 2296 3380 Erben zu verhältnismäßig billigem Preise erstanden. Es
2332 2674 3892 2801 „Das ist kein Mann, der jemals durch plötzliche Einfäll
2332 2747 3910 2868 zu blenden oder durch plötzliche Entschlüsse zu verblüffen
2332 2807 3904 2923 die Neigung hätte. Das ist kein unberechenbarer Charakter
2339 2874 3916 2996 Das ist vielmehr ein Mann der eisernen Pflicht, des
2332 2948 3910 3057 regelmäßigen Lebensganges, der pünktlichen Erledigung
3971 2948 5578 3051 Theater in Italien und, als ich das Parlament besuchte,
2339 3021 3928 3124 der ihm obliegenden Aufgaben. Das ist ein Mann, der
3971 3015 5566 3118 fast in Monte Citorio geglaubt hätte. „Ich habe, Majestät
2339 3075 3922 3209 sich nicht schlafen legt, ohne daß er den Schreibtisch rein
3971 3088 5566 3185 bis jetzt nur ein kleines Stück der Fassade von
2339 3149 3910 3270 gemacht hätte von Dokumenten, die er durchlesen mußt
3971 3149 5585 3270 Rumänien gesehen, und ihr lateinischer Typus kam mir
2339 3216 3916 3325 Seinen Ministern ist er ein leuchtendes Vorbild der Ver
3965 3228 4890 3319 wie von lange her vertraut vor.
2339 3276 3928 3392 läßlichkeit. Sie arbeiten leicht und gern mit ihm, denn
4080 3240 5585 3404 Der König erwiderte darauf: „Unser Land ist aber
676 3319 2302 3447 ist ein Haus, das sich auf den ersten Blick mehr für die
2345 3343 3916 3508 er ist immer für sie erreichbar und zieht nichts in di
3983 3356 5578 3496 auch in Wirklichkeit weder moralisch noch geographisch ein
658 3392 2284 3514 Repräsentation als für die bureaukratische Arbeit eignet
3983 3435 4342 3544 Balkanstaat.
658 3459 2290 3587 Ehe ich zum Minister gehe, begrüße ich einige alte Be
2339 3447 2564 3557 Länge.
2485 3441 3934 3617 Für 6 Uhr abends war meine Audienz beim König-
4105 3453 5597 3605 „Ich muß, Majestät, zugestehen, daß ich hier den
676 3526 2290 3654 kannte: den Generalsekretär der auswärtigen Angelegen¬
2351 3563 3940 3684 anberaumt. Als ich etwas früher durch die Calle Victoriei
3983 3569 5591 3666 Orient vollständig vermisse und die Empfindung habe,
676 3587 2302 3721 heiten, den Gesandten Cantacuzene, der früher durch viele
2351 3630 3940 3745 die belebteste Straße von Bukarest, zum königlichen Palas
3995 3636 5585 3782 unvergleichlich näher an Wien zu sein, als an Konstan¬
676 3666 2290 3794 Jahre in Wien gewirkt hat, und den Direktor der diplo
2363 3697 3934 3818 schlenderte, gab es großes Leben auf der Straße. Id
3977 3721 4233 3812 tinopel.“
676 3727 2302 3855 matischen Abteilung, Herrn Filodor. Der letztere, ein
2381 3776 3934 3873 fühlte mich fast nach dem Korso einer großen italienischen
4099 3727 5591 3861 Der König bemerkte: „Aber wir haben doch ein
676 3806 2296 3934 Mann von durchaus deutscher Schule, genießt das Ver
2357 3831 3928 3922 Stadt versetzt, Nach italienischer Art saßen die Leute
3995 3849 5591 3983 großes Interesse auch an allem, was sich im Orien
1748 3837 2308 3971 räsidenten Bratiano
1596 3879 1778 3971 Ministerprä
2369 3898 3940 3995 zumal Offiziere, in ihren fast französischen Uniformen
1748 3855 2320 4013 ens bei Sturdja ge¬
1596 3916 1778 4007 dertiquer
670 3910 1108 3995 trauen des
3989 3934 4214 4050 Zuträgt
2369 3958 3946 4056 die an die Zuaven und an die Tage erinnern, in denen
652 3946 2314 4086 wesen. Herr Filodor hat sich während unseres Bukarester
4123 3946 5615 4074 „Eure Majestät stehen in dem unzweifelhaften Ruf,
2375 4013 3946 4123 ΝΙρoleon III. den Donaufürstentümern sein Interess
4007 4025 5585 4172 ein fester Hort des Friedens im südöstlichen Europ###
700 4038 2302 4153 Aufenthaltes in liebenswürdigster Weise um uns bemüht
2375 4099 3952 4184 schenkte, vor den eleganten Konditoreien, schlürften ihrer
694 4117 2320 4226 Der Minister des Aeußern empfängt mich in Gegenwart
4013 4117 4269 4214 zu sein.“
2363 4147 3952 4269 Wermut und ihr Eis, und in den Karossen, die sich in
719 4184 2308 4293 Sir Max Waechters, der ihm seinen Plan einer euro
4117 4135 5603 4287 Der König: „Es ist wohl auch hier für die Armee
2363 4220 3958 4336 dichter Reihe dahinbewegten, auf dem Wege von oder
694 4251 2308 4373 päischen Föderation auf wirtschaftlicher Grundlage vor
4001 4208 5609 4336 viel getan worden, und die Parteien wetteifern, sie so
2375 4293 3958 4446 nach der „Chaussee“, dem Prater von Bukarest, begriffen
700 4306 2320 4427 trägt, und bemerkt dazu: „Wir können für diese Sache
4007 4312 5615 4403 wehrtüchtig wie möglich zu machen. Die Führer der
4007 4379 5621 4464 Opposition haben vor einiger Zeit dem Kriegsminister
694 4385 2332 4494 nur die größten Sympathien hegen, aber wir sind ein
2393 4385 3051 4501 fuhren elegante Damen.
4001 4440 5615 4561 vorgeworfen, es geschehe zu wenig für die Armee, und
694 4458 2314 4549 kleiner Staat und darum ohne Recht der Institative. Aller
4007 4513 5633 4610 ihm neue Millionen für dieselbe zugeführt. Aber
694 4513 2320 4628 dings darf ich sagen, daß Rumänien den Statusquo in
2503 4476 3958 4653 Das königliche Palais liegt an der Straße und ist
4007 4549 5627 4665 niemandem bei uns im Lande fällt es ein. den Frieden
694 4586 2326 4701 ehrlichster Ueberzeugung will und seinen Rüstungen nun
2375 4598 3965 4720 vor dem Lärm derselben wenig geschützt. Das Königs
4013 4641 5621 4750 jemals stören zu wollen. Wir müssen freilich daraus
694 4659 2332 4793 in der Gewißheit obliegt, daß es innerhalb seiner Sphäre
2387 4677 3965 4781 paar lebt hier mitten im Volke, und weder im buchstäb
4013 4708 5621 4842 achten, daß wir ein entscheidendes Gewicht in die Wag¬
694 4726 2156 4848 relativ stark sein muß, um sich respektiert zu sehen
2375 4744 3965 4854 lichen noch im übertragenen Sinne ist es durch ein
828 4781 2339 4884 Mittags speisten wir beim Ministerpräsidenten
4032 4793 4598 4896 schale legen können.
2387 4805 3977 4909 Barrière von demselben getrennt. Zwei Schildwachen in
4159 4811 5633 4976 „Eure Majestät gelten als ein Bürge des Statusquo
719 4854 2345 4957 Bratiano ist ein Mann von französischer Bildung. Darin
731 4878 3977 5043 ist er das Gegenstück zu seinem Vorgänger in der Jägerunisorm standen vor dem Palast. Ich wurde zunächst
4019 4909 4519 5036 auf dem Balkan.
2393 4951 3971 5061 zum diensthabenden Adjutanten, einem Obersten, geführt
4147 4927 5633 5085 Der König: „Wir wollen ihn‘ und ohne jeden
713 4982 2357 5128 Führung der liberalen Partei und der Staatsgeschäfte,
706 5006 3965 5158 Demeter Stuchza, der ein deutscher Professorentypus ist. | und nach wenigen Minuten schon wurde mir der Be¬
2198 5055 5627 5195 und scheid, daß der König bereit sei, mich zu empfangen: Ueber Hintergedanken. Als im vorigen Jahr die Lage
719 5134 2186 5237 Bratiano steht im Rufe, ein Nationalist zu sein,
2387 5195 5639 5329 reden, die ihn nicht verstehen. Hinter seinem beharrlichen, Requisit der polnischen Schibsser. Papkin ist ein boshafter
4025 5262 5645 5353 Prahler, der niemals seinen Degen aus der Scheide zieht.
743 5268 2345 5371 Gewinnendes. Wie sichs wohl von selbst versteht, gibt’
2399 5286 3977 5390 Schweigen verbirgt sich eine Weltanschauung... Da ist
4032 5329 5645 5420 Als Schmarotzer lebt er auf den Höfen der Edelleute und
737 5335 2345 5457 da zwei Etagen. In der einen wohnt das Bauernvolk
2381 5347 3977 5487 der leichtsinnige Sohn Zoyszko. Er verbummelt di
4019 5384 5645 5487 wird zum Zwischenträger ärgerlichen Zankes. Den Ein¬
737 5408 2351 5511 in der andern die Schlachta. Und wenn der vornehme
731 5420 3977 5591 Teufel Boruta nach der Seele des Wojwoden Gelüste Nächte, als hielte er bei seinem ersten Universitätsjahre
4038 5463 5645 5566 fältigen erzählt er von seinen Heldentaten, gegen die
737 5493 3995 5645 trägt, redet er ihm gemütvoll zu wie einem guten Aber seine Lustigkeit wirkt bedrückend. Sein sprunghafter
4038 5542 5645 5633 Demütigen spielt er seine Frechheit aus und vor den
2399 5566 3983 5670 Leichtsinn sieht beinahe so aus wie Verzweiflung. Er be
2399 5609 5639 5749 geht Torheiten, weil er keinen Halt finden kann. Er greift Mächtigen beugt er seinen Nacken. Cervantes und Daude
731 5597 2308 5725 Freunde, den man um eine kleine Gefälligkeit ersucht.
4044 5676 5627 5773 verliebten sich in ihre Gestalten. Sie wollten den ver¬
865 5676 2357 5792 Aber während die polnische Tragödie weiche, ver
2399 5694 3995 5798 in die Lust wie ein Trunkener.... Da ist die verprügelt
2399 5737 5633 5871 Magd Hanka, die sich vom Haussohn hat verführen | träumten Helden unsere Zuneigung sichern. Ein weh
755 5743 2351 5871 söhnende Akzente findet, lauert hinter dem Lustspiel ein
4038 5816 5652 5913 mütiger Glanz strahlt von ihnen aus. Graf Fredro aber
737 5828 2351 5926 hoheitsvoller, überlegener Hohn. Das Publikum amüsier
2399 5828 3995 5938 lassen und nun ein Kind erwartet. Zbyszko will sie heiraten.
4038 5877 5645 5980 hat den Ritter Papkin gehaßt. Er wollte ihn verächtlich
761 5895 2351 5993 sich vortrefflich und merkt nicht, daß es selber die Kosten
2399 5901 3989 6029 Aber sie glaubt ihm, nicht, vertraut ihm nicht. Sie ma###
4050 5950 5645 6060 machen. Er entsann sich wohl seiner Sturmritte im Ge¬
743 5962 2351 6060 der Unterhaltung trägt. Der polnische Witz prickelt un
2412 5962 4001 6078 jetzt nichts mehr mit ihm zu tun haben. Sie ist die
4050 6017 5658 6120 folge des großen Kaisers. Das Prahlen und Träumen
2393 6029 3995 6139 Magd; der Herr hat sie gekauft. Sie verlangt ihre Ent¬
749 6035 2351 6133 brennt. Ein herber Nachgeschmack bleibt auf dem Gaumen
4056 6084 5493 6187 gefiel ihm nicht. Sein feiner Spott ruft zur Attacke.
749 6096 2351 6200 Da ist die moralische Frau Dulska. In hunder
2412 6096 3995 6218 lohnung, sonst nichts. Und ehe sie geht, kniet sie bein
4147 6133 5645 6230 Freilich, weit mehr als die Gestalten der polnischen
749 6151 2351 6273 Schwänken sind wir ihr vorher begegnet. Doch sie erschien
2412 6169 3995 6279 Herd nieder, vor dem Zoyszko grübelnd sitzt, küßt ihm
4068 6200 5652 6297 Dichter erzählen uns die Darsteller des Lemberge
731 6230 2357 6328 uns immer als böse Schwiegermutter, deren Moral mar¬
2412 6230 3995 6388 der sie zu Grunde gerichtet hat, die Hand; demütig
4074 6279 5652 6394 Nationaltheaters von der Größe und den
743 6297 2363 6401 verspottete, wie man in der Hanswurstkomödie der
761 6364 2954 6461 Polizisten verspottet. In dem Lustspiel der Frau Zapolska hündisch ergeben.
4068 6358 5658 6449 Niedergang des alten Königreiches Polen. Wenn in
2533 6321 3995 6498 Alle Gestalten des polnischen Theaters sind gleich
4068 6419 5645 6516 „Verzauberten Kreis" Rydels der Wojwode seine wuch
761 6437 2375 6541 hingegen ist diese Moral ätzend und scharf, vergiftet eine
2418 6431 4013 6553 sam aus fremden Sprachen übersetzt. Aber sobald sie
4062 6492 5645 6583 tigen Arme auf die hohe Stuhllehne preßt, den massige
755 6498 2375 6589 ganze Familie. Eine Tragödie recht sich vor uns auf. Wir
2412 6504 4013 6614 Polnisch zu reden beginnen, verändern sie sich mit einem
4062 6559 5658 6638 Kopf vorschiebt und lateinische Worte wie Bleikugeln in
761 6571 2369 6669 lachen nicht über den geblumten Schlafrock der Fran
2418 6565 4013 6723 Schlage. Auch in ihre Handlungen und Gedanken wie in
2424 6626 5664 6766 ihre Seele haben sich die slavischen Züge ihres Antlitzes den Saal schleudert, haben wir den Eindruck, mit einen
743 6638 2375 6748 Dulska, sondern über die Erbärmlichkeit des Lebens, das
4074 6693 5670 6778 male im Warschauer Reichstag zu stehen. Wenn die kleine
773 6705 2357 6796 sich vor ihrer Moral niederduckt.... Da ist die naive
2430 6717 4013 6839 gegraben. Man vergleiche den knickerigen Rejent Milcze
4074 6760 5682 6851 Tochter der Frau Dulska ihre Schulweisheit auskramt
780 6772 2375 6876 schwärmerische Tochter der Frau Dulska. Als ihr Vorbill
761 6778 4019 6955 könnte gewiß der deutsche Backfisch mit seinen Hänge= mit dem Geishals von Molière. Der Polen behütet keines¬
4074 6827 5670 6912 und dem Bruder altklug erklärt, sie bewundere den letzten
2430 6851 4013 6961 wegs ängstlich seine Schätze. Er weigert sich ganz ein
4074 6906 5688 6985 Jagellonenkönig Siegmund August gerade darum
761 6918 2381 7034 zöpfen gelten. Aber wenn die Tür zu ihrer Kammer auf
2442 6924 4032 7040 fach, seine Rechnungen zu bezahlen, er wirft ungeduldige
4111 6967 5676 7052 sehr, weil er eine geliebte Frau zu sich auf den Thron
773 6979 2387 7095 geht, erblickt man im vergoldeten Rahmen ernst und stari=
773 6991 4038 7156 ein Heiligenbild, unter dem ein ewiges Licht breunt. Jetzt Handwerker, die ihren Lohn verlangen, eigenhändig zur
4086 7028 5694 7113 hob, ohne ihrer geringen Herkunft zu achten, lesen wir
780 7052 4038 7211 erst weiß man den flackernden Schein ihrer Augen zu Tür hinaus. Er bleibt stolz und hochfahrend. Er ist
4092 7095 5688 7186 in den flammenden Augen des Mädchens einen Teil der
767 7131 4025 7284 deuten. Man ohnt, daß sie viele Nächte lang vor diesem nicht der Knecht des Geldes, er ist sein Herr. Man ver
4086 7168 5700 7259 staunenden Hingabe, die jene Niedriggeborene erfüllte,
2436 7192 4025 7308 gleiche den rasselnden, klirrenden Raptusiewitz mit den
4074 7235 5688 7338 da ein König zu ihr sprach: „Du sollst die Kron
767 7259 2387 7351 Bilde gekniet hat. Und wenn sie von ihrer gemarterter
780 7265 4025 7418 Seele spricht, erinnert man sich an die blasse Studentin hüpsenden, tänzelnden Bourgevis Gentilhomme. Der Herr
4080 7302 5694 7393 tragen....“ Wie Raptusiewiez seinen Feind Milcze
767 7326 4032 7503 Borowska, die vor dem Schwurgericht in Krakau qualvoll | Jourtain will ein Edelmann scheinen, weil er
4086 7345 5670 7448 zum Duell fordert, bringt ihm sein Diener drei Krump
792 7393 4032 7558 die Hände rang.... Da ist der friedfertige Gatte, Herr es nicht ist. Der Herr Raptusiewitz besteht darauf
4099 7436 5694 7527 säbel zur Auswahl. Dieser Diener ist ein alter Mann
2436 7466 4050 7600 für einen Edelmann zu gelten, weil er es ist.
4099 7503 5694 7594 Das Antlitz ist eingefallen, die Augen liegen tief drinnen
786 7521 2387 7625 Felizian Dulski, der seine eigenen Zigarren stiehlt un
2448 7533 4062 7649 Man vergleiche den lächerlichen Helden Papkin mit dem
4105 7576 5682 7667 in ihren Höhlen und der Schnurrbart hängt in zwe
798 7594 2406 7686 sich mit einem Stückchen Zeitung, das er aus dem Kaffee¬
2448 7606 4038 7746 schlotternden Ritter Don Quijote oder mit dem feisten
4099 7637 5664 7734 breiten, weißen Buschen über die blutleeren Lippen.
786 7649 2399 7765 hause mit nach Hause brachte, in einen Winkel verkriecht
2454 7667 4050 7801 Tartarin de Tarascon. Papkin hat nicht die breite
4099 7710 5688 7795 Schwerter trägt er geschultert. Eines um das andere reich
798 7734 2393 7820 Er ist durchaus kein Pantoffelheld. Wie ein drohende
780 7734 4050 7887 Schatten schleicht er durchs Haus. Er hat sich das Sprechen königliche Gebärde des Spaniers und es fehlt ihm die
798 7777 5682 8069 abgewöhnt, weil es ihm Landes tädtet, mit Leuten zu Lautomittätigkeit des Zaunes. Er kleine ein notwendlichen 1c. in keinem Hause; dabei dießen feindt. Jungen
