7240 5688
804 506 2862 653 Haus der Abgeordneten. — 502. Sitzung der XI. Session am 27. Mai 1896.
446 534 692 660 25A08
590 650 3230 818 Ich bin in der Lage, gleich heute diesen An¬ stellte. Der Bezirkscommissär begab sich zu der
453 769 3234 881 trägen gegenüber Stellung zu nehmen, und zwar Menge und forderte dieselbe wiederholt in deutscher
435 832 3216 973 nicht um zu polemisiren, sondern um auf Grund und böhmischer Sprache auf, auseinanderzugehen und
446 909 3223 1032 amtlicher Daten und Berichte dem hohen Hause die Straße zu verlassen. Hier erlaube ich mir wieder
446 987 3237 1096 wahrheitsgetreu den ganzen Verlauf dieses peinlichen zu betonen, daß nach dem amtlichen Berichte der Be¬
1850 1032 3223 1141 zirkscommissär, also der Vertreter der politischen Be¬
453 1078 1085 1197 Exeignisses darzustellen.
537 1124 3234 1229 Indem ich die Strikes und sonstigen agitatorischen hörde derjenige war, welcher zuerst sich an die Menge
453 1194 3230 1296 Bewegungen unter den Textilarbeitern im Reichen= wendete, sich vor. sie hinstellte und sie wiederholt,
446 1257 3234 1366 berger Bezirke, welche dem beklagenswerten Zu¬ sowohl in deutscher als in böhmischer Sprache ermahnte
463 1331 3234 1450 sammenstoße vorangingen, als allgemein bekannt und aufforderte, auseinanderzugehen und sich ruhig
453 1404 3237 1513 voraussetze, muss ich vor allem hervorheben, dass der zu verhalten. Somit ist auch der zweite Vorwurf,
453 1475 3234 1594 Bezirkshauptmann in Reichenberg infolge vielfacher welchen der Herr Abgeordnete gegen die Behörde
435 1545 3227 1664 zuvor stattgefundener Zusammenrottungen theils erhoben hat, nämlich dass die politische Behörde ver¬
463 1601 3223 1724 strikender Arbeiter, theils anderer excesslustiger In= schwunden sei, und dass man es lediglich der Gen=
463 1671 3223 1784 dividuen sich veranlasst gesehen hat, am 21. Mai in darmerie überlassen habe, sich mit der Menge aus¬
463 1735 3244 1868 einer publicirten Kundmachung die Abhaltung nicht einanderzusetzen und Ordnung zu schaffen nicht richtig
446 1819 3251 1935 anzeigepflichtiger Versammlungen in Eichicht, Dörfel und auch nicht zutreffend. Diese Ermahnungen und
463 1875 3248 1994 und Röchlitz zu untersagen und die Sperrung der Aufforderungen wurden aber mit Pfeifen und Johlen
446 1956 3237 2065 Gasthäuser und Wohngebäude von 8 Uhr abends an beantwortet. Über Ersuchen des Bezirkscommissärs
456 2040 3230 2138 zu verfügen. Bei dieser Gelegenheit muss ich auf die wurde hierauf gegen die Menge von der Gendarmerie¬
449 2093 3234 2223 Worte zurückkommen, die wir vom Herrn Abgeord= assistenz mit dem Rittmeister an der Spitze mit ge¬
446 2170 3241 2268 neten Dr. Kaizl gehört haben. Ich glaube nämlich, fälltem Bajonnett vorgegangen und es wurde die¬
453 2216 3241 2353 in dem von mir soeben Angeführten liegt der Beweis, selbe etwa 500 Schritte zurückgedrängt. Auch
446 2310 3241 2405 dass präventiv vorgegangen worden ist. Ich glaube, während dieser Action sind die Leute wiederholt von
453 2402 3258 2486 dass das jedenfalls eine Präventivmaßregel war dem Bezirkscommissär aufgefordert worden, ruhig
456 2451 3248 2546 Allerdings hat der Herr Abgeordnete zugleich beinahe auseinanderzugehen. Das Geschrei und das Gejohle
463 2500 3248 2630 in demselben Athem die erwähnte Maßregel kritisirt und ließ aber nicht nach. Als in einer Entfernung von
463 2595 3251 2686 behauptet, es sei eine Ungesetzlichkeit, dass man über¬ 500 Schritten von der Fabrik Steine gegen die Gen¬
471 2658 3255 2767 haupt jene Versammlungen verboten hat, und er darmerie geworfen wurden, warnte der Rittmeister
474 2739 3248 2837 meinte, dass man eine Abtheilung Militär dahin hätte (mit laut vernehmbarer Stimme die Menge, daß im
456 2805 3248 2893 dirigiren sollen. Welche Präventivmaßregeln zu Falle der Wiederholung der Steinwürfe von der
425 2855 3251 3002 ergreifen sind, muss ganz der subjectiven Auffassung Gendarmerie geschossen werden wird. Aber auch diese
456 2946 3248 3027 des betreffenden verantwortlichen Beamten überlassen Warnung begegnete nur dem Gespötte der exce¬
456 2992 3265 3111 bleiben. Er war, glaube ich, der Ansicht, dass man direnden Menge. Um die Fabrik gegen die allenfalls
474 3086 3248 3185 durch die von ihm verfügte Präventivmaßregel von der anderen Seite zuströmende Menge im Be¬
474 3132 3248 3255 leichter und mit weniger Aufsehen das Ziel, Ruhe darfsfalle schützen zu können, zog sich der Bezirks¬
471 3237 3251 3332 und Ordnung zu erhalten, erreichen werde, als wenn commissär und die Gendarmerie wieder zurück. Trop¬
471 3269 3255 3388 man in eine kleine Gemeinde eine große Abtheilung dem sammelten sich die zurückgedrängten Leute, noch
471 3364 3248 3459 Militär von Reichenberg hereinkommen ließe, was verstärkt, gegen ¾9 Uhr abends auf der Ärarial¬
488 3434 3269 3550 jedenfalls viel mehr Aufsehen wird viel mcht Auf=straße und drangen bis zur Fabrik in thatsächlich
1886 3497 2507 3603 drohender Haltung vor.
471 3508 1408 3603 regung hervorgerufen haben dürfte.
2012 3546 3265 3652 Hier muss ich wieder unterbrechen, um hervor¬
639 3553 1840 3673 Jedenfalls constatire ich, dass der Vorwurf, die
481 3638 3258 3739 Behörden seien nicht präventiv vorgegangen, hier zuheben, daß auch die Behauptung, dass ein Gendarm
478 3704 3258 3810 nicht zutreffend ist, weil eben auf Grundlage jener einem Arbeiter nicht Zeit gelassen hätte, um die Leute
499 3785 3255 3876 Kundmachung, die erlassen worden ist, und die auch zur Ruhe zu ermahnen, auch nicht ganz richtig ist.
481 3859 3276 3940 der Herr Abgeordnete citirt hat, wie ich glaube, dem weil. wie gesagt, nach der Attaque mit gefälltem
495 3919 3276 4017 hohen Hause der Beweis geliefert ist, dass die Be¬ Bajonett, nach wiederholter Mahnung die Gendarmerie
499 3985 3272 4094 hörden auch vor dem Eintritte des Ereignisses prä¬ sich factisch zurückgezogen hatte, die Masse jedoch
1879 4066 3283 4150 abermals compact und drohend nach mehr als einer
499 4084 1145 4171 ventiv vorgegangen sind.
639 4136 3276 4242 Ich fahre nun in der Schilderung des Vor¬ Viertelstunde, nach 20 Minuten zurückgekehrt ist. Also
499 4192 3276 4305 falles fort: Nach 8¼ Uhr abends kam trotzdem eine während dieser 20 Minuten haben jene Leute, welche
495 4291 3272 4357 mehrere hundert Personen zählende Menschenmenge wirklich beruhigend auf die Masse wirken wollten,
488 4354 3280 4431 demonstrirend auf der Ärarialstraße von Röchlitz jedenfalls Zeit und Gelegenheit gehabt, es zu thun,
495 4424 3294 4512 gegen Eichicht zu, wo sich ihr vor der Fabrik der und konnten auch durch einen Gendarm oder den
1910 4480 3276 4568 Postenführer darin nicht gestört werden, weil diese
495 4498 1850 4593 Firma Lederer und Wolf in Gegenwart des Bezirks
499 4558 3290 4649 commissärs der Gendarmerierittmeister Eppich mit sich zurückgezogen hatten und die Menge unter sich
495 4628 3276 4747 einer Gendarmerieassistenz von sechs Mann entgegen¬ war, so dass der gegentheilige Schluß naheliegt, dass
4270 372 6106 537 Haus der Abgeordneten. — 502. Sitzung der XI. Session am 27. Mai
3922 565 6682 702 gar nicht beruhigend auf die Leute eingewirkt worden geglaubt hat, dass die Steine von der Seite, und
3908 660 6689 772 ist, vielleicht eher verhetzend, weil nach dieser Pause zwar von Häusern, welche von Arbeitern bewohnt
3929 751 6689 836 die Leute in compaeter und drohender Haltung gegen herden, geflogen sind und infolge dessen hat auch der
3922 815 6699 906 die Fabrik angerückt sind. Sofort wurden Steine gegen Gendarmerierittmeister alle Häuser und Fenster
3922 871 6682 973 die Gendarmerie geworfen. Die von der letzteren mit schließen lassen, damit nicht von dort Steine geschleu¬
3940 955 6689 1071 gefälltem Bajonett neuerlich verfolgte Menge zeigte sich dert werden, und erst dann sind Steinwürfe von der
3943 1022 6699 1124 sehr renitent, die Steinwürfe wiederholten sich öfter. Masse aus erfolgt, welche den Rittmeister und die
3922 1113 6008 1197 Während der ganzen auf diese Weise zurückgelegten Gendarmen verletzt haben.
3936 1162 5291 1261 Strecke von etwa 300 Schritten warnte der Ritt¬
5453 1138 6699 1303 Dies ist nun der Sachverhalt auf Grund des
3922 1250 5822 1348 meister unaufhörlich bis zur Heiserkeit die Menge, sie amtlichen Berichtes
3936 1320 5274 1408 solle aufhören, Steine zu werfen, da sonst geschossen
5453 1299 6671 1447 Aus dieser Darstellung erhellt, dass von compe
3936 1390 5302 1471 werden wird. Die Menge beachtete das aber gar
3933 1422 6682 1531 nicht, bespöttelte die Warnungen und nahm schließlich tenter Seite nicht etwa leichtfertig, sondern erst nach
3919 1485 6682 1626 hinter zwei Häusern in Eichicht feste Stellung. Von da Aufgebot aller Beschwichtigungsversuche und in eigener
3922 1559 6682 1668 aus wurden auf die Gendarmerie massenhaft Steine Bedrängnis vom äußersten Rechte Gebrauch gemacht
3926 1626 6605 1749 geworfen, so dass mehrere Gendarmen getroffen wur¬ worden ist, wie dies ja das Schießen aus na
3922 1713 5741 1871 den und der Rittmeister selbst an Stirne und Kinn Distanz beweist.
5453 1738 6475 1864 Nachdem im Dringlichkeitsantrage gefre
3922 1805 4136 1907 blutete.
4073 1861 6376 1956 Da ließ der Rittmeister die Hälfte der Assistenz wie die Regierung es rechtfertigen könn
3936 1935 6380 2019 eine Salve abgeben, und zwar nach vorhergegangener der Nähe geschossen worden ist, so muss
3922 2001 6320 2103 nachmaliger Mahnung, welche von der Menge mit dass dies im Falle der Bedrängnis
3936 2072 6306 2170 Gebrüll und Hohngelächter empfangen wurde. Als möglich ist, und ich glaube, umgekehr
3922 2138 6306 2258 der Aufschrei der Verwundeten vernommen wurde, aus der Entfernung geschossen wor¬
3929 2223 6366 2314 ging die Menge auseinander und verließ die Straße. Herren hätten eher fragen können: wozu
3943 2286 6138 2384 Durch drei Schüsse sind sechs Personen verwundet man geschossen habe? Denn ich
3936 2346 6419 2447 worden, eine ist während der ärztlichen Untersuchung Falle lässt sich das Vorgehen der G
3922 2433 6096 2507 an Ort und Stelle und zwei sind später im Reichen¬
6176 2405 6383 2500 persönlich
3943 2486 6289 2584 berger Stephanshospitale, wo sie untergebracht wurden, nis von der Waffe Gebrauch gemacht
5323 2556 6383 2637 der Umstand, der hier hervorgehoben wurde.
3943 2574 4196 2679 gestorben.
4080 2640 6289 2728 Mit Rücksicht auf diese Vorgänge hat die Firma der Nähe geschossen wurde, spricht
3936 2707 6359 2788 Lederer und Wolf die Fabrik am 22. Mai gesperrt, es erst dann von der Waffe Gebrauch gem
3954 2770 6320 2869 ist in Dörfel eine starke Gendarmerieabtheilung con¬
3936 2830 6380 2953 centrirt worden. Bis auf das Vorkommen kleinerer dete scharfe Schießen betrifft, so entspri
3943 2921 5667 3006 Ansammlungen, die sofort durch starke Gendarmerie-
5478 2918 6696 3058 Eine parteiische Haltung zu Gunsten der Unter¬
3943 2985 5295 3086 patrouillen zerstreut wurden, ist die Ruhe nicht weiter
6517 3030 6706 3125 worfen
3936 3048 6271 3139 gestört worden. Mit der strafgerichtlichen Untersuchung nehmer kann den Behörden unmög
3943 3125 6563 3220 sind zwei Untersuchungsrichter in Reichenberg betraut. werden, da letztere sich darauf beschränkt haben
3936 3178 6570 3287 Zum Zwecke der instructionsmäßigen Erhebung für Fabrik gegen die Angriffe der Arbeiter und die
3943 3262 6492 3350 das militärgerichtliche Verfahren rücksichtlich des streikenden Arbeiter vor ihren Collegen zu
3943 3336 6355 3452 Waffengebrauches ist ein Gendarmerieoberstlieutenant sowie die gefährdete Ruhe und Ordnung
5330 3399 5576 3497 erhalten.
3940 3416 4192 3504 anwesend.
5471 3420 6352 3557 Ich habe auch den Vorwurf verw.
4084 3413 5284 3550 Über die Thatsache, dass von der Waffe Ge¬
3936 3536 6285 3638 brauch gemacht werden musste, werde ich umsoweniger überhaupt die Behörden mehr die
3936 3596 6706 3701 ein Urtheil abgeben als, wie es den geehrten Herren Schutz nehmen als die Arbeiterschaft. Nun, ich weiß
3947 3673 6545 3771 wahrscheinlich bekannt sein wird; die Gendarmerie für nicht, ob dies heute hier auch der Fall sein will
3947 3754 6721 3841 den jedesmaligen Waffengebrauch vor allem ihren das eine kann ich dem Herrn Abgeordneten versichern,
5341 3817 6717 3894 dass ich denselben Vorwurf, den er heute den Be¬
3954 3824 4747 3933 Vorgesetzten verantwortlich ist.
4084 3890 6478 3975 Diese Untersuchung ist im Zuge und noch nicht hörden gemacht hat, auch in entgegengesetzter
3954 3947 6570 4052 abgeschlossen, außerdem ist auch die strafgerichtliche schon öfters zu hören bekommen habe. Selbstver
3961 4034 6503 4122 Untersuchung im Zuge und es wäre nicht am Platze, lich ist es Pflicht der Behörden, und auch
3947 4091 6570 4182 wenn ich hier von dieser Stelle aus im Namen der Pflicht, dahin zu streben, dass beide Seiten mi
3954 4168 6584 4256 Regierung im vorhinein eine Ansicht über die Details Vorgehen der Behörden zufrieden sind und sich
3954 4235 6503 4336 des Vorfalles aussprechen würde, noch bevor diese lobend über dasselbe aussprechen. Aber,
5337 4308 6383 4393 Herren, Sie werden mir schon gestatten,
3947 4326 4831 4414 Untersuchungen abgeschlossen sind.
4101 4386 6099 4501 Nachdem noch erwähnt wurde, dass eigentlich auszusprechen: am Ende des
3947 4424 6004 4537 Steine von der Seite geslogen sind, so muss ich bemerken, glaube ich, angesichts d
3947 4515 5909 4631 dass die Gendarmerie dies wirklich auch bemerkt und schwer, dieses Ziel zu
