7544 5704
692 453 3078 559 25416 Haus der Abgeordneten. — 502. Sitzung der XI. Session am 27. Mai 1896.
682 587 2024 734 Todte liegen; ihr Reichthum leidet ja nicht darunter!
2210 608 3475 745 Die Industrie in Nordböhmen arbeitet ohnehin
692 717 3447 808 so beiläufig äußerte sich der geehrte Herr Vorredner, unter den schwierigsten Verhältnissen. Es ist seiner¬
678 794 2031 868 Ja, es klingt das beinahe so, als wenn der nord
2073 794 3451 878 zeit vom Herrn Handelsminister hervorgehoben
671 850 3443 942 böhmische Unternehmer eine Freude daran hätte worden, daß der apport in überseeische Länder
668 931 3440 1026 und nichts sehnlicher wünschte, als dass die Gen= immer mehr zurückgeht, daß die Handelsbilanz
671 994 3447 1089 darmerie herbeikäme, um das Bajonnett auf die Brust schlecht steht, es muss eben überall auch die
668 1058 1820 1153 der Arbeiter zu setzen und sie niederzustoßen.
2056 1079 3443 1163 allgemeine Weltconcurrenz in Rechnung gezogen
822 1131 3436 1216 Wenn man sich eine solche Übertreibung zu¬ werden, und da ist es sehr leicht, die Angriffe immer
661 1195 3443 1304 schulden kommen lässt und die Unternehmer, welche nur auf die Unternehmer zu häufen und sie als Leute
661 1283 3433 1363 gerade bei uns in Nordböhmen mit überaus schwieri- hinzustellen, welche die Arbeiter auf alle mögliche
661 1342 3426 1441 gen Verhältnissen zu kämpfen haben, derart verunglimpft Weise drücken und sie förmlich zum Hungertode ver
661 1423 3433 1504 und sie nicht nur im allgemeinen angreift, sondern urtheilen. Es wurden auch so niedrige Wochenlöhne
668 1479 3440 1567 überdies noch ihren Patriotismus auf ganz unquali= genannt, wie 1 fl. 20 kr. u. s. w. (Abgeordneter
650 1550 3440 1651 ficirbare Weise verdächtigt, wie es hier geschehen ist Tausche: In Südböhmen sind Taglöhne von 14 bis
661 1627 3426 1708 (Lebhafter Beifall), so fühle ich mich verpflichtet, 20 Kreuzer!) Mir sind solche Löhne im Gablonzer
664 1687 3433 1799 sowohl als ein wahrer Freund der Arbeiter, als auch Bezirke nicht bekannt. Es gibt dort eine sehr starke
654 1774 3426 1848 als ein gerechter Mann, der auch die Unternehmer in Hausindustrie und es mag ja sein, dass hin und wieder
654 1831 3426 1936 ihrem Rechte geschützt wissen will, für diese Unter¬ die Arbeit stockt. Die Gablonzer Industrie producirt
654 1897 3408 1996 nehmer das Wort zu ergreifen. Gehen Sie nach Nord- vor allem Modeartikel, und da kommen wohl zeit
650 1961 3422 2077 böhmen, insbesondere in meinen Wahlbezirk: Sie weilig außerordentlich große Stockungen vor. Da
643 2049 3429 2133 werden dort in den Fabriken eine Summe von Wohl¬ mag es sich also bisweilen ereignen, dass die Löhne
643 2091 3422 2203 fahrtseinrichtungen finden, zu welchen die Unternehmer überaus niedrig stehen. Aber man darf nicht so im
632 2193 3345 2273 nicht etwa durch die Behörden gezwungen wurden, allgemeinen sagen, dass die Löhne so niedrig sind.
650 2242 2003 2347 sondern welche sie selbständig und freiwillig gemach
2182 2263 3422 2347 Ich habe dem weiter nichts hinzuzufügen,
636 2319 3426 2421 haben. Um Ihnen nur einen Fall zu nennen, so hebe glaube aber der Zustimmung der Mehrheit des hohen
640 2386 3398 2484 ich zum Beispiel die Firma Klinger in Neustadtl her¬ Hauses sicher zu sein, wenn ich sage, dass es uner
643 2456 3426 2572 vor, eine Fabrik, welche so mustergiltig eingerichtet ist, laubt ist. und dass es als parlamentarisch unzulässig
643 2519 3415 2628 wie Sie das wohl kaum anderwärts noch finden bezeichnet werden muss, einen ehrenwerten Stand,
643 2593 3422 2685 werden. Welch bedeutende Summen hat nicht dieser der mit Eifer und unter den schwierigsten Verhält¬
636 2663 3408 2772 Mann anlässlich des Todes seiner Frau für die nissen seine Pflichten zu erfüllen trachtet, auf diese
629 2723 3398 2857 Arbeiterschaft geopfert! (Abgeordneter Dr. Samánek: unqualificirbare Weise zu verleumden und anzu
643 2797 2505 2906 Eine Schwalbe macht noch keinen Sommer!) Jawohl, greifen. (Beifall.)
625 2878 1996 2966 eine Schwalbe macht noch keinen Sommer, aber eine
636 2945 1989 3032 Schwalbe macht auch noch keinen Winter (Lebhafte,
2175 2913 3405 3071 Präsident: Das Wort hat der Herr Abgeord
629 3015 2579 3110 Gelächter). Es mag ja sein; dass ich in der Erregtheit nete Dr. Samánek.
629 3068 1996 3166 ein unglückliches Bild gebraucht habe, aber das werden
629 3145 1982 3236 Sie mir zugestehen, dass, wenn Sie für schlechte Be¬
2164 3124 3415 3275 Abgeordneter Dr. Samánek: Hohes Haus!
625 3208 3408 3338 handlung von Arbeitern einen Fall citiren, Sie damit Mit dem unmittelbaren Herrn Vorredner will ich mich
625 3317 3408 3398 auch noch keinen Beweis für die Allgemeinheit ge¬ nicht sehr lange befassen, denn diese Lobrede auf das
636 3363 3412 3479 liefert haben. (Sehr richtig!) Es mag ja einmal ein gute Herz der Fabrikanten ist so auffallend günstig,
636 3429 3405 3538 solcher Fall vorgekommen sein, wie ihn der Herr Abge¬ dass ich sie einfach nur als nicht zutreffend zurück¬
625 3510 3391 3619 ordnete Pernerstorfer citirt hat, dass ein Unter¬ zuweisen brauche. Er hat nur die Firma Klinger ge=
625 3584 3398 3679 nehmer sich auf eine solche Weise über die Arbeiter nannt, die wirklich hervorragend in Wohlfahrts¬
636 3654 3398 3767 geäußert hat; ich weiß das nicht und fühle mich auch einrichtungen ist, aber andere, die ebenso sind, könnte
625 3725 1792 3809 nicht berufen, für jeden Einzelnen einzutreten.
2020 3735 3398 3841 man an den Fingern einer Hand zusammenzählen.
770 3788 3405 3904 Aber der Herr Abgeordnete Pernerstorfer Ich will mich im Gegentheile mehr mit den Aus¬
625 3858 3384 3971 hat sich eben den Fehler zuschulden kommen lassen, führungen Seiner Excellenz des Herrn Minister
608 3921 3401 4048 dass er solche einzelne Fälle generalisirt hat, indem er präsidenten befassen. Er hat mir wirklich imponirt.
629 3992 3387 4115 sagte: So ist die ganze Unternehmerschaft in Nord¬ Ich muss gestehen, ich habe gedacht, ick kenne den
618 4072 3380 4188 böhmen! Dagegen muss ich jedenfalls auf das ent¬ Herrn Ministerpräsidenten schon gründlich in seinen
615 4132 3391 4245 schiedenste protestiren. (Zustimmung.) Ich kann nur Geschicklichkeit, etwas schön darzustellen, aber er hat
629 4209 3387 4329 sagen, dass ich in Gablonz, Friedland u. s. w. eine sich diesmal noch übertroffen. Obwohl er noch nicht
618 4297 3387 4399 ganze Menge von Fabrikanten kenne, welche von den den ganzen Sachverhalt kennt und die Untersuchung
611 4364 3384 4459 wohlwollendsten Gesinnungen gegenüber der Arbeiter= noch nicht vorüber ist, behauptet er doch, dass die
611 4417 3401 4533 schaft geleitet sind, welche die größten Opfer bringen Bezirkshauptmannschaft und überhaupt alle Organe
618 4501 3391 4596 und nichts sehnlicher wünschen, als mit der Arbeiter= genügende Präventivmaßregeln ergriffen haben. Meine
615 4557 3380 4694 schaft in Frieden und Freundschast leben zu können. Herren! Sehen Sie sich nur an, wie diese Präventiv¬
4469 478 6536 650 Haus der Abgeordneten. — 502. Sitzung der XI. Session am 27. Mai 1896.
6655 513 6880 636 2541 17
4072 675 6869 787 maßregeln waren. Der Stocke dauerte schon ganze §. 12 des Gesetzes vom 25. December 1894 zur
4090 738 6131 847 20 Tage, und es war immer etwas Gendarmerie in
4069 815 5457 910 der Umgebung. Diese Gendarmerie wusste genau, wie
5622 829 6869 921 Im Punkte 1 dieses Paragraphen heißt es:
4072 914 6859 1001 viele Menschen beiläufig zusammenkommen können, Im Falle der Nothwehr; das wäre also die Bedräng
4072 970 6845 1068 und sie hat doch während der 20 Tage keine Ordnung / nis. Im Punkte 2: „Zur Bezwingung eines zur Ver¬
4083 1037 6866 1138 geschaffen. Es hat sogar der Herr Abgeorduete Beudel eitlung einer Dienstesverrichtung abzielenden Wider¬
4072 1089 6859 1195 behauptet, es hätte ein gewisses Militärdetachement standes“. Punkt 1 kann es nicht sein und zwar des-
4072 1170 6862 1272 genügt, um diese Situation mit einem Schlage zu be- halb nicht, weil diese Leute, welche verwundet oder
4079 1237 6873 1356 seitigen. Das wäre auch das Richtige gewesen. getödtet wurden, sich nicht in der Angriffstellung
4069 1311 6866 1420 Übrigens wäre noch eine andere Präventivmaßregel gegen die Gendarmerie befanden, sondern gerade in
4079 1363 6209 1472 dagewesen, die vom Gewerbeinspector ausgehen sollte. einer umgekehrten Stellung.
4079 1437 5432 1525 Von dem hat aber Seine Excellenz der Herr Minister
5611 1437 6841 1560 Die Wunden der Getödteten und der Ver
4079 1514 6845 1627 präsident nicht ein Wort gesprochen. Der Gewerbe- wundeten sich derart erzeugt, dass sie mit mathema¬
4062 1574 6841 1694 inspector war nicht da. Ich weiß es aus maßgebender tischer Bestimmtheit beweisen, daß diese Leute ent-
4069 1648 6848 1785 Quelle, dass der Gewerbeinspector es für unnöthig weder nach der Seite oder mit dem Rücken gegen die
4076 1715 6553 1838 gehalten hat, zu Lederer und Wolf, den Fabrikanten Gendarmen gekehrt waren. (Hört! Hört!)
4079 1796 5436 1883 selbst zu gehen, um auf gütlichem Wege einen Aus
5618 1813 6845 1908 Wenn die Leute angriffsmäßig gegen die Gen
4062 1880 6859 1985 gleich mit den Arbeitern herzustellen. Ich kenne viele darmerie vorgegangen wären, wenn also die Gen-
4044 1943 6834 2049 Fälle, wo die Bezirkshauptleute, respective die Ge- darmerie hätte bedroht sein sollen, müssten die Ver-
4069 2006 6852 2129 werbeinspectoren durch ihr gütliches Zureden, durch wundeten unbedingt von vorne getroffen worden
4065 2070 5464 2171 ihre Geschicklichkeit viel- und viele Strckes glücklich
4055 2154 5432 2235 beendet und damit auch eventuell Blutvergießen hintan
5611 2122 6845 2259 Wie aber die Lections- sowie die Wundberichts
4062 2231 6852 2340 gehalten haben. So hätte es auch in Dörfel geschehen protokolle darthun, wurden die Leute alle entweder
4055 2280 4280 2382 können.
5481 2312 6588 2414 von der Seite oder von rückwärts getroffen
4188 2302 5439 2442 Mir kommt hauptsächlich in dem Berichte
5618 2368 6852 2463 Ich führe den Fall Hulek an, der getödtet wurde.
4051 2410 6852 2533 welchen der Herr Ministerpräsident uns vorgelegt hat, Die Eingangsöffnung des Geschosses war in der
4044 2491 6869 2604 das Wort „Bedrängnis“ auffallend vor. Er behauptet, linken Seite hinten, die Ausgangsöffnung rechts vorne
4065 2558 6866 2681 dass die Gendarmerie in Bedrängnis gewesen wäre, unter dem Rippenbogen. Bei Marsan war die Ein¬
4051 2618 5228 2734 Ich will Ihnen diese Bedrängnis illustriren.
5467 2653 6859 2755 gangsöffnung rückwärts in der Lendengegend, die
4206 2723 6859 2804 Er sagte selbst, die Volksmasse war 500 Schritt Ausgangsöffnung oberhalb des Rabels. Bei Weinert
4069 2790 6859 2881 schon von der Fabrik zurückgedrängt worden, und die Junior war die Eingangsöffnung am rechten Knie an
4055 2871 6845 2941 Gendarmerie musste dann wegen des möglichen Ein= der Außenseite, die Ausgangsöffnung war in der
4055 2920 6845 3032 dringens der Menge von der anderen Seite wieder inneren Seitr. Bei der Kuntos ist obenfalls die Ein-
4051 3008 6866 3117 zurückgezogen werden. Das war eben der große gangsöffnung am linken Unterschenkel mehr innen
4062 3075 6746 3162 takkische Fehler, den der Commandant begangen hat, und die Ausgangsöffnung hinten seitwärts außen.
4051 3134 5439 3229 weil gerade nach dem Momente, in welchem das Volk
5608 3127 6841 3236 Bei Weinerts, der noch am Leben ist, war die
4055 3208 6834 3296 zurückgedrängt war oder sich zurükgezogen hatte, die Eingangsöffnung am rechten Unterschenkel wieder
4051 3285 6834 3373 Erscheinung aufgetreten ist, dass Steine geworfen rechts außen und die Ausgangsöffnung rückwärts in
4051 3352 6841 3451 wurden. Das Volk hat eben darin, dass die Gen= der Made. Bei der Hulková war ein quer von rechts
4055 3422 6838 3531 darmerie sich zurückzog, ein Zeichen der Schwäche nach links verlaufender Streisschufs an der vorderen
4062 3486 6279 3577 seitens der letzteren erblickt. Darum hat es Muth Seite des rechten Oberschenkels.
4041 3570 4937 3679 bekommen und Steine geworfen.
5601 3531 6827 3665 Also diese Verwundungen zeigen, dass obge¬
4181 3637 6820 3735 Es ist aber auch ein anderer Umstand, der ent- /nannte Personen nicht angriffsbereit vor der Gen
4051 3689 6827 3809 schieden dagegen spricht, daß die Gendarmerie in Be= / darmerie gestanden haben. Trozdem bin ich überzeugt,
5464 3777 6817 3869 dass die Untersuchung ergeben wird, dass die Gen
4044 3812 6824 3932 drängnis gewesen wäre. Ich habe aus authentischen darmerie richtig gehandelt hat, dass man sie wegen
4051 3872 6831 4027 Quellen gehört, dass die Gendarmerie 30 Schritte des vorzeitigen Schießens in Schutz nehmen wird
4027 3935 5411 4037 von dem Haufen entfernt war, und dass diese Mass
5457 3981 5640 4079 u. s. w.
4044 4023 5429 4108 ganz ruhig dort stand, mit Ausnahme der einzelnen
5576 4023 6824 4157 Ich bin auf Alles gefasst nach der heutigen
4037 4086 6817 4231 Steinwerfer, die, wie dies Seine Excellenz der Herr wunderbaren staatsanwaltschaftlichen Vertheidigung
4027 4157 5401 4238 Ministerpräsident selbst anführte, aus den seitwärt
5460 4199 6813 4297 Seiner Excellenz des Herrn Ministerpräsidenten.
4027 4231 6813 4368 der Straße liegenden Häusern die Steine warfen. Aber das kann ich mit Bestimmtheit behaupten, daß
4030 4304 6824 4434 Das war doch eine Entfernung, die jedenfalls noch diese seine Taktik, diejenigen zu schützen, die daran
4044 4368 5288 4491 keine Bedrängnis für die Gendarmerie bedeutet.
5453 4410 6813 4508 schuld sind, dass zu früh geschossen wurde, nicht
4164 4438 6817 4578 Aber ich habe noch ein drittes Moment, welches die gehofften guten Früchte tragen wird. Denn das
4030 4547 6803 4645 absolut dafür spricht, dass die Gendarmerie nicht in Volk bildet sich selbst seine Meinung über das Vor¬
4027 4617 6810 4726 Bedrängnis war, dass also keine Bestimmung des gehen der Behörde in Dörsel und weist jede andere
