3752 5656
185 182 691 251 cʼest lʼautre est de nouveau.
3083 262 3376 433 1 : = =
447 541 3062 642 1526 der Beilagen zu den stenogr. Protokollen des Abgeordnetenhauses. — XI. Session 1896.
1585 827 1948 939 Unterstützt.
985 1630 2538 1850 Dringlichkeits-Antrag
1065 2025 2465 2168 Abgeordneten Pernerstorfer.
391 2220 3170 2311 (Die Dringlichkeit dieses Antrages wurde in der Sitzung des Abgeordnetenhauses vom 27. Mai 1896 abgelehnt, demnach
936 2283 2608 2367 wird dieser Antrag nach §§. 18 und 20 der Geschäftsordnung behandelt.)
541 2660 1630 2821 Das Abagortzetenhaus wolle beschließen:
566 2723 3167 2852 „1o Die Regierung werde aufgefordert, über die am 21. d. M. in Dörfel bei Reichenberg stattgehabten
374 2845 3181 2926 Vorfälle, die leider abermals zu Blutvergießen geführt haben, dem Abgeordnetenhause ausführlichen und
388 2912 1156 3002 sofortigen Bericht zu erstatten
548 2982 3163 3062 2. Die Regierung werde aufgefordert, insbesondere über die in der Umgebung Reichenbergs in den
374 3051 3163 3132 letzten Tagen verfügte förmliche Aufhebung des Versammlungsrechtes, sowie über die parteiische Haltung der
374 3121 3163 3229 Regierungsorgane für die Unternehmer und ihre Interessen gegen die Bestrebungen der Arbeiterschaft und
374 3198 2343 3268 gegen deren legale Organisationsbestrebungen sofort Aufklärungen zu geben."
552 3257 3153 3341 In formaler Beziehung wird beantragt, diesen Antrag mit allen nach der Geschäftsordnung zulässigen
374 3327 1578 3418 Abkürzungen sofort in Behandlung zu nehmen.
1410 3453 2126 3568 Wien, am 27. Mai 1896.
2367 3592 2824 3725 Pernerstorfer.
1306 4692 2227 4807 Aus der k. k. Hof= und Staatsdruckerei.
140 5411 457 5513 p-
