7416 5704
629 458 3014 681 25104 Haus der Abgeordneten. — 502. Sitzung der XI. Session am 27. Mai 1896.
754 653 3402 828 Berichterstatter David Ritter v. Abrahamo-Öffentlichkeit sich dessen bewusst werde, dass in einer
636 744 3384 919 wiez: Ich muss mich gegen diese Resolution ent- gefütteten Gesellschaft der Respect vor dem mensa¬
650 803 3384 978 schieden aussprechen. Sie passt sich der bestehenden lichen Leben das wichtigste Princip des Zusammen
643 901 2689 1044 Gesetzgebung gar nicht an und ist nach meinem Er¬
2162 884 3398 1069 Wenn ich mich auf die Einzelheiten der Vor
632 1009 2005 1128 messen unzulässig. Ich muss deshalb das hohe-Haus
2050 999 3416 1146 gänge vom 21. d. M. einlassen wollte, so möchte ich
632 1076 1827 1229 bitten, die Resolution Scheicher abzulehnen.
2040 1086 3412 1212 zunächst dem hohen Hause zur Kenntnis bringen, dass
807 1149 3398 1327 Präsident: Ich ersuche diejenigen Herren, sich die Katastrophe auf jenem industriell hoch¬
646 1212 3412 1397 welche die vom Herrn Abgeordneten Dr. Scheicher entwickelten Gebiete zugetragen hat, welches sich durch
653 1296 3412 1456 beantragte Resolution annehmen wollen, sich zu er¬ eine ausgezeichnete Organisation der Unternehmerschaft
2043 1366 3409 1470 hervorthut. Es ist nothwendig, hier auch einmal
653 1425 1799 1565 heben. (Geschieht.) Dieselbe ist abgelehnt.
803 1435 3430 1596 Mit Rücksicht auf den Umstand, daß mir zwei das hervorzuheben, weil man gewöhnlich in diesem
650 1509 3409 1690 Dringlichkeitsanträge überreicht worden sind, werde hohen Hause nur von einer Organisation der Arbeiter
2064 1593 2661 1722 schaft zu sprechen pflegt
667 1624 1994 1739 ich nun die Verhandlung abbrechen. Diese Dring
2186 1624 3416 1746 Es handelt sich hier um das hochentwickelte,
660 1704 2005 1806 lichkeitsanträge sind bereits mitgetheilt worden, un
678 1704 3430 1875 ich ertheile dem Herrn Abgeordneten Dr. Kaizl das nordböhmische industrielle Gebiet, in welchem die
2061 1788 3426 1900 Unternehmerschaft eine altbewährte und stramme
660 1868 1893 2001 Wort zur Begründung der Dringlichkeit.
2064 1868 3430 1970 Organisation besitzt, wovon die Herren mitunter
810 1924 3440 2099 Abgeordneter Dr. Kaizl: Hohes Haus! Am Documente recht eigenthümlicher Art zur Kenntnis
660 2008 3444 2158 letzten Freitag gelangte zu uns die erschütternde Nach¬ erhalten: so zum Beispiel jene viel citirte Petition
678 2061 3433 2228 richt, dass in der nächsten Nachbarschaft der Stadt der nordböhmischen Industriellen — auch die Firma
674 2151 3437 2305 Reichenberg bei einem Zusammenstoße zwischen der Lederer und Wolf ist auf derselben unterzeichnet, jene,
671 2204 3440 2361 Gendarmerie und einer Ansammlung von Arbeitern um deren Arbeiterschaft es sich hier handelt — in
667 2281 3433 2434 von der Waffe Gebrauch gemacht worden ist, und daß welcher die allerstrengsten Maßnahmen zur Lösung
678 2361 3433 2511 drei Todte und drei Verwundete das Opfer dieses der socialen Frage, wie es dort heißt, verlangt
692 2424 3447 2577 Zusammenstoßes geworden sind. Ich glaube, es ist die werden, und in welcher auch verlangt wird, dass zum
674 2487 3444 2637 Verpflichtung jedes Abgeordneten, darnach zu streben, Beispiel die beiden Regierungsblätter von Prag, der
692 2570 3444 2717 dass ein derartiges Ereignis zum mindesten zum Gegen¬
692 2630 3440 2791 stande der öffentlichen Besprechung im Parlamente ge¬ Sinne einer sogenannten gerechten Lösung der
692 2710 3444 2860 macht wird. Denn, wenn es der Zweck des Staates Arbeiterfrage in den nordböhmischen Industriegebieten
695 2773 3458 2920 ist, zuförderst das geordnete Zusammenleben der thätig sein sollen. In diesem Gebiete besteht eine
692 2839 3458 2986 Menschen zu garantiren, so ist es jedenfalls eine Webefabrik, deren Inhaber die Herren Lederer und
692 2909 3461 3063 schreiende Anomalie, wenn zur Erreichung dieses Wolf sind, und aus Anlass der Feier des 1. Mai
692 2990 3461 3133 Zweckes, des geordneten Zusammenlebens der Staats= haben die Arbeiter in größerer Anzahl auch den Tag
692 3059 3444 3199 bürger, Leben von Staatsbürgern vernichtet und zum der Arbeiterschaft mitgeseiert, und wurden infolg
685 3140 3444 3272 Opfer gebracht werden müssen. (Sehr richtig!) Diese dessen, wie es die Verabredung der organisirten Unter
681 3189 3454 3346 Anomalie erfordert es, dass die Ursachen derselben im nehmer vorschreibt, auf zehn Tage von der Arbeit aus
702 3262 3465 3412 hohen Hause besprochen werden vor dem Form, geschlossen, das heißt etwa so viel: sie wurden einfach
695 3339 3479 3475 welches ja kraft der bestehenden Staatsgrundgesetze mit zehn Fasttagen bestraft. (Hört! Hört!) Nach den
702 3409 3465 3552 das berufene öffentliche Form ist für eine Darstellung zehn Tagen sollten die Arbeiter wieder aufgenommen
702 3475 3482 3615 und, wenn ich sagen darf, Rechtfertigung derartiger werden; die Firma benützte jedoch diesen Umstand, um
2089 3541 3475 3667 eine Reihe von Arbeitern und Arbeiterinnen, ich
705 3597 988 3720 Ereignisse
859 3625 3479 3754 Es ist eine öffentliche Discussion nothwendig, glaube es waren elf an der Zahl, überhaupt nicht
705 3688 3486 3835 selbst wenn der Zweck derselben nur der wäre, daß wieder in Arbeit aufzunehmen. (Hört! Hört!) In¬
709 3761 3468 3905 zunächst in den Organen, welche zur Aufrechthaltung folge dessen kam es zu einem Ausstande, welcher sich
709 3835 3486 3971 der öffentlichen Ordnung berufen sind, für alle künftigen seit dem 12. oder 13. Mai bis auf den heutigen Tag
726 3933 2354 4044 Fälle das Gefühl der strengsten Verantwortlichkeit fortzieht.
2249 3936 3475 4072 Nun möchte ich gleich hier eines hervorheben
709 4013 2078 4104 wachgerufen und wachgehalten wird, damit von dieser
726 4044 3492 4170 äußersten Mitteln nur auch im Falle der äußerten! das ist das Moment, welches, wie mir scheint, einem
726 4107 3486 4243 Nothwendigkeit Gebrauch gemacht wird, dass aber objectiven Beurtheiler — und ich bemühe mich und
712 4181 3489 4310 auch auf der anderen Seite in den Massen der Be¬ habe mich bemüht, in dieser Angelegenheit den objec¬
719 4243 3499 4380 völkerung die Erkenntnis zum Durchbruche gelange, tivsten Standpunkt einzunehmen — sehr leicht in die
733 4324 3510 4449 dass in einem geordneten Staatswesen selbst die Augen fällt, nämlich dass die Behörden in diesen
733 4383 3503 4540 gerechtesten Ansprüche nicht auf gewaltsamem Wege böhmischen Industriebezirken noch sehr weit davon
723 4467 3496 4596 und durch Widerstand gegen den vielleicht formal entfernt sind, die Arbeiterschaft so wie die Unter¬
733 4526 3517 4673 richtigen Vorgang der ausübenden Behörden geltend nehmerschaft als gleichberechtigte Compaciscenten
737 4589 3527 4778 gemacht werden können und dass schließlich die ganze anzusehen, daß vielmehr unter der Unternehmerschaft
6573 356 6807 485 25405
4376 374 6458 545 Haus der Abgeordneten. — 502. Sitzung der XI. Session am 27. Mai 1896.
4016 573 6803 719 immer noch die Ansicht vorwaltet, es sei die Unter- berechtigung der beiden Contrahenten beim Arbeits¬
4027 625 6814 793 nehmerschaft als eine Art von Gott eingesetzte Obrig- vertrag in die Gemüter der Beamten eingeprägt werde
4023 716 6810 873 keit zu betrachten, und dass leider auch bei der Behörde und sich darnach auch alle Handlungen und Schritte
4027 793 6548 936 noch sehr viel von dieser Auffassung des Verhältnisses der ausführenden Organe zu richten haben.
5585 842 6807 957 Ein anderes, was ich, um zunächst diese Dinge,
4030 887 5392 1002 zwischen Arbeiter und Unternehmer sich aufrech¬
4023 929 6803 1086 erhalten hat, was gerade bei den Verwaltungsbehörden zu besprechen — und sie verdienen besprochen zu
4037 999 6807 1118 vis-à-vis dem hier besprochenen Ausstande — wie ich werden, weil ja ein derartiges Borgehen immer ge-
4037 1055 6817 1208 meine — ziemlich schroff hervorgetreten ist. Die Be¬ eignet ist, zu erzielen, dass eine Misestimmung und
4034 1132 6803 1278 hörden thaten sehr viel, um die Bemühungen der Gährung der von einem derartigen Borgehen be-
4037 1212 6814 1345 Unternehmer dieser Fabrik, von der ich gesprochen troffenen Arbeiterschaft herbeigeführt wird — zu er¬
4030 1271 6814 1418 habe, welche dahin gingen, die ausständigen Arbeiter ledigen und hervorzuheben habe, ist, dass ziemlich
4044 1341 6807 1491 wieder zur Arbeit zurückzurufen, auf das kräftigste, lange Zeit während des Ausstandes irgend eine Ruhe
4048 1421 6803 1572 selbst durch Beistellung von Schutz durch Gendarmerie störung in dem bewussten, sehr dicht bevölkerten Be
4044 1488 6824 1628 zu unterstützen. Sobald die Agenten, die Werkführer, zirke nicht vorgekommen ist, trotzdem die Behörden
4044 1551 6821 1687 die Beamten der Firma zu den Arbeitern in ihre durch recht schroffe Versammlungsverbote eingegriffen
4051 1631 6821 1760 Wohnungen gingen, allwo sie dieselben durch ver¬ haben, durch Versammlungsverbote, welche derart
4069 1694 6835 1841 schiedene Pressionsmittel, unter anderem auch durch lauten und so motivirt sind, dass man sich wirklich an
4058 1757 6838 1917 Drohung, daß Verwandte des betreffenden Arbeiters den Kopf greifen und fragen muss: Leben wir denn
4062 1834 6835 1980 aus der Arbeit entlassen werden (Hört! Hört!) u. s. w., wirklich im Jahre 1896 oder leben wir in der Periode
4062 1924 5934 2043 dazu zu vermögen versuchten, wieder die Arbeit auf¬ 1849 bis 1860?
5605 1928 6831 2068 Hier ist ein Erlass der Bezirkshauptmannschaft
4072 2033 6845 2169 zunehmen, genossen sie einen sehr weitgehenden Schutz Reichenderg, welcher unter anderem zum Beispiel
4058 2078 5438 2190 der bewaffneten Macht der Verwaltungsorgane; sobal
4072 2144 6171 2274 jedoch irgend einer von den Arbeitern es sich bei- Folgendes enthält (liest):
5637 2137 6863 2284 „Nachdem aus diesem Grunde in den Gemeinden
4072 2218 5434 2312 kommen ließ, nicht durch Zwang, Terrorismus, Dro
4072 2242 6863 2417 hungen, sondern nur durch gütliches Zureden den Eichicht und Dörsel öffentliche Unruhe herrscht.
4072 2326 6863 2462 Arbeitern begreiflich zu machen, daß sie sich doch durch finde ich im Grunde der hohen Ministerialverordnung
4086 2389 6859 2539 Ehrenwort verpflichtet hatten, die Arbeit vor erfolgter vom 19. Jänner 1853 (Gelächter) Nr. 10, N. G.
4090 2462 6863 2609 Satisfaction nicht wieder aufzunehmen: sofort waren Bl. (Gelächter)“ — ich bitte sich das Datum zu
4090 2536 6863 2682 die Organe der Verwaltung mit den strengsten Maß= merken — „für die Zeit der Strikedauer bei der Firma
4086 2595 6877 2735 nahmen bei der Hand und es sitzt bis jetzt noch ein Lederer und Wolf alle nichtanzeigepflichtigen Ver¬
4086 2665 6873 2825 Arbeiter, namens Bergmann, im Gefängnis, welcher sammlungen der streikenden Arbeiter in den Gemein¬
4093 2717 6891 2885 einfach auf Denunciation zweier Arbeiterinnen bei der den Eichicht und Dörfel gänzlich zu untersagen.
4093 2797 6877 2969 Leitung der Fabrik in Haft genommen wurde — ich Dieses Verbot bezieht sich sowohl auf Privathäuser
4097 2874 6894 3035 glaube, das war schon am 17. oder 18. d. M. — und als auch hauptsächlich auf alle Gasthäuser und es
4097 2934 6877 3091 bisher in Haft behalten wird, ohne dass mit ihm ein werden die Hausbesitzer und die Wirte für die genau
4097 3004 6877 3175 Verhör abgehalten (Lebhafte Hörl! Hört!-Kose) oder Befolgung dieser Maßregel persönlich verantwortlich
5522 3091 6891 3192 gemacht. Unter einem finde ich aus Grund der hohen
4104 3126 5256 3245 überhaupt Zeugen vernommen worden sind.
4236 3147 6887 3314 Für diese Art von Parteinahme will ich Ministerialverordnung vom 3. April 1855 für alle
4104 3217 6887 3377 nicht den individuellen Beamten beschuldigen, denn Gasthäuser der Gemeinden Eichicht und Dörfel für
4121 3297 6901 3461 man thäte da Unrecht, es ist vielmehr die Folge des die Zeit des Stberkes bei der obgenannten Firma die
4104 3370 6905 3510 ganzen Systemes und ich meine hier, meine Herren, Polizeistunde bis 8 Uhr abends anzuordnen, bis zu
4107 3423 6908 3573 nicht so sehr wieder des concreten jetzigen Regierungs= welcher Zeit alle Gast= und Schanklocalitäten täglich
4121 3520 6426 3657 systemes, sondern der ganzen Art der Auffassung in geschlossen werden müssen“ u. s. f.
5679 3524 6898 3671 Weiter wird angeordnet, „dass in den Gemein
4121 3625 5501 3737 unseren herrschenden Gesellschaftsclassen, welche noch
4121 3636 6905 3793 immer der Ansicht sind, daß geradeso wie die Dienst= den Eichicht und Dörfel während der Dauer der
4139 3720 6912 3880 boten unter die speciellen Gesindeordnungen gestellt Striks bei der mehrgenannten Firma jedermann von
4114 3796 6905 3940 werden müssen, auch die Arbeiter denn doch nicht ganz 8 Uhr abends an über die ganze Nacht sich und sein
4132 3856 6912 4006 unter das gemeine Recht zu stellen sind, wovon jener Hausgenossenschaft zuhause zu halten habe, widrigen¬
4146 3919 6922 4086 Parograph der Gewerbeordnung ein beredtes Zeugnis falls gegen die Zuwiderhandelnden nach dem §. 82,
4132 4020 6475 4160 gibt, welche contractbrüchige Arbeitgeber zwar dem St. G. vorgegangen werden würde.
5686 4006 6926 4153 Sie sehen also, hier wird mit einem Federstrich
4132 4118 5515 4222 eivilrechtlichen Wege überweist, dagegen contract
4139 4142 6919 4292 brüchige Arbeiter der Pein, das heißt der strafrecht¬ ein weitesigehender Ausnahmszustand, daß heiht eine
5560 4201 6912 4352 Suspension einer großen Reihe der staatsbürger
4149 4250 5326 4397 lichen Execution anheimstellt. (Sehr richtig!)
4292 4292 6304 4428 Aber es sollte gerade die Aufgabe der modernen lichen Freiheiten angeordnet.
5700 4327 6943 4453 Ich habe mir nun die Mühe genommen, den
4156 4390 5518 4516 Erziehung der Juristen und Beamten und einer fort
4146 4411 6926 4579 geschrittenen Auffassung der ganzen Verwaltungs= angezogenen Ministerialerlass vom Jahre 1853
4132 4481 6936 4666 thätigkeit sein, daß das Bewusstsein der vollen Gleich= herauszusuchen. Und was glauben Sie, habe ich
