6104 8456
1016 171 1282 295 Trackerei.
4400 195 4630 325 Posty
567 224 1022 360 ratring, Fichtegatte Nr.
4199 224 4418 366 K. 28, vier
4394 284 4648 402 1.8.64.
1004 272 1282 408 kommen uud
4264 372 4719 496 Abonnement für
4707 201 5138 496 Aus Ausland:
2362 278 3048 496 Neue
478 337 732 567 Monsieur le Comte
4654 532 4784 768 Bäivä aikaisemis.
4193 467 4719 697 Le Comte de l'œuvre.
455 437 650 656 24/4
1063 602 1211 815 Aufgenommen
685 537 951 827 Votre très bien
561 662 715 862 maan läänistä.
4258 532 4571 774 Monsieur Même
4164 673 4365 910 maassa keskinkerta
4454 731 4849 1147 décembre, sont aussi avec
3107 638 3437 880 9
4837 786 4991 992 läänistä, että tämän ai-
4365 756 4660 933 und Mailand,
626 750 886 921 in London
1069 803 1270 939 treter
4323 904 4447 1134 N. 3/3 4/2
4902 856 5186 1075 Ce nouvelle
1754 898 4099 1063 Teto Tresse.
1412 951 1577 1063 Ew.
1016 951 1299 1128 K. K. 48.50.
608 963 892 1116 jähr. K. 12.60
752 1071 907 1241 Monsieur
4985 1134 5109 1311 Päivä
998 1069 1282 1288 Récembre.
4223 1116 4873 1329 Bezahiten Betrage leisten wir
4814 1075 5085 1341 N.Y.S. Conseil
691 1228 986 1329 Abendblatt
957 1175 1288 1341 je la je 15 Pi.
502 1187 721 1288 hland
2410 1093 3107 1317 Morgenblatt.
514 1376 1110 1512 c. 16415
2085 1305 3455 1506 Wien, Donnerstag, den 5. Mai
4701 1388 5127 1512 1910.
514 1494 3556 1666 es Feiertages wegen erscheint die nächste, rumänischen Passagierdampfer Anschluß hat und der uns
3603 1577 5203 1660 schreibung kam uns die Einladung zu, sowohl beim
514 1636 3550 1731 ummer der „Neuen Freien Presse“ Freitag nach Bukarest führen soll. Die Pobendscha mit ihren
3585 1648 5203 1731 König wie bei der Königin in Audienz zu erscheinen. Die
1961 1713 5186 1825 malerischen Weiden, das Hirtenlaid, wird im Dunkel bis dahin verfließende Zeit benützten wir, uns ein wenig
1961 1778 5192 1860 durchfahren, und die Nacht bringt uns auch um den bei den Diplomaten und den politischen Koryphäen umzu
1973 1855 5203 1931 Genuß, die gewaltige Donaubrückt eines der größten sehen. Einige schöne Stunden werden bei dem deutschen
514 1725 1807 1984 ne Audienz bei König Carol von
1967 1914 5209 2002 technischen Bauwerke der Gegenwart, zu bewundern. Bei Gesandten Herrn v. Kiderlen=Wächter hingebracht. Das ist
915 1925 1323 2044 Rumänien.
3585 1973 5203 2055 ein Charakterkopf, ein scharser Beobachter, ei genauer
1961 1984 3538 2067 Morgengrauen erwachen wir und freuen uns, die auf
1223 2014 1884 2109 Bukarest, Ende April.
3597 2038 5198 2120 Kenner des Landes, in dem er seit nun einem Jahrzehn
1979 2049 3538 2132 gehende Sonne über einer wunderbar fruchtbaren Ebene
514 2085 1914 2185 Constantza betraten wir zum erstenmal rumänischen
3585 2103 5215 2179 wirkt. Dieser Schwabe erhebt sich hoch über das Niveau
1967 2132 3544 2227 die es mit unserer österreichischen Hanna aufnehmen
514 2174 1908 2268 Die Jacht „Rovenska“ hatte uns von Konstan
3585 2185 5203 2274 der diplomatischen Alltäglichkeit — er kennt mehr, viel
1961 2191 3538 2274 kann, leuchten zu sehen. Wogende Saaten — gelb
514 2238 1908 2333 durch das Schwarze Meer getragen. Helle
3585 2244 5203 2327 mehr als die Fassade von Rumänien. Einen Abend
1961 2244 3538 2333 Rapsfelder, die wie Gold in der Sonne glänzen. Und e
520 2303 1931 2380 chein lag über der sich vor uns ausbreitenden
3603 2309 5198 2386 bringen wir mit dem englischen Gesandten Mr.
1979 2321 3538 2410 fehlt der gesegneten Landschaft nicht an Figuren, di
3603 2368 5209 2451 W. Conyngham Greene zu, der seinen englischen Lands¬
520 2380 1908 2457 hen Küste, die uns von der Schule her als eine
1973 2404 3544 2487 sie beleben. Ochsengespanne, die den Pflug ziehen
520 2433 1920 2522 irtlichsten Gestade bekannt ist. In der Nähe von
1979 2451 5215 2546 Bauern und Hirten in Lammsellmützen, ab und zu ein | mann Sir Max Waechter im Jockeyklub fetiert. Mr.
3597 2510 5215 2587 Conyngham ist ein feiner Diplomat, der manches vor¬
502 2498 1931 2587 za liegt nämlich das alte Tomi, und von diesem
1979 2522 3550 2652 Zigeuner. Bis nahe an die Tor der Hauptstadt reich
3609 2581 5215 2670 züglich zu erzählen weiß; er war der letzte Geschäfts¬
508 2581 1920 2664 Verbannungsorte am Pontus Euxinus aus hat
1967 2605 2729 2699 die Kornkammer Europas.
526 2646 1920 2723 Ovidius Naso seine römischen Zeitgenossen und
3597 2652 5008 2740 träger Englands bei der südafrikanischen Republik
2097 2622 3550 2776 Auf dem langen Weg vom Bahnhof in unser
514 2729 3556 2811 päischen Kulturnachfahren bis zum heutigen Tage Hotel sehen wir, daß Bukamst heute in Festes¬
3703 2711 5203 2823 Ein anderer Abend wird beim ehemaligen Finanz¬
514 2782 1914 2859 zt. Kindheitserinnerungen — ein düsteres reiz
3597 2782 5215 2876 minister Taxe Jonescu in seinem schönen großen Hause
1973 2794 3561 2888 stimmung ist. Flaggen wehen allerwärts von den
514 2847 1925 2930 hulgebäude, ehemaliges Jesuitenkollegium, und
3621 2853 5209 2947 zugebracht. Jonescu ist der gewandteste Mann
1979 2876 3550 2953 Häusern. Es ist Königs Geburtstag. König Carol I
502 2918 1925 3000 Schulfuchs, der uns die „Tristia" und die
1973 2924 5221 3018 wird heute 71 Jahre alt. Die Stadt, an sich ungeheuer Rumäniens und in allen Sätteln gerecht. Er ist auch
520 2989 1931 3065 ae ex Ponto“ tradierte, stiegen vor mir auf, als
1973 3006 5227 3089 lebhaft, gewinnt noch durch das festliche Treiben. Auf allgegenwärtig. Der erste und meistbeschäftigte Advokat
520 3042 1920 3160 onstantza das Denkmal des in die Toga gehüllten
1973 3071 5227 3166 den ersten Blick macht Bukarest den Eindruck, eine von Vukarest, spielt er auch eine Hauptrolle in der
514 3118 1914 3195 erblickte. Aber Constantza ist heute ein freund
3615 3118 5233 3207 Kammer. Dabei ist der sehr liebenswürdige Mann kein
1973 3148 3561 3231 große, aber nur halbfertige Stadt zu sein. Sie dehnt sich
514 3178 1925 3284 ###t und steht da wie eine einladende Pforte zum
3621 3189 5221 3272 Spielverderber. Einmal lud ihn Herr v. Kiderlen, zum
1979 3201 3567 3290 weithin, und überall sieht man zwischen den Häusern
526 3260 1925 3331 Unsere Jacht ist dicht am Kai verankert, und
3609 3254 5227 3349 Diner — nach Konstantinopel. Herr v. Kiderlen leitete
1973 3284 3561 3361 grüne Flächen. Die Viertelmillion Einwohner hat sich
502 3319 1925 3426 andern das Moderne der Einrichtungen des
1973 3337 5215 3420 hier bequem ausgebreitet. Die Häuser sind meist ein¬ nämlich damals in Abwesenheit des Baron Marschall
520 3396 1931 3479 mit seinen großen Bassins und den neuesten
1984 3402 5215 3514 stöckig, oft bestehen sie nur aus einem Erdgeschoß, und durch mehrere Monate die Botschaft in Konstantinopel.
520 3455 1920 3561 richtungen und Wellenbrechern. Constantza ist ein
3615 3473 5221 3561 Jonescu setzte sich in den Orientexpreßzug und schiffte
1984 3479 3556 3573 sogar Paläste und Ministerien gibt es, die nicht über ei
514 3514 1925 3603 des Handelsemporium und gleichzeitig ein
3621 3544 5227 3644 sich in Constantza ein, speiste in der Sommerresidenz der
1973 3550 3561 3656 Erdgeschoß hinausreichen. Da wir von Konstantinope
502 3579 1920 3668 S Seebad mit neuem schönen Kasino geworden
1979 3615 5221 3686 kommen, so bleiben unsere Ansprüche an morgen¬ deutschen Botschaft in Therapia am Bosporus, ver¬
508 3668 1931 3750 esterreicher kommen im Sommer zahlreich hieher.
3609 3674 5227 3768 plauderte mit Herrn v. Kiderlen einige Stunden, rieb sich
1973 3680 3449 3756 ländischen Zauber, an die Romantik des Verfalls,
508 3733 1925 3845 ere Landsleute in der Bukowina ist es das
3621 3739 5221 3821 den Schlaf aus den Augen und fuhr nach Bukarest
1973 3745 3567 3863 das Reizvolle des Beschaulichen unbefriedigt. Hier ist ein
496 3792 1920 3880 creichbare Seebad. Wenn Ovid heute hieher ver¬
1979 3815 3449 3898 starkes Aufstreben ohne Märcher###st ahrnehmbar,
3851 3810 4081 3886 was un
4465 3810 4749 3910 eije von
4146 3804 4347 3904 fähr ein.
5038 3815 5221 3886 unden
3650 3810 4087 3951 ist. Bei Take
4140 3810 4347 3934 G.C.H.F.S.
4465 3863 4743 3939 wie seine
490 3857 1920 3945 würde, er könnte gar nicht mehr so sehr über Ein
1961 3851 3585 3957 ändern### Leben mit den Anjängen ###
3621 3857 5180 4004 Toma, einen berühmten Operateur, der vor einiger
5416 3863 5587 4034 G.F.P.
567 3922 1931 4010 und Wildnis jammern, und wenn er seine Jutta
1973 3928 3567 4040 des damit werdenden neuen Reichtums, mit Genußsuch
3626 3975 5245 4081 ein Mittel gefunden hat, um durch eine Infektion in die
1713 3975 1925 4075 hatte,
1973 3999 3237 4087 und Luxns, die zur Schau getragen werden.
951 3993 1931 4152 auch Trost finden. Wenigstens zeigt
3621 4052 5268 4158 Wirbelsäule die schwersten Operationen bei völligem
2091 4064 3579 4158 Macht die Stadt den Eindruck eines nach dem Süd
508 4081 1931 4217 ###s, am Strande dahinwandelnd, eine dichtende
3632 4117 5251 4211 Bewußtsein der Patenten schmerzlos vorzunehmen. In
1973 4105 3591 4223 osten Europas verschlagenen kunstärmeren und verdünnten
549 4188 1931 4270 des alten Römers, die hier einen Frühling ver¬
3626 4182 5245 4276 der Oper, in der wir den Abend als Gäste Taxe
1984 4217 3585 4294 München, so erinnern die eleganten Damen an das
526 4235 1937 4341 Wenn man die in feine Schleier gehüllte Si¬
1984 4258 5239 4388 raffinierte luxuriöse Paris, von dem sie ihre Toiletten Ionescus zubrachten, hatten wir den Eindruck, in Italien
508 4300 1925 4400 äher betrachtet, so sagt man sich: Auch di
3638 4317 5239 4406 zu sein. Die gleiche Lebhaftigkeit des Applauses, mit dem
1984 4347 2250 4465 beziehen.
526 4388 1937 4465 Kaisertochter Julia, in welcher der alternde Poel
2091 4388 5245 4483 Einer unserer ersten Besuche galt dem königlichen  die in einem guten Teil Europas vielgefeixte Primadonna
520 4442 1943 4554 e entbrannt war, kann nicht viel schöner gewesen
1984 4453 5257 4560 Pahis. Dort gab ich zwei von hervorragender rumänischer [Harielée Darclée, eine Rumänin von Geburt, überschüttet
514 4524 1937 4607 diese Prinzessin Bibesco, die hier einsam spazier
3632 4524 5251 4630 wurde. In der Loge der stattlichen Frau Dissescu,
1984 4548 3579 4625 Seite herrührende Einführungsschreiben ab, das eine fü
1984 4583 5245 4690 den Generaladjutanten des Königs, das andere für eine der Gemahlin des einstigen Ministers, sehen wir
514 4589 1925 4660 in Zwiegesprächen mit den heute sanft rauschenden
3632 4660 5251 4743 eine orientalische Schönheit auftauchen — eine
520 4654 1937 4760 ht selten zornig stürmenden Wogen des Schwarzen
1984 4672 3585 4755 der Palastdamen der Königin. Aus Anlaß des Geburts
3632 4701 5257 4814 von magischem Zauber umflossene, blasse. Salambo¬
526 4719 1677 4843 Inspiritäionen für ihre Dichtungen holt.
1990 4749 3585 4820 tages des Königs dränaten sich die Spitzen der Bukaresten
3632 4796 5251 4879 Gestalt, und als Heldin des Goncourtschen
1990 4814 3585 4896 Gesellschaft heran, um sich in den Gratulationsbogen ein
1990 4861 5245 4961 zuschreiben. Wir besorgten, in dem Meer von Namen un¬ Romans ist sie auch bei einem Maskenball aufgetreten.
508 4831 1937 4979 ### besteigen in später Stunde den Orient=Expreß=
502 4938 5251 5050 a an den aus Konsiantinopel kommenden großen I beachtet zu bleiben. Doch schon am Tag nach unserer Ein¬ [Doch von dieser in die Farben des Orientes getauchten
3638 5068 5262 5156 die Fassade des polnischen Schauspiels zusammensetzt.
845 4825 1429 5198 Wir veröffentlichen
3644 5138 5262 5227 Elfen und Feen huschen aus dem deutschen Märchenwald
2510 5109 3107 5268 Feuilleton.
3638 5203 5268 5310 ins polnische Drama hinüber. Verwunschene Bäume
496 5174 1860 5310 läßlich der bevorstehenden Eröffnung
3662 5280 5268 5357 wachsen aus dem Boden. Waldschräte schlagen ihre
2380 5245 3231 5375 Das polnische Gastspiel.
3662 5345 5268 5440 Pürzelbäume. Und Faustens heroischer Grübelgeist beun¬
2114 5322 3615 5434 Es ist sehr amüsant, diesem Gastspiel zu folgen.
1996 5392 5268 5499 Man wohnt da im Theater wie in einer fremden Stadt. ruhigt die Gemüter. Am meisten freilich macht sich der
490 5339 1825 5587 Jagd=Ausstellung
3662 5475 5268 5564 französische Einfluß merkbar. Auch dies scheint historisch
2002 5499 3609 5570 Die Garderobe ist eine Art Zollschranke. Die Mutter
3668 5546 5262 5670 begründet. Von französischen Waffen erwarteten die Polen
2008 5564 3626 5640 sprache wird zugleich mit Schirmen und Stöcken in Ver¬
750 5546 1512 5688 auf Seite 31 bis 33 eine
2008 5599 5268 5705 wahrung gegeben. Sobald man den Saal betritt, hat ihre Befreiung. Graf Fredro selbst, dessen klassische
3668 5682 5268 5770 Komödie wir zu sehen bekommen, fand als französischen
2008 5694 3626 5776 man das Gefühl, als ob man sich nun mit niemandem
502 5617 1937 5853 age der „Neuen Freien Presse“
3668 5747 5286 5841 Meldereiter im Galopp seines Pferdes den fliegenden
2008 5764 3626 5841 mehr verständigen könnte. Zuerst fühlt man sich verein-
2026 5818 5274 5948 samt, sucht unwillkürlich nach einem Bekannten. Unge¬ Rhychmus seiner ersten Verfe. Die Polen sind dem
762 5812 1536 5977 zur vorliegenden Nummer.
2008 5877 5268 5971 wohnte Laute klingen ans Ohr. Hier und dort, inmitten  großen Kaiser auf alle Schlachtfelder Europas gefolgt
2008 5954 5280 6042 des vornehmen, festlich geschmückten Publikums, sitzen Doch der Kaiser hat sie betrogen. Die französischen Waffen
520 5930 1524 6089 ese Beilage hat folgenden Inhalt:
2008 6018 5286 6119 Väuerinnen in ihrer bunten Nationaltracht, steif und brachten nicht die Erlösung; aber die französische Sprache
3674 6083 5298 6184 brachte sie. Sie gab den Polen die Leichtigkeit, die allen
526 6072 3621 6213 Zur Eröffnung der Internationalen gravitätisch. Man nimmt auf seinem Fauteuil Platz wie
2020 6154 5292 6249 in einem Eisenbahncoupé und man erwartet das Heben anderen slavischen Völkern versagt ist. Die Menschen
2014 6213 5286 6314 des Vorhangs, wie man die Abfahrt eines Zuges er¬ lernten inmitten tragischer Schicksale das Lachen, das
549 6184 1949 6320 = Ausstellung." Von Sektionsche
2008 6284 5292 6432 wartet. Dieses Gastspiel ist eine Reise. Man kennt die polnische Trama streiste die düsteren Schleier vom Antlitz
561 6284 921 6432 ### Dimitz.
2014 6361 4442 6491 Stücke nicht, die aufgeführt werden, man hat die Namen und wurde zum Lustspiel.
543 6402 1961 6556 rientierungsplan der Jagd - Aus-
3786 6379 5280 6526 Wenn man die polnischen Akteure auf der Bühn
2020 6444 3615 6526 der Dichter kaum gehört und die Schauspieler sind einen
3680 6503 5304 6597 reden hört, merkt man gleich, daß ihre Sprache zum
2020 6520 3632 6603 fremd. Man könnte glauben, daß alles erst vor unseren
2026 6568 5286 6662 Augen entstünde. Es ist eine Act „voyage à l’euvers“, i Frolssinn geschaffen ist. Es fehlt ihr das finstere Klirren
3680 6633 5298 6733 hartgehämmerter Laute. Die Konsonten zerfließen auf
561 6597 3626 6739 läuterungen zu diesem Orien= wie man's sonst im Kinematographentheater zu sehen
2008 6710 5280 6839 bekommt. Man wird besucht, statt selbst zu besuchen. Man der Zunge wie Bonbons, sie unterscheiden sich kaum von
2008 6769 5298 6863 bleibt ruhig sitzen, während die Bilder flimmernd vor¬ den Vokalen. Jeder Dialog scheint ein Stoßrechten mit
555 6733 933 6893 gsplane.
3686 6834 5310 6946 mastierten Klingen, scheint ein Spiel. Das Polnische ist
2008 6863 3632 6952 überziehen. Da wachsen einem Siebenmeilenstiefel. Es lock
2008 6910 5292 7046 ein Ausflug in die Ferne. In wenigen Stunden reist eine Sprache in Moll. Sie eignet sich am besten für die
555 6910 1973 7070 ner enthält die vorliegende Nummer auf Seite 31
3680 6975 5298 7070 Frauen, und wer ihre Worte nicht versteht, könnte
2008 6987 2711 7093 man durch ganz Polen.
3691 7046 5292 7141 immer meinen, es sei von der Liebe die Rede. Bevor
2132 7023 3638 7176 Eigentlich hatte man sich diese Fahrt ganz anders
2014 7111 5286 7223 vorgestellt; abenteuerlicher und romantischer. Man dachte der Müllersknecht Jasiek seinen Herrn erschlägt, läßt sich
573 7111 1813 7271 leter Sturmbuschs Reise.
2008 7182 5316 7271 an das russische Schauspiel, dessen schwermütige Tragik die Tochter des Wojwoden, wie eine Schäferin von
2008 7253 5286 7341 die Kehle zusammenschnürt. Man war nicht darauf ge¬
608 7229 1736 7389 Rovelle von Gisela Freiin v. Berger.
3686 7324 5310 7412 plaudert mit dem dummen Matthias und befiehlt ihm, ein
2020 7336 3638 7412 faßt, so eukropäisch zu reisen. Die polnischen Komödien
2020 7389 5292 7477 in denen wir einkehrten, glichen großen Hotels, deren Stücklein auf seiner Flöte vorzuspielen. Das Polnische des
591 7353 1063 7513 n auf Seite 36
2020 7436 5304 7560 Küche allen Gaumen gerecht wird. Der Woiwode im Theaters ist eine verbindliche, höfliche Sprache. Noch die
591 7466 1979 7619 2. Fortsetzung von „Hiddensee“. Novell=
3703 7519 5310 7613 Grausamkeit kleidet sich in korrekte Formen. Wie die
2014 7536 3638 7625 „Verzauberten Kreis“ Lucian Rydels, liebt es, seine Red¬
3697 7584 5292 7702 schöne Müllerin den verbuhlten Knecht Jasiek anstiftet
2020 7607 3650 7708 mit lateinischen Wendungen zu schmücken. Die moralische
597 7578 1258 7731 Wolf Wilbrandt.
3691 7654 5310 7767 er solle ihren Gatten töten, fließen ihr die Worte adrett
2020 7678 3644 7749 Frau Dulska mengt deutsche Worte ins Gespräch, und
3697 7714 5316 7820 und wohlgeordnet über die Lippen. Sie reicht ihm die
597 7690 1217 7849 jetzlich auf Seite 27
2032 7737 3650 7814 ihre nichtsnutzige Nichte parliert Französisch. Man weiß es
3697 7790 5316 7897 Hacke mit einer graziösen Bewegung, als wär's ein
2032 7808 3650 7891 ja: die Polen erlernen gar leicht fremde Sprachen. Sie
591 7796 1979 7944 77. Fortsetzung des Romans „Die Masken“
3703 7873 5280 7956 Spazierstock, den sie ihm zum Namenstag schenkt...
2038 7873 3644 7956 schmiegen sich ihnen an, umfassen sie, halten sie fest. Und
632 7926 5298 8027 Reiners" von Jakob Wassermann. jede Sprache bringt ihnen Baufseine mit, aus densen sich und selbst die Hölle hat etwas Liebenswürdiges
