7304 5672
4098 523 6754 759 926 der Beilagen zu den stenogr. Protokollen des Abgeordnetenhauses. — XI. Session 1894. 1
5196 682 5587 914 Unterstützt.
5043 1538 5722 1801 Antrag
4680 1974 6079 2151 Abgeordneten Pernerstorfer.
4150 2352 4946 2601 Ich stelle folgenden Antrag:
4177 2508 6789 2650 „Der Budgetausschuss wird beauftragt, noch in dieser Session dem Hause Vorschläge, betreffend die
4011 2629 6796 2723 Unterstützung der Hinterbliebenen der am 3. Mai in Falkenau an der Eger, und am 9. Mai im Polnisch¬
3994 2712 4995 2854 Ostrau getödteten Arbeiter vorzulegen.
4150 2778 4790 3017 Wien, 18. Mai 1894.
5965 2871 6470 3114 Pernerstorfer.
4919 4631 5875 4849 Aus der k. k. Hof= und Staatsdruckerei.
