7304 5464
2328 301 2513 451 ....
811 440 2908 538 Haus der Abgeordneten. — 293. Sitzung der XI. Session am 18. Mai 1894.
468 454 689 549 14190
1863 591 3222 699 kurz fassen, und kann das umso leichter thun, als ja
619 647 1772 741 übersteigen. Der Beginn der Schicht wird bei
1856 692 3215 772 zwei dieser Anträge beinahe formeller Natur sind, der
601 723 1772 800 den unter Tag beschäftigten Personen nach
1856 751 3222 832 dritte größere Antrag aber einen Gegenstand behandelt,
601 800 1775 905 der Zeit der Einfahrt, ihre Beendigung nach
1856 832 3215 909 der die Aufmerksamkeit der gesammten civilisirten
612 870 1506 940 der vollendeten Ausfahrt berechnet.
1863 888 3226 968 Welt schon seit lange in Anspruch nimmt und von
1863 965 3236 1042 dem ich billig voraussetzen darf, dass jeder der geehrten
685 972 1761 1035 Ausnahmen hievon kann der Ackerbau¬
1873 1024 3215 1115 Herren Abgeordneten mit dem Gegenstande selbst sich
612 1042 1765 1122 minister für hochgelegene Bergbaue mit der
619 1104 1768 1185 Maßgabe bewilligen, dass die Zahl von 48
1856 1094 3215 1188 schon längst beschäftigt hat. Ich habe drei Anträge
1863 1174 3222 1258 gestellt und will zuerst über den dritten, dann übert
626 1178 1782 1255 wirklichen Arbeitsstunden in der Woche nicht
626 1244 1276 1325 überschritten werden darf.
1866 1248 3226 1321 den zweiten und dann über den ersten sprechen. Der
1866 1304 3226 1388 dritte Antrag spricht eigentlich für sich selbst und es
685 1346 1775 1419 Der Gewerbeausschuss wird beauftragt,
1866 1381 3219 1464 ist weiter nichts zu seiner Begründung hinzuzufügen.
619 1408 1768 1482 diesen Antrag sofort in Berathung zu ziehen,
1873 1447 3226 1538 Ich wünsche, dass der Budgetausschuss beauftragt
612 1482 1782 1566 und dem Hause ehestens über das Ergebnis
1856 1524 3222 1597 werde, dem Hause Vorschläge zu erstatten bezüglich der
612 1541 1772 1632 seiner bezüglichen Berathungen Bericht zu er¬
1856 1587 3226 1660 Unterstützung der Hinterbliebenen der in Falkenau
612 1629 804 1709 statten.
1856 1653 3226 1734 und Ostrau Getödteten. Es scheint mir so sehr auf
671 1716 1768 1796 2. Der Gewerbeausschuß wird beauftragt,
1863 1730 3222 1810 der Hand zu liegen, dass diese Forderung eine billige
608 1786 1775 1859 sofort eine Enquête über die Verhältnisse bei
1873 1796 3226 1884 ist, daß ich kaum glauben kann, dass das Haus sich
612 1859 1765 1929 den sogenannten Werksconsumvereinen zu ver¬
1863 1863 3233 1950 einem solchen Antrage verschließen werde. Es ist eine
594 1929 1761 2003 anstalten und ehestens dem Hause einen Gesetz¬
1873 1943 3226 2017 Sache der Menschlichkeit, dass den unschuldigen
608 1992 1772 2080 vorschlag zu unterbreiten, der nöthigenfalls
1863 1999 3208 2087 Opfern — und Sie haben es hier im Hause selbst
601 2062 1775 2135 das Verbot dieser Werksconsumvereine
1870 2073 3222 2156 betont, dass diese dabei Getödteten und umsomehr
601 2128 895 2226 ausspricht.
1873 2156 3226 2233 ihre Verwandten völlig unschuldig sind — einiger¬
1866 2230 3226 2300 maßen Hilfe gewährt werde in der bedrängten Lage,
671 2223 1768 2317 3. Der Budgetausschuss wird beauftragt,
1866 2293 2597 2373 in der sie sich heute befinden.
608 2310 1775 2387 noch in dieser Session dem Hause Vorschläge,
2006 2359 3233 2436 Was den zweiten Antrag anbelangt, so ist er ja
601 2380 1751 2460 betreffend die Unterstützung der Hinter
1856 2419 3233 2509 nur ein Antrag auf Einsetzung einer Enquête; ich
612 2443 1765 2516 bliebenen der am 3. Mai in Falkenau an der
1866 2509 3226 2583 wünsche, dass der Gewerbeausschuss sich mit der Frage
619 2509 1751 2586 Eger und am 9. Mai in Polnisch=Ostrau ge
1863 2576 3222 2646 der Werksconsumvereine beschäftige. Diese Werks¬
612 2579 1353 2656 tödteten Arbeiter vorzulegen.
1866 2642 3226 2712 consumvereine sind eine ganz specielle Abart der Con¬
692 2670 1775 2758 In formeller Beziehung wird in Bezug auf
1866 2702 3226 2789 sumvereine, und wir haben auch im vorigen Jahre
619 2754 1775 2824 alle drei Anträge beantragt, sie mit allen
1866 2772 3229 2852 bei der Gewerbeenquète einige sonderbare Beispiele
619 2820 1772 2908 geschäftsordnungsmäßig zulässigen Abkürzun¬
1873 2848 3233 2932 gehört bezüglich der Wirksamkeit dieser Werksconsum¬
612 2890 1765 2971 gen (§. 42 der Geschäftsordnung) in Ver¬
1866 2925 3243 2999 vereine, und wenn Sie gütigst sich die große Enquête
612 2960 1174 3048 handlung zu nehmen.
1866 2985 3226 3062 ausschlagen wollen, so werden Sie auf Seite 411 ein
1866 3055 3233 3135 neues und sonderbares Beispiel einer Form des
678 3051 1408 3132 Wien, am 18. Mai 1894.
1873 3121 3222 3205 Trucks finden, wie sie eben durch solche Werks¬
912 3159 1401 3257 Pernerstorfer."
1856 3191 3233 3278 consumvereine oder ähnliche Institutionen ausgeübt
608 3299 1831 3401 Präsident: Ich bitte die Plätze einzunehmen
2024 3334 3250 3415 Aber nicht allein Truck wird ausgeübt in diesen
465 3404 3250 3474 weil der Antrag nicht geschäftsordnungsmäßig unter Institutionen, sondern es soll bisweilen vorkommen
489 3471 696 3558 stützt ist
1985 3478 3233 3558 ich habe Mittheilungen darüber gehört, deren
626 3547 3236 3652 Ich ersuche diejenigen Herren, welche den ebenl Richtigkeit ich ja nicht verbürgen kann, darum will ich
468 3610 3247 3701 verlesenen Dringlichkeitsantrag unterstützen, sich er¬ eben die Enquète - daß diese Institutionen geradezu
468 3698 3243 3775 heben. (Geschieht.) Der Antrag ist hinreichend unt er= / auch zum Bewuchern benützt werden, dass Leute, die
475 3768 3233 3855 stützt, und es erhält der Antragsteller Herr Abgeord nicht im Besitze von Bargeld sind, zu diesen Vereinen
475 3834 3222 3925 neter Pernerstorfer das Wort zur Begründung der hingehen, Waren kaufen, wie es sogar vorge¬
482 3907 3233 3988 Dringlichkeit; ich ersuche denselben aber, sich auch als kommen sein soll, dass diese Waren sofort wieder von
489 3970 3247 4068 Antragsteller auf die Dringlichkeitsfrage zu beschränken, den Vereinen gegen den halben oder einen noch
1866 4033 2876 4117 niedrigeren Preis zurückgekauft werden.
1999 4110 3236 4191 Wenn wirklich solche Verhältnisse existiren sollten,
608 4117 1828 4218 Abgeordneter Pernerstorfer: Meine Herren
489 4191 3240 4278 Es ist nicht meine Absicht, die Verhandlungen des wäre es hoch an der Zeit, diese Missstände abzustellen
475 4264 3222 4344 Hauses durch meinen Antrag etwa stören oder längere und es würde eine, wie ich glaube, nicht sehr umfang¬
475 4330 3233 4421 Zeit aufhalten zu wollen. Ich weiß, Sie eilen sehr reiche Arbeit des Gewerbeausschusses sein, sich aus
465 4386 3226 4474 deni Schlusse zu, und ich will Sie in dieser Eilfertig= einigen Gebieten Leute, die darüber unterrichtet sind
468 4474 3250 4550 keit nicht behindern; ich werde mich daher auch bei der kommen zu lassen, eine kleine Enquète abzuhalten und
489 4554 2820 4631 Begründung meiner drei Dringlichkeitsanträge sehr dann dem Hause Bericht zu erstatten.
4827 294 5131 430 * / * | = |
6424 384 6654 507 14191
4184 384 6260 510 Haus der Abgeordneten. — 293. Sitzung der XI. Session am 18. Mai 1894.
4012 584 6654 675 Der wichtigste Antrag, den ich gestellt habe, ist stundenschicht in keiner Weise eine Verringerung der
3862 664 6640 751 freilich der erste Antrag auf Einführung des Acht¬ Production nach sich zieht. Sogar bei uns in Öster¬
3879 727 6654 818 stundentages beim Bergbane, und ich möchte gleich von reich sind sehr interessante Beispiele vorhanden, bei
3872 800 6651 884 vorneherein bemerken, daß das durchaus nicht eine welchen sich ergeben hat, dass in der Achtstundenschicht
3879 863 6637 954 Frage ist, die etwa plötzlich aufgeworfen wird, sondern relativ mehr producirt wurde, als früher in einem
3862 933 6644 1021 dass in dieser Frage eigentlich jeder, der sich mit den längeren Arbeitstage. Bekannt und viel besprochen ist
3862 1017 6654 1094 einschlägigen Gegenständen beschäftigt hat, schon seit das Beispiel der Lettowitzer Spinnfabrik von Arthur
3872 1080 6651 1167 Jahren versirt sein muss, daß man daher auch mir Faber, wo der Unternehmer, als eine Geschäftsstockung
3862 1157 6644 1234 nicht den Vorwurf machen kann, ich wolle die Sache eintrat, statt seine Arbeiter zu entlassen, die Arbeit
3862 1227 6637 1300 über das Knie brechen, umso mehr, als ich nichts reduciren wollte und versuchte, den Achtstundentag
3862 1307 6658 1377 anderes wünsche, als daß der Ausschuß die Sache einzuführen, und zwar mit der Absicht, die production
3869 1356 6637 1436 in Angriff nehme, die nöthigen Arbeiten selbst inner¬ etwas zu verringern, weil die Magazine voll waren.
3862 1436 6644 1510 halb seiner Competenzsphäre vornehme und dem Hause Es ergab sich, dass mehr producirt wurde, als in
5270 1496 6647 1587 früherer Zeit. Aber Sie finden solche Daten in einer
3872 1503 4341 1597 Vorschläge mache.
4016 1573 6651 1653 Es wäre möglich, daß bei der großen Wichtig=Reihe von wissenschaftlichen Zeitschriften und ich
3869 1618 6651 1716 keit dieser Angelegenheit der Ausschuß zu der Ent¬ möchte auch insbesondere auf einen Artikel aufmerksam
3879 1716 6620 1796 scheidung käme, dass es vielleicht nothwendig sei, daß machen, der am 16. Mai in der „Arbeiter Zeitung
3872 1779 6651 1863 die Ferien zur Arbeit benützt werden, in welchem Falle enthalten war, und der heißt: „Die Forderungen der
5270 1845 6654 1933 Ostrauer Arbeiter.“ Hier haben Sie die Berechtigung
3879 1852 4942 1929 derselbe permanent erklärt werden könnte.
4016 1905 6651 1996 Alle Anträge, insbesondere auch der auf Ein¬  des Achtstundentages durch einige schlagende Bei¬
3869 1982 6651 2073 führung des Achtstundentages, sind in keiner Weise spiele nachgewiesen. Der Verfasser geht von einer
3862 2059 6654 2142 überstürzt, sie lassen der Besonnenheit den weitesten Erörterung eines englischen Schriftstellers Munro
3879 2132 6654 2223 Spielraum und die Möglichkeit offen, dass Sie En¬ aus, der ein Gegner des Socialismus ist, und der
3862 2202 6654 2279 quêten abhalten und sich instruiren und informiren, genau zu dem Resultate kommt, zn dem viele schon
5270 2268 6651 2342 vor ihm, hauptsächlich aber nach ihm gekommen sind,
3869 2272 4582 2349 wie Sie nur immer wollen.
4016 2331 6654 2419 In Bezug auf das Meritorische, das ich nicht / daß eine kürzere Arbeitszeit eine höhere Leistung be¬
3872 2412 6665 2488 ausführlich behandeln darf, weil es sich heute nur um deutet (Zustimmung), was zum Beispiel in Amerika
3862 2488 6672 2555 die Begründung der Dringlichkeit des Antrages gar kein Fabrikant bestreiten würde, weil die Leute
5284 2548 6679 2621 dort uns technisch und ökonomisch voraus sind. Aber
3872 2562 4823 2635 handelt, möchte ich nur wenig sagen.
4005 2611 6668 2691 Über die hygienische Wichtigkeit des Acht¬ es existiren auch für die österreichischen Verhältnisse
3879 2674 6672 2765 stundentages insbesondere beim Bergbane verliere selbst ganz bestimmte Zahlen. In dem Berichte der
3862 2747 6672 2831 ich kein Wort; die medicinischen Autoritäten auf der Handels= und Gewerbekammer in Leoben für die
3872 2817 6668 2911 ganzen Welt sind darin einig. Der wesentlichste Ein= Jahre 1886 bis 1890 finden wir Daten, die sich auf
3872 2887 6654 2978 wand, der gemacht wird, ist ökonomischer Art und geht die Braunkohlen production in dem betreffenden Bezirke
3872 2957 6665 3041 dahin, dass die Industrie nicht bestehen könne, und beziehen. Sie finden diese Daten ebenfalls in dem
3872 3027 6647 3111 aus einer Äußerung des Grafen Wilczek in seinem Artikel, den ich angeführt habe, und in diesem offi¬
3879 3104 6672 3194 Interview, das in der „Neuen Freien Presse“ ab= eiellen Berichte heißt es, daß nahezu allgemein am
3872 3163 6668 3254 gedruckt ist, geht sogar hervor, dass da — wie mir 1. Jänner 1890 die achtstündige Schicht eingeführt
3872 3243 6665 3324 scheint — nicht besonnene Berechnungen gemacht wer¬ wurde, und somit gegen die Vorjahre eine Reduction
3872 3310 6654 3432 den. Der Herr Graf hat nämlich den strikenden Ar¬
3872 3369 6158 3464 beitern gesagt: „25 Procent Lohnerhöhung und In dem Berichte heißt es (liest):
5428 3425 6668 3530 „Vergleicht man die Leistung der Jahre 1890
3886 3446 5263 3537 Achtstundenschicht, das macht zusammen fast
3886 3526 6661 3607 50 Procent mehr Lohn. Ihr wollt um ein Viertel und 1889, so ergibt sich, dass der Herabsetzung der
3872 3596 6665 3677 mehr gezahlt bekommen und um zwei Zehntel weniger / Schichtdauer um 20 Procent eine Verminderung der
5288 3656 6668 3743 Leistung um nur 3·92 Procent gegenübersteht, dass
3893 3673 4128 3750 arbeiten.
4016 3743 6661 3824 Das ist aber nicht ganz richtig und jeder, der also relativ eine sehr beträchtliche Erhöhung der
3879 3799 6654 3883 die Bedingnisse beim Bergbau kennt, weiß, dass dort Arbeitsleistung eingetreten ist. Vergleicht man aber
3872 3879 6672 3956 Accordarbeit besteht, und dass, wenn die Arbeiter in die Daten für die Jahre 1889 und 1888, so zeigt
3886 3949 6651 4030 15 stunden soviel arbeiten wie etwa in 8 Stunden, sich, dass trotz der in beiden Perioden gleichen Schicht¬
3904 4009 6661 4110 sie dasselbe bekommen. Von einer Erhöhung der Be= dauer die Arbeitsleistung von 1888 auf 1889 um
3893 4089 6654 4170 triebskosten um 50 Procent — wie Graf Wilczek 2•7 Procent gesunken ist. Man darf da wohl anneh¬
3897 4163 6661 4250 sagt — ist keine Rede, höchstens kann man von einer men, dass der im Jahre 1890 bemerkte Ausfall um
3893 4225 6668 4344 solchen von 25 Procent sprechen. Durch eine Reihe 3•92 Procent anderen Ursachen als der Verklirzung
3886 4302 6120 4390 praktischer Versuche — in den ökonomischen Zeit¬
3893 4369 5246 4463 schriften vergeht kaum eine Woche, wo nicht Mitthei
5428 4355 6682 4446 Aber allerdings mag man sagen, wie auch der
3893 4442 6654 4526 lungen über Versuche bezüglich des Achtstundentages Artikel da fortfährt, „das ist in Steiermark und das isi
3893 4523 6679 4634 gemacht werden — hat sich ergeben, daß die Acht=| Braunkohle.“ Nun existiren aber auch bestimmte Ziffern,
