7352 5576
1931 397 2210 512 1e,1.
1562 471 3134 628 293. Sitzung der XI. Session am 18. Mai 1894.
488 516 1548 659 14192 Haus der Abgeordneten.
481 673 3274 833 die Professor v. Philippovich auch in der Zuschrift an Gewerke. Nein, ein Stocke, wie ihn das Ostrauer
499 746 3256 896 die „Neue Freie Presse“ benützt hat, die zugleich hier Revier früher nie gesehen hatte, war nothwendig; um
499 823 3274 966 in diesem Artikel abgedruckt erscheinen. Der Bericht die „Freiheit der Arbeit“ zu schützen, wurde Militär
499 879 3256 1046 der Handels- und Gewerbekammer in Brünn sagt auf requirirt und Ostrau glich damals einem Kriegslager
1890 955 3267 1053 in feindlichem Land; und weil das Gehirn der Gruben¬
617 1008 3274 1182 „Die Leistungsfähigkeit der Rossitzer Bergarbeiter besitzer und Grubenbeamten zu klein war, um die
495 1014 952 1123 Seite 91 (liest):
499 1088 3256 1252 ist in den letzten fünf Jahren bei um 15 Procent Lehren der Wissenschaft zu verstehen, musste Prole
499 1175 2705 1314 reducirter Arbeitszeit um 8°5 Procent, beziehungs¬ tarierblut fließen — wie heute.
2046 1196 3277 1339 So wie heute wieder! Sehen Sie, diese Thatsachen,
495 1272 1872 1419 weise um 1·25 Procent gestiegen, wie dies die nach¬
1910 1297 3260 1398 die hier in Bezug auf den Bergbau und die Bergproduc¬
509 1356 1206 1478 folgenden Ziffern beweisen.
638 1360 3270 1517 Nun haben Sie die Ziffern für die Arbeitszeit, tion sehr klar sind, sind ein allgemeineres Ergebnis der
502 1440 3281 1597 durchschnittlich des Kohlenhäuers per Schicht u. s. w. Wissenschaft seit Jahren in Bezug auf die production
499 1541 2172 1663 und die Löhne. Man sollte nun also glauben, dass überhaupt
2053 1541 3295 1680 Als letztes Citat werde ich mir erlauben, eine
495 1628 1862 1736 solche officielle Angaben einer Handels- und Gewerbe
495 1649 3288 1799 kammer einiges Gewicht für die Unternehmer hätten. Stelle aus einer Schrift zu citiren, welche allerdings
499 1715 3288 1858 Allein während die Leute sonst früher sagten: Ja, in vor Jahren geschrieben ist, welche aber deswegen bei
499 1778 3301 1931 England oder irgendwo anders ist es möglich, bei uns Ihnen in gutem Credit stehen wird, weil der Verfasser
495 1869 3288 2036 nicht; so wird jetzt, wo nachgewiesen ist, dass es da der jetzige Finanzminister ist. In der Broschüre „Die
499 1942 3291 2078 auch möglich ist, gesagt: Ja, in Steiermark, aber englische Fabriksgesetzgebung“ spricht er — und das,
495 2001 3291 2144 in Mähren nicht; wenn man aber nachweist, dass es was er sagt, ist vollständig richtig und ich stimme mit
502 2092 3249 2214 in Rossitz möglich ist, sagt man, ja in Rossitz, aber ihm einmal ausnahmsweise überein (Heiterkeit) —
512 2123 3291 2287 nicht in Mährisch=Ostrau. Da ist nun in der letzten von dem englischen Kampfe um Verkürzung der Arbeits¬
512 2210 3284 2360 Zeit der erste Theil des ersten Bandes eines außer¬ zeit, eines der interessantesten Capitel der Culturent¬
512 2297 3288 2440 ordentlich instructiven und wichtigen Werkes erschienen wirklung der Menschheit, und sagt, als damals dieser
589 2353 3291 2482 dessen Fortsetzung wohl hoffentlich recht bald folgen! Kampf durchgeführt wurde, da — jetzt citire ich wört¬
506 2416 3298 2576 wird — wie express zu dieser Gelegenheit. Das Werklich — (liest): „zeigte es sich bald, dass die bloße
523 2489 3301 2636 heißt: „Die Arbeiter des mährisch=schlesischen Stein¬ Ausdehnung der Arbeitszeit eines Arbeiters nicht
519 2569 3291 2709 kohlenrevieres. social=statistische Untersuchungen von gleichbedeutend mit der Vermehrung seiner Leistungs¬
530 2639 3305 2775 Dr. Benno Karpeles.“ (I. Band, 1. Theil, Leipzig, sähigkeit sei; die Arbeiter, namentlich die jüngeren,
1945 2709 3305 2799 welche nicht mehr durch die übergroße körperliche
526 2751 1293 2869 Dunker und Humblot, 1894.
655 2772 3305 2915 Das ist nun eine Arbeit, die auf Grund streng Anstrengung ermüdet waren, stellten in der kürzeren
530 2852 3301 2984 wissenschaftlicher Methode nur mit den Angaben der Zeit dasselbe und häufig sogar ein größeres Pro¬
519 2921 3291 3050 Unternehmer operirt und in gar keiner Weise etwa die ductenquantum her, wozu sie wegen der fast allge
530 2988 3301 3131 Angaben von Arbeitern auch nur heranzieht; lauter meinen Form des Stücklohnes ein besonderes Inter¬
530 3050 3308 3235 authentische Lohnzettel, lauter Angaben der Werk- und esse hatten, und allmählich gaben selbst die Unter¬
1928 3138 3312 3221 nehmer zu, dass die früher für unentbehrlich gehalte-
519 3183 1353 3291 Grubenbesitzer sind hier benützt.
680 3204 3305 3326 Von dem zweiten Theile des ersten Bandes hat nen letzten zwei Stunden gewöhnlich weit schlechtere
519 3253 3315 3403 die „Arbeiterzeitung“ von der Verlagsbuchhandlung Arbeit als die ihnen vorausgehenden Arbeitsstunden
519 3333 3312 3476 den Aushängebogen bekommen und da finden wir lieferten, und daß die ununterbrochene regelmäßige
526 3399 3336 3542 wieder höchst interessante Ziffern. Da finden Sie Arbeit des neuen Arbeitstages wegen des intensiven
547 3476 3322 3619 Zahlen, ich will Sie damit nicht behelligen, weil Fleißes der Arbeiter für die Unternehmung vortheil¬
537 3546 3315 3692 Zahlen vorgelesen wenig statistisch sind — (liest): hafter sei, als der bisherige lange Arbeitstag mit
540 3615 2998 3758 „dass in allen Gruppen unmittelbar nach Herabsetzung abwechselnder Überarbeit und Lässigkeit“,
2081 3661 3322 3772 Man muss der „Arbeiter-Zeitung" nur bei¬
540 3727 1921 3824 der Arbeitszeit um zwei Stunden (= 16⅜ Procent)
547 3748 3333 3894 die Arbeitsleistung gestiegen ist von 100 auf 107, stimmen, wenn sie hinzufügt (liest): „Unserem Herrn
530 3821 3319 3967 respective 103 und 109, dass die Arbeitsleistungen Finanzminister sind ja die Wege zu Baron Roth¬
547 3898 3319 4037 trotz unveränderter Arbeitszeit in den Jahren 1887 schild, dem größten Gewerke des Reviers, nicht fremd.
537 3971 3326 4103 bis 1889 gesunken sind (von 100 im Jahre 1887 auf (Heiterkeit und Sehr gut!) Möge er doch versuchen,
547 4041 3305 4180 84, respective 94 und 87 im Jahre 1889) und dass seine Kenntnisse an dem richtigen Orte anzubringen.
537 4103 3319 4243 erst nach der Reduction der Arbeitszeit erhöhte Leistungen (Sehr gut!) Es ist auch gerade jetzt, wenn irgend¬
540 4166 3329 4316 dauernd erzielt werden konnten. Von 100 im Jahre wann, die Gelegenheit eine dringliche und ich möchte
561 4250 3333 4396 1889 stieg die Leistung des Häuers in um 16¾ Procent beinahe sagen, eine aufdringliche für die Parlamente
544 4319 3343 4469 verkürzter Arbeitszeit auf 111'45 respective 122 47 der civilisirten Staaten, sich endlich mit der Frage des
540 4407 3242 4532 und 124'55! Die Herabsetzung der Schichtdauer, Achtstundentages für den Bergbau zu beschäftigen.
2095 4435 3340 4557 Sie wissen, in England ist ein bezüglicher Gesetz¬
547 4487 1924 4588 diese, wie sich also zeigt, für die Unternehmer so vor
561 4553 3354 4672 theihafte Maßregel, entsprach aber durchaus nicht etwa entwurf bereits angenommen und es ist zu vermuthen,
554 4609 3347 4832 der wirtschaftlichen und socialpolitischen Einsicht der dass er auch schließlich zum Gesetz werden wird. Sie
6582 450 6791 568 14193
4396 457 6439 593 Haus der Abgeordneten. — 293. Sitzung der XI. Session am 18. Mai 1894.
5557 614 6816 739 Ich glaube, dass es für Österreich, im rein
4034 617 5404 767 wissen, dass die gesammte Bergarbeiterschaft der Welt
4027 722 6795 837 sich in erster Linie mit dem Achtstundentag beschäftigt. patriotischen Sinne gesprochen, gewiss ehrenvoll
4034 798 6791 903 Sie haben auch gewiss von dem Beschlusse gelesen, wäre, wenn in dieser Frage unser Land einmal voran¬
4034 875 6791 969 den gestern der Bergarbeitertag in Berlin gefasst hat, gehen würde. Das scheint aber für manche ein un¬
4027 931 6802 1039 wo hauptsächlich Engländer und Deutsche und auch erträglicher Gedanke zu sein und daher verschanzen sie
4048 1004 6802 1112 Franzosen in größerer Anzahl vertreten waren. Sie sich hinter allen möglichen Besorgnissen. Es kann also
4041 1070 6795 1182 sehen, dass mit überwältigender Mehrheit der Acht¬ gar kein Zweifel sein, daß diese Frage eine etwas
4027 1154 6802 1252 stundentag gefordert wird und dass die einzigen, expeditivere Behandlung verdient, als allgemein ange¬
4041 1227 5805 1328 welche noch Stimmen dagegen liefern, aus jenem nommen wird.
5568 1231 6819 1367 Das war der Grund, weshalb ich den Antrag
4034 1314 5397 1388 Lande stammen, wo allerdings der Gedanke einer
4041 1370 6791 1461 gesetzlichen Feststellung lange Zeit nicht durchringen eingebracht habe und schon scheint es, dass das Ein¬
4048 1422 6809 1530 konnte, und zwar aus dem Grunde, der für die Ge¬ bringen des Antrages die führenden Parteien des
4055 1485 6802 1604 schichte Englands sehr ehrenvoll ist, weil dort ein Hauses dazu veranlasste, den Gedanken zu erwägen,
4051 1583 6819 1673 stark entwickeltes individualgesühl vorherrscht, welches ob man nicht eine Enquete einberufen soll. Ich werde
4041 1628 6802 1729 die Arbeiter lange davon zurückgehalten hat, den als ganz bescheidener Parlamentarier — wir wissen
4048 1701 6798 1809 Staat überhaupt in ihre Thätigkeit eingreifen zu ja, seit wir es von Herrn Dr. Russ gehört haben,
4048 1792 6767 1876 lassen. Aber auch dieses specifisch persönliche Gefühl dass wir keine englischen Parlamentarier sind -
4051 1858 6819 1980 schwindet gegenüber der großen, socialpolitischen Noth¬ ganz zufrieden sein, wenn diese meine Action auch nur
4048 1924 5913 2039 wendigkeit immer mehr; während in früheren Jahren diesen Erfolg hat.
5585 1949 6809 2074 Diesen Erfolg möchte ich allerdings dadurch ver¬
4058 1998 5407 2088 die Zahl der Bergarbeiter, welche gegen die gesetzliche
4058 2060 6802 2165 Festlegung des Achtstundentages waren, eine erhebliche stärken, daß ich die öffentliche Aufmerksamkeit von einer
4051 2137 6826 2256 war, schmilzt dieselbe in den letzten Jahren bedeutend Stelle aus errege, wo das am wirksamsten geschehen
4058 2210 6544 2308 zusammen. Es ist auch zweifellos, dass diese Frage in kann. Das sind die Motive, die mich leiten.
5585 2245 6816 2346 Es hat dem Herrn Ackerbauminister gestern in
4041 2280 5414 2385 der nächsten Zeit mehr; als bisher — und sie hat
5452 2308 6830 2430 seiner Rede auch gefallen, mich als eine Art von wüstem
4051 2371 5386 2440 bisher immer die Aufmerksamkeit sehr beschäftigt -
4065 2409 6819 2524 das allgemeine öffentliche Interesse auf sich lenken wird, Agitator hinzustellen. Ich habe vor einem Jahre
4058 2489 6819 2580 und zwar aus dem einfachen Grunde, der hier schon schon in einer Angelegenheit der Pribramer Berg
4058 2541 6833 2660 in der vor einer Woche abgeführten Debatte erwähnt arbeiter, als mir dieselben geschrieben hatten, mit
4051 2622 6840 2723 wurde, weil bei keiner anderen Art der Beschäftigung dem Herrn Minister verhandelt. Mit Bergarbeiter¬
4058 2681 6844 2782 der Gegensatz zwischen der harten Arbeit, der völlig sagitationen habe ich bis zu meiner Reise nach Falkenau
4058 2747 6844 2852 den Menschen aufreibenden, der physisch erdrückenden gar nichts zu thun gehabt. Er ist also sehr schlecht
4051 2813 6840 2904 Arbeit einerseits und der Menge von Gewinst unterrichtet, wenn er glaubt, dass ich speciell in der
4058 2890 6833 3002 anderseits so sehr in die Augen springt, als dass es Bergarbeiterschaft agitirt habe. Er ist nicht nur schlecht
4051 2956 6830 3064 nicht jeden, ich möchte sagen, anständigen Menschen unterrichtet, sondern entbehrt auch, wie mir scheint,
4051 3026 6826 3141 dazu bringen sollte, den Bestrebungen nach einer der nöthigen Einsicht in die Dinge, wenn er mir etwa,
4051 3106 6830 3197 menschenwürdigeren Gestaltung der Arbeiterschaft im wenn auch nur in hypothetischer Form, unterstellen
4068 3179 6826 3270 Bergbaue Sympathien und womöglich werkthätige wollte, dass ich aus persönlichen oder eigennützigen
4065 3253 6819 3343 Sympathien entgegenzubringen. Nun hätten wir es Gründen diese „wüste Agitation“ entfalte. Wenn man
4068 3301 6826 3413 in Österreich, wenn nämlich der Herr Ackerbauminister so etwas von jemand behauptet, so muss man doch
4065 3382 6826 3486 Recht hat, leichter als alle anderen Länder, denn er I den Schein eines. Beweises oder man muss irgend
4065 3465 6826 3566 hat gestern erzählt, dass drei Viertel der Betriebe in seinen Grund haben, und das kann ich wohl sagen:
4082 3521 6819 3626 Österreich den Achtstundentag haben, und wenn er Wer in Österreigh meine politische Thätigkeit verfolgt
4068 3587 6837 3702 dabei gemeint hat, das sei so Praxis, aber gesetzlich hat, der kann alles finden, nur nicht, dass ich etwa in
4075 3664 6833 3772 sei es nicht, so gilt für unser Land nicht; was für eigennütziger oder persönlicher Absicht mein Mandat
4075 3744 6847 3838 England gilt. Denn, dass die Meinung des Herrn verwaltet hätte. Es ist auch nicht gut, wenn ein Herr
4058 3807 6833 3912 Ackerb uministers ein Ausbruch eines starken Indi¬ Minister dergleichen von der Ministerbank einem
4065 3870 6833 3974 vidualgefühles ist, welches sich den Druck des Acht¬ Abgeordneten sagt. Was würde der Herr Minister
4082 3939 6840 4065 stundentages nicht gefallen lassen will, kann man doch sagen, wenn ihm jemand zumuthen würde, er sitze nicht
5459 4016 6837 4103 auf der Bank dort, als einer, der sich dessen bewusst
4079 4048 4368 4142 nicht sagen.
4218 4082 6850 4194 Wenn wir also in Österreich in einer so großen sei, dass er zum Besten des Volkes wirken könne,
4082 4166 6844 4264 Zahl von Bergwerken und hauptsächlich in ärarischen sondern als einer, der diesen Platz aus eigen¬
4082 4225 6840 4330 den Achtstundentag haben, dann wird es uns ja sehr nütziger Absicht einnimmt? (Heiterkeit und Sehr gut!)
5602 4302 6844 4393 Es wäre ja ganz dasselbe. Es wär auch damit
4075 4330 5435 4400 leicht sein, den Schritt zu machen, der gemacht werden
4075 4372 6844 4476 muss und gemacht werden wird in allen civilisirten nichts gesagt. Dergleichen Dinge muss man erhärten
4089 4448 6850 4536 Ländern. Daher ist es bei uns besonders an der Zeit, können; man muss einen Anhaltspunkt dafür geben
4075 4515 6826 4623 die Sache etwas rascher und dringlicher zu behandeln können. Das ist doch zweifellos, dass ich, sei mein
5439 4581 6837 4703 politische Begabung welcher Art immer, sie, wenn ich
4068 4591 4940 4720 als die anderen Angelegenheiten.
