3736 5624
769 475 2830 629 Haus der Abgeordneten. — 502. Sitzung der XI. Session am 27. Mai 1896.
398 510 657 643 25414
559 643 3197 783 Wenn der Herr Ministerpräsident von seiner lange Sie Versammlungen verbieten. Glauben Sie
423 744 3207 873 Stelle aus sagt, von competenter Seite ist nicht leicht¬ nicht, dass Sie mit dieser — entschuldigen Sie das
1838 821 3204 919 harte Wort — nicht sehr weisen Maßregel etwas
440 838 1782 936 fertig vorgegangen worden, so mag er mit seiner Auf
440 905 3204 1010 fassung, die auch die Auffassung der competenten ausrichten. Vielleicht in dem Sinne können Sie die
433 968 3204 1069 Seite sein wird, recht haben, denn die Leute sind so Ruhe und Ordnung aufrecht erhalten, wenn Sie
419 1031 3204 1142 kurzsichtig — wenn der Herr Ministerpräsident der- immer und jederzeit bereit sind, Leute zu erschießen;
1820 1104 3214 1209 Menschenfleisch und Menschenblut ist in Österreich
440 1121 1789 1216 selben Meinung ist, wie seine Organe, so ist er politisch
426 1195 2858 1324 auch nicht weitsichtiger — zu glauben, daß sie durch die billig. Da kann man auf diese Weise..
423 1261 1789 1359 Art und Weise, wie sie vorgehen, die sociale Bewegung
1950 1247 3204 1391 Präsident (unterbrechend): Ich muss den
423 1335 1799 1446 die dort flutet, in ein friedlicheres und langsameres
1820 1377 3197 1488 Herrn Redner wegen dieser Äußerung zur Ordnung
423 1404 929 1520 Bett leiten werden
573 1457 3197 1565 Der Herr Ministerpräsident hat sich auszureden rufen und ihn dringend ersuchen, weiterhin solche
416 1527 2620 1639 versucht und hat gesagt: „von den Arbeitern wird Ausdrücke nicht zu gebrauchen.
426 1611 1803 1708 gesagt, wir sind gegen die Arbeiter parteiisch, von
1970 1604 3200 1747 Abgeordneter Pernerstorfer (fortfakrend):
405 1667 1775 1764 den Unternehmern wieder wird uns vorgeworfen, das
1838 1719 3186 1820 Ich habe gegen den Gewerbeinspector von Reichen
423 1747 1803 1876 wir parteiisch gegen sie sind, das gleicht sich also
1824 1792 3204 1876 berg den schweren Vorwurf zu erheben, dass er sich
1824 1883 3204 1956 bei der ganzen Affaire nicht hat sehen lassen. Ja
556 1841 1796 1984 Dabei vergisst er aber, dass der nordböhmische
416 1932 3200 2040 Unternehmer eine Persönlichkeit von einem ganz wozu haben wir denn diese Leute? Freilich, es war
423 2016 3179 2114 besonderen Schlag ist — wie ich schon früher ange- einmal in Reichenberg ein ausgezeichneter Gewerbe
440 2072 3197 2191 führt habe — und dass er eigentlich nur dann zu=inspector, der musste verschwinden (Hört! Hört!)
1831 2159 3207 2246 weil er den Herren dort nicht recht war. Jetzt ist aber
440 2163 1789 2264 frieden wäre, wenn er das Recht hätte, für den Fall
426 2226 3207 2323 als jemand bei ihm nicht arbeiten will, den Gendarmen ein Gewerbeinspector dort, der sich bei der Affaire
416 2285 3211 2404 kommen und von diesem ihm das Bajonnett an die gar nicht sehen lässt. Ist der Herr Handelsminister
409 2355 3207 2460 Brust setzen zu lassen, und es soll auch vorgekommen geneigt, sich diesen Herrn kommen zu lasten und ihn
426 2421 3204 2547 sein, dass in einer abgeschlossenen Fabrik, wo gestrikt zur Verantwortung zu ziehen? Wozu wird er denn
1824 2502 3207 2596 bezahlt, wenn er in solchen Fällen nicht seine Pflicht
405 2522 1799 2606 wurde, der Gendarm gesagt hat: „Ich steche dich
1831 2571 2407 2687 und Schuldigkeit thut?
409 2599 1796 2687 nieder, wenn du nicht zur Maschine geh'st!" (Hört
1963 2585 3218 2725 Endlich sage ich Ihnen, Herr Ministerpräsident,
426 2659 1775 2757 Hört!) Und der Gendarm ist eine sacrosancte Persön
426 2718 3221 2823 lichkeit, was der thut und sagt, ist nicht anzufechten, im Interesse Ihrer Anschauungen und im Intresse der
423 2781 3214 2942 einem Gendarm wird in Österreich nie etwas Ordnung, die Sie vertreten: Denken Sie vielleicht
1838 2854 3214 2935 wiederum daran, diese drei Gendarmen, die in Dörfel
423 2875 702 2991 geschehen.
576 2928 3221 3029 Also nicht in der Mitte ist die Wahrheit, sondern Menschen niedergeschossen haben, mit Auszeichnungen
423 2987 3225 3109 man hat die vorhandenen Factoren abzuwägen und zu versehen, wie Sie es vor einigen Tagen gethan
1841 3047 3207 3151 haben? Von ihrem Standpunkte aus sage ich das
440 3092 1806 3169 wird dann finden, dass auf der einen Seite die unge¬
1841 3134 3225 3214 denn die könnten auf die Vermuthung kommen, dass
433 3158 1810 3242 heuere sociale und finanzielle Macht ist, die brutal
1827 3200 3225 3284 in Österreich der leichteste Weg, um zu Auszeichnungen
440 3221 1799 3316 nach der anderen Seite hin drückt, und da wäre es
1841 3267 3207 3375 zu kommen, das Tödten von Menschen ist (Rufe der
440 3288 1799 3389 wohl die Aufgabe der Behörden, wenigstens Licht und
1848 3333 3193 3445 Entrüstung), und das wäre ein Princip
430 3361 1799 3462 Schatten gleich zu vertheilen, nicht aber in die ohne
433 3434 1810 3529 dies schon sehr stark belastete Wagschale auch noch die
1991 3427 3232 3567 Präsident (unterbrechend): Ich rufe den Herrn
433 3511 1551 3616 eiserne Hand der Regierung hineinzulegen.
1848 3553 3214 3640 Redner abermals zur Ordnung und müsste dem
580 3536 1806 3658 Die Verbote der Versammlungen, wie sie jetzt
1866 3630 3225 3714 selben, wenn er mit derartigen Äußerungen fortfahren
451 3637 1799 3742 stattfanden, sind — so meint der Herr Minister
433 3689 3225 3791 präsident — Vorsichtsmaßregeln. Gestern hätte in sollte, das Wort entziehen. Ist es mit dem Gefühl
1862 3759 3235 3899 eines Österreichers verträglich, eine solche Beschuldi¬
465 3784 1799 3875 Paulsdorf, nördlich von Reichenberg, eine Versamm¬
1866 3833 2792 3958 gung gegen Österreich vorzubringen?
447 3857 1824 3951 lung stattfinden sollen. Von Dörfel, das westlich liegt,
447 3934 1831 4028 nach Paulsdorf zu gehen, muss man — ich kenne die
1988 3910 3218 4088 Abgeordneter Peruerstorfer (fortfahrend)
451 4000 1824 4098 Gegend nicht genau — wohl 1½ Stunden gehen
2009 4049 3239 4144 .. und das, habe ich gesagt, läge gewiss nicht
447 4060 1817 4151 es besteht zwischen diesen Orten gar kein territorialen
1862 4070 3232 4217 in Ihrem Interesse. Das wollen auch Sie hoffentlich
461 4133 1810 4238 Zusammenhang aber natürlich, es ist eine Vorsichts
1855 4196 3235 4273 nicht, wie Ihre Entrüstung mir zeigt. Daher ver¬
465 4206 1824 4301 maßregel, denn es könnte bei der Versammlung weis
1862 4259 3232 4350 meiden Sie es, diesen Anschein zu erwecken, und end¬
454 4283 989 4402 Gott was geschehen.
601 4339 3239 4423 Aber der Herr Ministerpräsident vergisst, daß lich, wenn dies bei Ihnen möglich ist, Wenn Sie in
1862 4395 3242 4503 Ihren Anschauungen nicht zu sehr vertrocknet sind
458 4427 1817 4507 durch das Verbot der Bezirkshauptmannschaft da
1866 4479 3246 4573 und der vergangensten Vergangenheit angehören,
458 4479 1834 4570 Gegentheil hervorgerufen wird dort in Reichenberg
1866 4545 3246 4626 merken Sie sich den Grundsatz: Ein moderner Staat
465 4563 1831 4643 ich aber sage dem Ministerpräsidenten: So lange wird
447 4605 3246 4783 in Reichenberg die Ruhe nicht hergestellt werden, so hat nur die Wahl, entweder eine organisirte und auch
