7496 5720
501 518 2903 700 14196 Haus der Abgeordneten. — 293. Sitzung der XI. Session am 18. Mai 1894.
504 690 3256 872 (Gelächter), und ich werde nunmehr diese Anträge Habermann, Graf Hompesch, Dr. Roser, Dr
1891 784 3246 903 Ritter v. Kraus, Potoczek, Freiherr v. Morsey,
487 851 1807 952 geschäftsordnungsmäßig behandeln lassen.
637 900 2605 998 Wünscht der Herr Antragsteller, dass seine Dr. Keil, Dr. Rutowski.
2024 896 3186 1043 Das Wort hat der Herr Abgeordnete Hájek.
504 984 1859 1089 Anträge als drei getrennte Anträage gedruckt werden,
2027 1026 3267 1152 Abgeordneter Hájek: Hohes Haus! Während der
494 1061 1064 1183 oder als ein Antrag?
644 1099 3249 1337 Abgeordneter Peruerstorfer: Als drei ge- / letzten dreifahre, seit dieses hohe Haus seine Thätigkeit
1898 1173 3246 1295 begonnen hat, sind verschiedenartige Anträge zur Re¬
1891 1229 3260 1351 gelung und Verbesserung der socialen, sowie wirtschaft¬
501 1250 952 1362 trennte Anträge.
644 1299 3260 1457 Präsident: Diesem Wunsche wird Rechnung lichen Lage verschiedener Stände in diesem hohen Hause
501 1390 3253 1530 getragen werden. (924, 925 und 926 der Beilagen.) mit mehr oder minder gutem Resultate zur Verhand¬
1894 1446 3267 1558 lung gebracht worden. Dabei haben sich insbesondere
644 1530 3267 1639 Abgeordneter Pernerstorfer: Ich bitte um die Wehrvorlagen eines großen Entgegenkommens von
494 1590 2748 1695 das Wort zu einer Anfrage an den Herrn Präsidenten. Der Majorität des Hauses erfreut
2024 1635 3260 1751 Nun wäre es aber auch die Pflicht des Parla¬
637 1663 1842 1800 Präsident: Der Herr Abgeordnete Perner
1891 1730 3256 1838 mentes, in erster Linie jene der Regierung gewesen,
501 1761 1099 1894 storfer hat das Wort.
630 1810 3270 1961 Abgeordneter Pernerstorfer: Es waren am endlich einmal durchgreifende Maßregeln zu treffen,
501 1873 3260 2048 gestrigen Tage zwei Sitzungen in der Gesammtdauer um die wirtschaftlichen Verhältnisse des am meisten
501 1943 3274 2101 von etwa 12 bis 14 Stunden. Auch die einfachen / belasteten Theiles des Mittelstandes, insbesondere des
494 2010 3267 2160 Sitzungen sind gewöhnlich sehr lange. Ich möchte nun / kleinen und mittleren Handels= und Gewerbestandes
1915 2073 3281 2188 zu verbessern, zumal die Gefahr wächst, dass dieser
501 2153 3267 2255 den Herrn Präsidenten fragen, ob Vorsorge dafür Stand von dem Großcapitale successive aufgezehrt
501 2220 3263 2321 getroffen ist, daß für diese übermäßige Arbeitszeit die werde. Die Lage des Mittelstandes im Handel und Ge¬
494 2297 3263 2409 Herren Stenographen in besonderer Weise entschädigt werbe ist in der That heute eine bedenkliche schon des¬
1908 2363 3274 2468 halb, weil die Regierung des Grafen Taaffe in dieser
504 2377 980 2493 werden. (Bravo!)
637 2454 3053 2549 Präsident: Ich kann erklären, dass am Schlusse Beziehung so viel wie gar nichts gethan hat.
2034 2468 3277 2601 Allerdings hatte sich jene Regierung zuguterletzt
494 2538 1859 2636 der Session die Frage, wie die Herren Stenographen
494 2580 3260 2699 wegen ihrer wirklich außerordentlich großen An¬ herbeigelassen, einen wegen Rücksichtnahme auf das
508 2654 3281 2780 strengung durch Ertheilung von Remunerationen wachsende sociale Bedürfnis vielfach sympathischen
525 2713 3274 2833 entschädigt werden, auch diesmal gewiss von dem Wahlreformgesetzentwurf dem hohen Hause vorzulegen,
1898 2780 3267 2882 doch das war bekanntlich ihr Untergang. Der seitens
525 2805 1635 2938 Präsidium erwogen werden wird. (Beifall.)
665 2847 3274 2969 Wir gelangen zur Tagesordnung, das ist der liberalen Partei, die sich durch den Entwurf hart
511 2920 3270 3046 die Fortsetzung der Specialdebatte über den getroffen und ihrer an sich gerissenen Hegemonie ent¬
525 2990 3270 3109 Staatsvoranschlag für das Jahr 1894 (800 kleidet fühlte, gegen diese Wahlreform inscenirte
518 3064 3281 3183 und zu 800 der Beilagen), und zwar steht in Verhand¬
518 3130 3284 3256 lung Capitel 27, Handelsministerium, a) Eigent= vor, dass auch der sonst so umsichtige Herr Graf
518 3211 3291 3326 licher Staatsaufwand, Titel 1, 2, 3, 4, 5, 6, 7 und 8, Hohenwart sich überrumpeln ließ, mit dem Herrn
525 3270 3281 3407 ferner in der Bedeckung Capitel 33, Titel 1 bis 8 v. Plener eineioalition zum Sturze des Ministeriums
518 3372 2409 3466 und die hiezu vom Budgetausschusse beantragten Anträge Taaffe einzugehen.
2059 3396 3302 3501 Unsere Partei als eine oppositionelle hat nicht
525 3456 1894 3550 bezüglich der Resolutionen und Petitionen, welche dem
1915 3491 3305 3575 viel Ursache, den Sturz des Ministeriums Taaffe zu
518 3529 1323 3634 hohen Hause gedruckt vorliegen.
672 3564 3298 3676 (Specialberichterstatter Dr. Hallwich besteigt) beklagen. Ob sich indessen die beiden an der Qualition
1926 3634 3302 3722 theilnehmenden autonomistischen Parteien unter der
518 3659 886 3757 die Tribüne.)
662 3701 3288 3813 Als Regierungsvertreter sind im hohen intellectuellen Führung des Herrn v. Plener, dessen
536 3774 3291 3890 Hause erschienen die Herren Sectionschefs: Freiherr Vorliebe für alle slavischen Völker, insbesondere aber
529 3851 3291 3946 v. Weigelsperg und Dr. v. Körber, die Herren für die böhmische Nation allgemein bekannt ist, gegen¬
529 3897 3298 4030 Ministerialräthe Dr. v. Mataja, v. Thaa, Arz¬ wärtig wohler befinden, ist eine andere Frage, die sie
532 3988 2703 4114 berger, /Herr Sectionsrath v. Ebner und Herr | sich selbst beantworten mögen.
2069 4037 3295 4135 Die jetzige Regierung hat bei ihrem Antritte die
536 4082 1208 4180 Oberbaurath Hillinger.
697 4065 3291 4237 Es haben sich zum Worte gemeldet, und zwar Erklärung abgegeben, alle politischen, staatsrechtlichen
546 4198 3295 4310 contra die Herren Abgeordneten Hájek, Kulp, und nationalen Wünsche beiseite zu schieben und nur
546 4265 3309 4377 Tekly, Spinéié, Kaiser, Biankini, Dr. Gess= den wirtschaftlichen Aufgaben volle Thatkraft zuwenden
536 4338 3312 4450 mann, Dr. Kaizl, Purghart, Garnhaft. Dr. zu wollen. So verlockend dieses Programm auch schein¬
546 4412 3312 4527 Samánek, Dr. Graf Kaunic, Dr Zákek, Hauck, bar klingt, so kann doch selbst ich, ein schlichter, kleiner
546 4468 3312 4580 Schwarz, Dr. Lueger, Schneider, Jax, pro Kaufmann, der sich in die hohe Politik nicht gerne viel
546 4538 3305 4671 die Herren Abgeordneten Lugul, Ritter Stalitz, einmischt, demselben durchaus nicht zustimmen, da ich
543 4622 3305 4734 Freiherr v. Kübeck. Dr. Fux, Dr. Hofmann v. die Ansicht theile, dass nur mit einem positiven, con¬
543 4681 3316 4814 Wellenhof, Wimhölzel, Oberndorfer, Dr. creten socialresormprogramm in diesem hohen Hause
4152 445 6575 641 25418 Haus der Abgeordneten. — 502. Sitzung der XI. Session am 27. Mai 1896.
4163 641 6981 777 zurück, selbst wenn sie von Seiner Excellenz dem Mini¬ Lebensdauer schon mit Waffengewalt ihr Ansehen er¬
5570 728 5896 823 halten muss.
4159 746 5024 872 sterpräsidenten kommt. (Beifall.)
5700 746 6964 868 Da wird sich das Ministerium Badeni keiner
4303 847 6950 1019 Präsident: Das Wort hat der Herr Abgeord= langen Lebensdauer zu erfreuen haben. Ich habe ge¬
5574 935 6078 1050 schlossen. (Beifall.)
4159 956 4930 1085 nete Dr. Vasaty (Unruhe).
5714 1015 6957 1162 Präsident: Wünscht noch jemand das Wort?
4307 1061 5542 1183 Abgeordneter Dr. Vasaty: Seien Sie nicht
4180 1124 6971 1260 unwillig, die Sache ist zu wichtig; wenn es sich um (Niemand meldet sich.) Es ist nicht der Fall, die
4166 1204 6418 1355 Menschenleben handelt, kann man nicht bloß Minuten! Debatte ist daher geschlossen.
5718 1236 6957 1358 Ich ersuche die Herren, die Plätze einzunehmen,
4173 1295 5535 1397 opfern. Ich bin mit den Ausführungen des Herrn
4173 1355 6939 1478 Ministerpräsidenten nicht einverstanden; er sagte vor weil wir abstimmen werden. (Nach einer Pause:)
4177 1429 6943 1544 allem, daß Präventivmaßregeln dem betreffenden Die beiden Herren Antragsteller wünschen die An¬
4173 1502 6974 1625 Beamten überlassen werden müssen, und wir haben wendung aller Dringlichkeiten nach §. 42 der Ge¬
4191 1551 6974 1681 gehört, was der betreffende Bezirkshauptmann in schäftsordnung, nämlich die sofortige Verhandlung
4184 1628 6971 1751 Reichenberg für eine Verordnung erlassen hat. Er hat im Hause, wozu es einer Zweidrittel-Majorität
4177 1705 5770 1817 das Versammlungsrecht, ein staatsgrundgesetzliches bedarf.
5711 1733 6950 1849 Ich ersuche diejenigen Herren, welche die Dring
4170 1782 5542 1901 Recht mit einem Federzuge aufgehoben. Aus prakti
4202 1831 6967 1968 scher Erfahrung durch den Ausnahmszustand in Prag lichkeit annehmen wollen, sich zu erheben. (Geschieht.)
4191 1915 6964 2034 wissen wir, dass nur die ganze Regierung ein Aus¬ Die Dringlichkeit ist abgelehnt, und es werden
4191 1982 6946 2097 nahmsgesetz von den staatsgrundgesetzlichen Freiheiten die Anträge daher geschäftsordnungsmäßig be¬
4198 2031 6974 2167 erlassen kann, und daß überdies das Abgeordneten¬ handelt werden. (1525 und 1526 der Beilagen.)
5725 2111 6988 2227 Ich werde mir nunmehr erlauben, zum Schlusse
4194 2146 5546 2230 haus diesen Schritt der Regierung zu bestätigen hat
4187 2192 6306 2311 Und nun, meine Herren, soll auf einmal der Bezirks- der Sitzung zu schreiten.
5735 2230 6978 2374 Der Herr Abgeordnete Fürnkranz hat sich un¬
4202 2290 5553 2384 hauptmann in Reichenberg darüber entscheiden! Haben
4184 2342 6015 2458 mir dann noch Staatsgrundgesetze, haben wir dann wohl gemeldet.
5735 2363 6981 2489 Es ist ein Dringlichkeitsantrag vom Herrn
4194 2419 5154 2545 noch eine verantwortliche Regierung?
4345 2468 6978 2584 Es hat mich sehr düster gestimmt, meine Herren, Abgeordneten Dr. Pacák und Genossen in Noth¬
4202 2538 7002 2668 dass der Ministerpräsident keinen Wahrscheinlichkeits= standssachen überreicht worden, um dessen Verlesung
4202 2615 5886 2734 grund, nicht einen einzigen gefunden hat dafür, dass ich ersuche.
4202 2713 5581 2797 das Blutvergießen unumgänglich nothwendig gewesen
5735 2685 6537 2840 Schriftführer Hütter (liest):
4191 2776 5570 2861 ist, dass es nicht zu vermeiden gewesen ist. Das haben
5749 2808 6999 2913 „Dringlichkeitsantrag des Abgeord¬
4194 2833 5577 2938 wir nicht gehört. Wir müssen die Sache doch ernst
4194 2889 6999 3008 nehmen. Es wurde nicht einmal behauptet, dass es nete Dr. Pacák und Genossen, betreffend den
4194 2955 7002 3071 absolut nothwendig war, von der Waffengewalt Ge¬ Nothstand in der Gemeinde Zabor, Bezirk
4209 3039 5994 3169 brauch zu machen, und was haben wir von der ver¬
4212 3106 5581 3218 antwortlichen Regierung gehört? Es ist schon der
5753 3074 6999 3214 Vom 5. bis 9. Mai wurde die Gemeinde Zabor
4212 3193 6999 3281 Oberstlieutenant der Gendarmerie in Reichenberg und von großen Überschwemmungen heimgesucht, welche
4194 3260 6995 3375 der wird die Sache untersuchen. Ich sage es voraus, einen Schaden an Feld und Gut über 12.000 fl. ver¬
4212 3330 5879 3435 dass dem betreffenden Commandanten der Gendar¬
4205 3386 5588 3501 merie nichts geschehen und dass er noch belobt werden
5749 3358 6999 3505 Am 20. Mai wurde die Gemeinde Zabor aber¬
5175 3487 6670 3627 und die Regie=/ mals von einem Wolkenbruche beschädigt
4212 3498 4373 3585 wird.
4338 3505 5171 3631 Das ist nicht constitutionell —
5749 3554 6999 3666 Nachdem die Gemeinde Zábor in den Jahren
4209 3606 5598 3701 rung hat sich doch als constitutionell vorgestellt, dass
4226 3652 6995 3778 sie hier dem Parlamente Rede stehen soll, wenn es 1886, 1890 und 1891 von gleichen Calamitäten ge¬
4233 3715 6999 3862 sich um Menschenleben und um das Leben von Staats= schädigt worden war, ist der Nothstand in der Ge¬
4219 3809 6302 3918 bürgern handelt. Wir hören leere Ausreden, das ist meinde Zabor ein großer.
4216 3876 5584 3995 keine constitutionelle Regierung. Ich will darauf nicht
5753 3844 6649 4002 Wir stellen deshalb den Antrag:
4233 3963 5598 4061 zurückkommen, dass man versprochen hat, nach den
5767 3970 6673 4096 Das hohe Haus wolle beschließen:
4219 4033 5584 4117 Staatsgrundgesetzen zu regieren; es wird nicht nach
5896 4061 6939 4170 Die k. k. Regierung wird aufgefordert,
4216 4096 5581 4202 den Staatsgrundgesetzen regiert gegenüber dem böh=
5760 4145 6939 4244 diesen Fall schnellstens untersuchen zu lassen,
4226 4173 5595 4265 mischen Volke, es wird nicht nach den Reichsgrund¬
5760 4219 6939 4303 mit Staatssubvention zu unterstützen und die
4219 4240 5591 4370 gesetzen regiert, und nicht einmal die richterlichen Eide
5767 4293 6950 4415 verfassungsmäßigen Credite in Anspruch zu
4209 4328 4667 4419 werden gehalten.
5760 4373 5994 4475 nehmen.
4370 4345 5588 4478 Wenn man aber gerade derjenigen Bevölkerung
5833 4408 6953 4524 In formaler Rücksicht beantragen wir nach
4233 4464 5588 4559 gegenüber so regiert, welche der Hilfe am meister
5777 4517 6936 4601 §. 42 der Geschäftsordnung diesen Antrag
4219 4538 5598 4629 bedarf, so ist dies thatsächlich ein schlimmes Zeichen
5767 4576 6953 4709 mit allen Abkürzungen zu verhandeln und nach
4237 4601 5616 4730 für die Ära Badeni, wenn sie nach ihrer kurzen
