<?xml version="1.0" encoding="UTF-8" standalone="yes"?>
<PcGts xmlns="http://schema.primaresearch.org/PAGE/gts/pagecontent/2013-07-15" xmlns:xsi="http://www.w3.org/2001/XMLSchema-instance" xsi:schemaLocation="http://schema.primaresearch.org/PAGE/gts/pagecontent/2013-07-15 http://schema.primaresearch.org/PAGE/gts/pagecontent/2013-07-15/pagecontent.xsd">
    <Metadata>
        <Creator>prov=READ-COOP:name=TrHtr:version=2.1.0:model_id=51170:date=30_07_2023_03:26</Creator>
        <Created>2023-05-10T13:31:38.057+02:00</Created>
        <LastChange>2023-07-30T03:26:15.645+02:00</LastChange>
        <TranskribusMetadata docId="1428581" pageId="55412436" pageNr="24" tsid="131479632" status="IN_PROGRESS" userId="64420" imgUrl="https://files.transkribus.eu/Get?id=HJVYYSICCCKZRNVJFFUAAEGI&amp;fileType=view" xmlUrl="https://files.transkribus.eu/Get?id=OLAMYLBHEAKOJDVTELTWTVKY" imageId="44686577"/>
    </Metadata>
    <Page imageFilename="1428581_0024.jpg" imageWidth="6040" imageHeight="8536">
        <ReadingOrder>
            <OrderedGroup id="ro_1711791632853" caption="Regions reading order">
                <RegionRefIndexed index="0" regionRef="tr_1"/>
            </OrderedGroup>
        </ReadingOrder>
        <TextRegion id="tr_1" custom="readingOrder {index:0;}">
            <Coords points="584,236 5545,236 5545,8038 584,8038"/>
            <TextLine id="tr_1_tl_1" custom="readingOrder {index:0;}">
                <Coords points="1415,336 1942,332 1942,219 1849,235 1707,215 1605,235 1573,215 1540,231 1492,207 1463,227 1415,215"/>
                <Baseline points="1438,286 1528,292 1617,292 1707,286 1796,286 1886,292 1951,292"/>
                <TextEquiv>
                    <Unicode>Wien, Donnerstag</Unicode>
                </TextEquiv>
            </TextLine>
            <TextLine id="tr_1_tl_2" custom="readingOrder {index:1;}">
                <Coords points="2578,345 2773,349 2858,308 2943,349 3498,341 3498,239 3409,247 3357,211 3069,207 2975,247 2801,191 2578,219"/>
                <Baseline points="2602,286 2692,292 2781,298 2871,304 2960,298 3050,298 3139,298 3229,298 3318,298 3408,298 3497,298 3509,292"/>
                <TextEquiv>
                    <Unicode>Neue Freie Presse.</Unicode>
                </TextEquiv>
            </TextLine>
            <TextLine id="tr_1_tl_3" custom="readingOrder {index:2;}">
                <Coords points="5031,292 5100,316 5164,312 5189,296 5197,308 5270,312 5387,304 5391,223 5310,219 5258,235 5225,215 5189,223 5169,203 5152,215 5096,203 5079,219 5031,219"/>
                <Baseline points="5055,292 5133,298 5223,298 5312,292 5402,286"/>
                <TextEquiv>
                    <Unicode>Nr. 16415</Unicode>
                </TextEquiv>
            </TextLine>
            <TextLine id="tr_1_tl_4" custom="readingOrder {index:3;}">
                <Coords points="632,341 920,345 920,219 884,215 872,227 843,203 803,223 758,199 746,207 726,199 689,223 661,199 632,203"/>
                <Baseline points="656,292 746,298 835,298 925,292 931,292"/>
                <TextEquiv>
                    <Unicode>Seite 4</Unicode>
                </TextEquiv>
            </TextLine>
            <TextLine id="tr_1_tl_5" custom="readingOrder {index:4;}">
                <Coords points="4050,357 4455,349 4455,199 4277,195 4236,227 4200,203 4175,215 4106,195 4086,211 4050,203"/>
                <Baseline points="4071,292 4160,304 4250,304 4339,304 4429,304 4464,298"/>
                <TextEquiv>
                    <Unicode>5. Mai 1910</Unicode>
                </TextEquiv>
            </TextLine>
            <TextLine id="tr_1_tl_6" custom="readingOrder {index:5;}">
                <Coords points="2367,434 5469,422 5387,332 2367,332"/>
                <Baseline points="2391,419 2483,405 2572,411 2662,411 2751,417 2841,423 2930,423 3020,417 3109,417 3199,417 3289,417 3378,417 3468,417 3557,423 3647,423 3736,423 3814,417 3862,417 3868,423 3957,417 4047,417 4136,417 4226,423 4315,423 4405,423 4494,423 4584,423 4673,423 4763,423 4852,423 4942,417 5032,423 5121,423 5211,417 5300,417 5390,417 5479,411"/>
                <TextEquiv>
                    <Unicode>Von der Einsicht der Volksvertreter deutscher und politischen Vorlagen, weniger aber der Taktik, welche be¬</Unicode>
                </TextEquiv>
            </TextLine>
            <TextLine id="tr_1_tl_7" custom="readingOrder {index:6;}">
                <Coords points="568,486 1520,422 2185,499 2185,328 568,353"/>
                <Baseline points="590,441 674,441 764,435 853,441 943,435 1032,435 1122,435 1211,429 1301,429 1390,429 1480,429 1569,435 1659,435 1748,429 1838,429 1928,429 2017,429 2107,429 2196,423"/>
                <TextEquiv>
                    <Unicode>Der internationale Friede als politisches und</Unicode>
                </TextEquiv>
            </TextLine>
            <TextLine id="tr_1_tl_8" custom="readingOrder {index:7;}">
                <Coords points="2371,491 5448,503 5391,422 2367,422"/>
                <Baseline points="2391,463 2483,471 2572,477 2662,477 2751,483 2841,489 2930,483 3020,477 3109,477 3199,477 3289,477 3378,483 3468,483 3557,489 3647,489 3736,489 3820,489 3880,483 3969,483 4059,483 4148,489 4238,489 4327,489 4417,489 4506,489 4596,489 4685,489 4775,489 4864,489 4954,489 5044,489 5133,489 5223,483 5312,483 5402,483 5455,483"/>
                <TextEquiv>
                    <Unicode>ischer Nation, &amp; in camera caritatis miteinander züglich der ersten Lesung und der Ausschußberatung</Unicode>
                </TextEquiv>
            </TextLine>
            <TextLine id="tr_1_tl_9" custom="readingOrder {index:8;}">
                <Coords points="916,576 1285,547 1390,572 1447,535 1853,559 1853,454 1828,450 916,450"/>
                <Baseline points="937,525 1026,531 1116,531 1205,531 1295,525 1384,525 1474,525 1563,531 1653,531 1743,525 1832,525 1862,525"/>
                <TextEquiv>
                    <Unicode>wirtschaftliches Bedürfnis.</Unicode>
                </TextEquiv>
            </TextLine>
            <TextLine id="tr_1_tl_10" custom="readingOrder {index:9;}">
                <Coords points="2234,543 2436,584 2623,543 2712,584 3798,580 3798,503 3478,482 2234,482"/>
                <Baseline points="2256,537 2345,543 2435,543 2524,543 2614,543 2704,543 2793,555 2883,555 2972,549 3062,549 3151,549 3241,549 3330,549 3420,549 3509,555 3599,555 3688,555 3778,561 3808,561"/>
                <TextEquiv>
                    <Unicode>vorsichtig und behutsam verhandeln, ist zu erwarten, daß</Unicode>
                </TextEquiv>
            </TextLine>
            <TextLine id="tr_1_tl_11" custom="readingOrder {index:10;}">
                <Coords points="3851,559 5440,568 5383,491 3851,511"/>
                <Baseline points="3874,549 3963,549 4053,549 4142,549 4232,555 4321,555 4411,555 4500,555 4590,555 4679,555 4769,555 4858,555 4948,555 5038,555 5127,555 5217,555 5306,549 5396,549 5449,549"/>
                <TextEquiv>
                    <Unicode>dieser Vorlagen einzuhalten wäre, als vielmehr ihrem</Unicode>
                </TextEquiv>
            </TextLine>
            <TextLine id="tr_1_tl_12" custom="readingOrder {index:11;}">
                <Coords points="2234,612 2708,604 2834,657 3794,632 3790,576 3701,559 2234,547"/>
                <Baseline points="2256,602 2345,602 2435,608 2524,608 2614,608 2704,608 2793,620 2883,626 2972,620 3062,614 3151,614 3241,614 3330,614 3420,614 3509,620 3599,620 3688,620 3778,620 3802,614"/>
                <TextEquiv>
                    <Unicode>ihnen nur die großen Ziele der Verständigung vor</Unicode>
                </TextEquiv>
            </TextLine>
            <TextLine id="tr_1_tl_13" custom="readingOrder {index:12;}">
                <Coords points="3851,632 5452,636 5452,576 5270,547 3851,555"/>
                <Baseline points="3874,620 3939,614 4029,614 4118,614 4208,620 4297,620 4387,626 4476,620 4566,626 4656,626 4745,626 4835,620 4924,620 5014,620 5103,620 5193,620 5282,620 5372,614 5461,614"/>
                <TextEquiv>
                    <Unicode>Inhalt. Bekanntlich haben sowohl Deutsche wie Czechen</Unicode>
                </TextEquiv>
            </TextLine>
            <TextLine id="tr_1_tl_14" custom="readingOrder {index:13;}">
                <Coords points="730,640 2035,653 2011,523 1849,572 730,535"/>
                <Baseline points="752,620 841,626 931,626 1020,626 1110,632 1199,626 1289,626 1378,626 1468,626 1557,626 1647,626 1737,620 1826,620 1916,620 2005,620 2047,620"/>
                <TextEquiv>
                    <Unicode>Vom Reichsratsabgeordneten Dr. Stephan Licht.</Unicode>
                </TextEquiv>
            </TextLine>
            <TextLine id="tr_1_tl_15" custom="readingOrder {index:14;}">
                <Coords points="2246,718 2619,673 2838,718 3802,709 3798,628 3685,616 2830,657 2708,604 2242,612"/>
                <Baseline points="2268,668 2357,674 2447,674 2536,674 2626,668 2716,680 2805,686 2895,686 2984,680 3074,674 3163,680 3253,680 3342,680 3432,680 3521,686 3611,686 3700,686 3790,686 3808,680"/>
                <TextEquiv>
                    <Unicode>schweben und daß sie weder durch Formfragen noch durch</Unicode>
                </TextEquiv>
            </TextLine>
            <TextLine id="tr_1_tl_16" custom="readingOrder {index:15;}">
                <Coords points="3851,697 5335,718 5481,709 5481,616 3851,632"/>
                <Baseline points="3874,686 3880,680 3969,686 4059,686 4148,686 4238,686 4327,686 4417,686 4506,686 4596,692 4685,692 4775,692 4864,686 4954,686 5044,686 5133,686 5223,686 5312,686 5402,680 5491,674"/>
                <TextEquiv>
                    <Unicode>erklärt, die von der Regierung im Reichsrate eingebrachten</Unicode>
                </TextEquiv>
            </TextLine>
            <TextLine id="tr_1_tl_17" custom="readingOrder {index:16;}">
                <Coords points="1711,713 1861,709 1881,726 1926,701 2007,709 2023,726 2084,722 2132,709 2132,608 2092,600 2051,640 1994,657 1942,636 1885,657 1767,632 1711,645"/>
                <Baseline points="1731,692 1820,698 1910,698 1999,698 2089,692 2142,698"/>
                <TextEquiv>
                    <Unicode>Wien, 4. Mai.</Unicode>
                </TextEquiv>
            </TextLine>
            <TextLine id="tr_1_tl_18" custom="readingOrder {index:17;}">
                <Coords points="2242,758 5440,770 5379,693 2242,681"/>
                <Baseline points="2262,740 2351,740 2441,740 2530,740 2620,740 2710,740 2799,752 2889,758 2978,746 3068,740 3157,746 3247,746 3336,746 3426,752 3515,752 3605,752 3694,752 3784,758 3814,752 3868,746 3957,752 4047,752 4136,752 4226,752 4315,752 4405,758 4494,758 4584,758 4673,758 4763,758 4852,758 4942,752 5032,752 5121,752 5211,752 5300,752 5390,752 5449,752"/>
                <TextEquiv>
                    <Unicode>Fragen des Parteinteresses sich ablenken lassen. Am Gesetzentwürfe über die Regelung der Sprachenfrage bei</Unicode>
                </TextEquiv>
            </TextLine>
            <TextLine id="tr_1_tl_19" custom="readingOrder {index:18;}">
                <Coords points="701,790 2177,795 2169,693 1553,730 1135,726 1070,685 936,726 872,669 701,673"/>
                <Baseline points="722,776 752,781 841,781 931,781 1020,781 1110,781 1199,781 1289,781 1378,781 1468,781 1557,781 1647,781 1737,781 1826,781 1916,776 2005,770 2095,770 2184,770"/>
                <TextEquiv>
                    <Unicode>Wer in die Wählerkreise hineinhorcht, hört mehr oder</Unicode>
                </TextEquiv>
            </TextLine>
            <TextLine id="tr_1_tl_20" custom="readingOrder {index:19;}">
                <Coords points="2242,819 5452,831 2242,758"/>
                <Baseline points="2262,799 2351,805 2441,805 2530,805 2620,805 2710,811 2799,823 2889,823 2978,817 3068,811 3157,811 3247,811 3336,811 3426,817 3515,817 3605,823 3694,823 3784,823 3808,823 3868,817 3939,817 4029,817 4118,823 4208,823 4297,823 4387,823 4476,823 4566,823 4656,823 4745,823 4835,823 4924,823 5014,823 5103,823 5193,817 5282,823 5372,817 5461,811"/>
                <TextEquiv>
                    <Unicode>wenigsten darf von der Rekonstruktion der Regierung, den landesfürstlichen Behörden und über die Kreis¬</Unicode>
                </TextEquiv>
            </TextLine>
            <TextLine id="tr_1_tl_21" custom="readingOrder {index:20;}">
                <Coords points="576,851 2173,855 2144,782 576,790"/>
                <Baseline points="596,847 656,853 746,847 835,847 925,847 1014,847 1104,853 1193,847 1283,853 1372,847 1462,847 1552,847 1641,847 1731,841 1820,841 1910,841 1999,841 2089,841 2178,841"/>
                <TextEquiv>
                    <Unicode>minder deutlich den Wunsch, daß Deutsche und Czechen in</Unicode>
                </TextEquiv>
            </TextLine>
            <TextLine id="tr_1_tl_22" custom="readingOrder {index:21;}">
                <Coords points="2234,884 3811,908 3811,823 2234,815"/>
                <Baseline points="2256,859 2345,871 2435,871 2524,871 2614,871 2704,877 2793,883 2883,889 2972,883 3062,877 3151,877 3241,877 3330,877 3420,883 3509,883 3599,889 3688,889 3778,889 3820,883"/>
                <TextEquiv>
                    <Unicode>weder von der großen noch von der kleinen Rekonstruk¬</Unicode>
                </TextEquiv>
            </TextLine>
            <TextLine id="tr_1_tl_23" custom="readingOrder {index:22;}">
                <Coords points="3863,892 5444,900 5444,827 3863,835"/>
                <Baseline points="3885,883 3975,883 4065,883 4154,889 4244,889 4333,889 4423,895 4512,889 4602,889 4691,889 4781,889 4870,889 4960,889 5049,889 5139,889 5229,889 5318,883 5408,889 5455,889"/>
                <TextEquiv>
                    <Unicode>einteilung und Errichtung von Kreisregierungen seien für</Unicode>
                </TextEquiv>
            </TextLine>
            <TextLine id="tr_1_tl_24" custom="readingOrder {index:23;}">
                <Coords points="568,928 2043,936 2169,920 2173,859 572,851"/>
                <Baseline points="590,919 656,919 746,919 835,919 925,919 1014,919 1104,919 1193,913 1283,913 1372,913 1462,919 1552,913 1641,913 1731,913 1820,913 1910,913 1999,913 2089,907 2178,907"/>
                <TextEquiv>
                    <Unicode>Böhmen einen gangbaren Weg zur Verständigung finden</Unicode>
                </TextEquiv>
            </TextLine>
            <TextLine id="tr_1_tl_25" custom="readingOrder {index:24;}">
                <Coords points="2242,945 3811,965 3811,904 3539,888 3036,884 2980,924 2242,884"/>
                <Baseline points="2262,931 2351,937 2441,937 2530,937 2620,943 2710,949 2799,949 2889,955 2978,949 3068,943 3157,943 3247,943 3336,943 3426,949 3515,949 3605,949 3694,949 3784,955 3820,955"/>
                <TextEquiv>
                    <Unicode>tion, die Rede sein. Wenn als Ergebnis der Beratungen</Unicode>
                </TextEquiv>
            </TextLine>
            <TextLine id="tr_1_tl_26" custom="readingOrder {index:25;}">
                <Coords points="3863,969 5440,977 5440,896 3863,892"/>
                <Baseline points="3885,943 3975,949 4065,949 4154,949 4244,955 4333,955 4423,955 4512,961 4602,961 4691,961 4781,955 4870,961 4960,961 5049,955 5139,955 5229,955 5318,949 5408,955 5449,949"/>
                <TextEquiv>
                    <Unicode>sie unannehmbar, nur waren die Deutschen bereit, diese</Unicode>
                </TextEquiv>
            </TextLine>
            <TextLine id="tr_1_tl_27" custom="readingOrder {index:26;}">
                <Coords points="580,993 2169,997 2169,924 580,932"/>
                <Baseline points="602,978 656,984 746,984 835,984 925,984 1014,984 1104,984 1193,984 1283,984 1372,984 1462,984 1552,984 1641,978 1731,978 1820,978 1910,978 1999,972 2089,972 2178,972"/>
                <TextEquiv>
                    <Unicode>mögen. An vielen Orten, insbesondere dort, wo der</Unicode>
                </TextEquiv>
            </TextLine>
            <TextLine id="tr_1_tl_28" custom="readingOrder {index:27;}">
                <Coords points="2246,1017 3802,1042 3802,961 2246,949"/>
                <Baseline points="2268,1002 2357,1008 2447,1002 2536,1008 2626,1008 2716,1008 2805,1014 2895,1020 2984,1020 3074,1008 3163,1008 3253,1014 3342,1014 3432,1014 3521,1014 3611,1014 3700,1014 3790,1020 3814,1014"/>
                <TextEquiv>
                    <Unicode>dies zu Tage treten würde, die Wähler würden es nicht</Unicode>
                </TextEquiv>
            </TextLine>
            <TextLine id="tr_1_tl_29" custom="readingOrder {index:28;}">
                <Coords points="3863,1034 5440,1026 5440,973 5274,953 3863,969"/>
                <Baseline points="3885,1020 3975,1020 4065,1020 4154,1020 4244,1020 4333,1020 4423,1020 4512,1026 4602,1026 4691,1026 4781,1026 4870,1020 4960,1020 5049,1020 5139,1020 5229,1020 5318,1020 5408,1020 5449,1020"/>
                <TextEquiv>
                    <Unicode>Vorlagen als Grundlagen der parlamentarischen Beratung</Unicode>
                </TextEquiv>
            </TextLine>
            <TextLine id="tr_1_tl_30" custom="readingOrder {index:29;}">
                <Coords points="580,1062 2027,1070 2181,1062 2181,989 580,993"/>
                <Baseline points="602,1050 668,1050 758,1050 847,1050 937,1050 1026,1050 1116,1050 1205,1050 1295,1044 1384,1050 1474,1044 1563,1044 1653,1044 1743,1044 1832,1044 1922,1044 2011,1038 2101,1038 2190,1044"/>
                <TextEquiv>
                    <Unicode>Nationalitätenkampf nicht unmittelbar wirkt, versteht man</Unicode>
                </TextEquiv>
            </TextLine>
            <TextLine id="tr_1_tl_31" custom="readingOrder {index:30;}">
                <Coords points="2242,1078 5452,1099 2238,1017"/>
                <Baseline points="2262,1074 2351,1068 2441,1068 2530,1074 2620,1074 2710,1074 2799,1080 2889,1092 2978,1080 3068,1074 3157,1080 3247,1074 3336,1080 3426,1080 3515,1080 3605,1080 3694,1086 3784,1086 3826,1086 3880,1080 3969,1086 4059,1086 4148,1086 4238,1092 4327,1086 4417,1092 4506,1092 4596,1092 4685,1092 4775,1086 4864,1092 4954,1092 5044,1086 5133,1086 5223,1086 5312,1086 5402,1086 5461,1080"/>
                <TextEquiv>
                    <Unicode>verstehen. Eine verhängnisvolle weitere Diskreditierung der anzuerkennen. Von den deutschen Parteien des Ab¬</Unicode>
                </TextEquiv>
            </TextLine>
            <TextLine id="tr_1_tl_32" custom="readingOrder {index:31;}">
                <Coords points="568,1127 2173,1123 2173,1062 2084,1050 568,1062"/>
                <Baseline points="590,1116 662,1116 752,1116 841,1116 931,1116 1020,1116 1110,1110 1199,1116 1289,1116 1378,1116 1468,1116 1557,1110 1647,1110 1737,1110 1826,1110 1916,1104 2005,1104 2095,1104 2184,1110"/>
                <TextEquiv>
                    <Unicode>überhaupt nicht, warum die beiden Volksstämme in einen</Unicode>
                </TextEquiv>
            </TextLine>
            <TextLine id="tr_1_tl_33" custom="readingOrder {index:32;}">
                <Coords points="2234,1147 3802,1172 3802,1095 3729,1090 2234,1074"/>
                <Baseline points="2256,1134 2345,1134 2435,1134 2524,1134 2614,1140 2704,1140 2793,1146 2883,1152 2972,1146 3062,1146 3151,1140 3241,1140 3330,1140 3420,1140 3509,1146 3599,1146 3688,1146 3778,1152 3814,1146"/>
                <TextEquiv>
                    <Unicode>bürgerlichen Politiker wäre es, wenn ruchbar würde, daß</Unicode>
                </TextEquiv>
            </TextLine>
            <TextLine id="tr_1_tl_34" custom="readingOrder {index:33;}">
                <Coords points="3859,1176 5278,1196 5469,1159 5469,1099 3859,1103"/>
                <Baseline points="3880,1152 3957,1152 4047,1152 4136,1152 4226,1152 4315,1152 4405,1158 4494,1158 4584,1158 4673,1158 4763,1158 4852,1158 4942,1158 5032,1152 5121,1152 5211,1152 5300,1158 5390,1152 5479,1146"/>
                <TextEquiv>
                    <Unicode>geordnetenhauses wurde die erste Lesung und die Zu¬</Unicode>
                </TextEquiv>
            </TextLine>
            <TextLine id="tr_1_tl_35" custom="readingOrder {index:34;}">
                <Coords points="576,1204 2181,1184 2181,1123 2120,1111 580,1123"/>
                <Baseline points="602,1193 668,1181 758,1181 847,1181 937,1181 1026,1181 1116,1181 1205,1181 1295,1181 1384,1181 1474,1181 1563,1181 1653,1175 1743,1175 1832,1175 1922,1175 2011,1169 2101,1169 2190,1175"/>
                <TextEquiv>
                    <Unicode>Zwist geraten sind, der immer mehr sich verschärft. Aber</Unicode>
                </TextEquiv>
            </TextLine>
            <TextLine id="tr_1_tl_36" custom="readingOrder {index:35;}">
                <Coords points="2242,1212 5440,1245 5412,1167 2242,1147"/>
                <Baseline points="2262,1199 2351,1205 2441,1205 2530,1205 2620,1211 2710,1211 2799,1211 2889,1217 2978,1211 3068,1211 3157,1211 3247,1211 3336,1211 3426,1211 3515,1217 3605,1217 3694,1217 3784,1217 3814,1217 3856,1211 3945,1217 4035,1217 4124,1217 4214,1217 4303,1217 4393,1223 4482,1223 4572,1223 4661,1223 4751,1223 4841,1223 4930,1223 5020,1229 5109,1223 5199,1217 5288,1217 5378,1217 5449,1217"/>
                <TextEquiv>
                    <Unicode>die Besetzung leerer oder Veränderungen bei besetzten weisung der nationalpolitischen Verlagen an den</Unicode>
                </TextEquiv>
            </TextLine>
            <TextLine id="tr_1_tl_37" custom="readingOrder {index:36;}">
                <Coords points="580,1265 2177,1261 2177,1180 580,1204"/>
                <Baseline points="602,1247 662,1247 752,1247 841,1253 931,1247 1020,1247 1110,1247 1199,1247 1289,1247 1378,1247 1468,1247 1557,1241 1647,1241 1737,1247 1826,1241 1916,1241 2005,1241 2095,1241 2184,1241"/>
                <TextEquiv>
                    <Unicode>auch dort, wo volles Verständnis besteht, um welch</Unicode>
                </TextEquiv>
            </TextLine>
            <TextLine id="tr_1_tl_38" custom="readingOrder {index:37;}">
                <Coords points="2238,1313 2392,1273 2951,1313 3125,1293 3121,1224 2854,1240 2825,1216 2651,1236 2234,1208"/>
                <Baseline points="2256,1271 2345,1271 2435,1271 2524,1271 2614,1271 2704,1271 2793,1283 2883,1283 2972,1277 3062,1277 3133,1283"/>
                <TextEquiv>
                    <Unicode>Ministerstühlen in Frage ständen.</Unicode>
                </TextEquiv>
            </TextLine>
            <TextLine id="tr_1_tl_39" custom="readingOrder {index:38;}">
                <Coords points="3851,1297 5440,1309 5440,1232 3851,1228"/>
                <Baseline points="3874,1277 3963,1283 4053,1283 4142,1283 4232,1289 4321,1289 4411,1289 4500,1295 4590,1289 4679,1289 4769,1289 4858,1289 4948,1289 5038,1289 5127,1295 5217,1289 5306,1289 5396,1283 5449,1283"/>
                <TextEquiv>
                    <Unicode>Nationalitätenausschuß wiederholt verlangt, um nur</Unicode>
                </TextEquiv>
            </TextLine>
            <TextLine id="tr_1_tl_40" custom="readingOrder {index:39;}">
                <Coords points="580,1338 2181,1330 2181,1265 2019,1240 580,1261"/>
                <Baseline points="602,1325 668,1319 758,1313 847,1313 937,1319 1026,1313 1116,1313 1205,1319 1295,1313 1384,1313 1474,1313 1563,1307 1653,1307 1743,1307 1832,1307 1922,1307 2011,1307 2101,1307 2190,1301"/>
                <TextEquiv>
                    <Unicode>großes und schwieriges Problem es sich handelt, will man</Unicode>
                </TextEquiv>
            </TextLine>
            <TextLine id="tr_1_tl_41" custom="readingOrder {index:40;}">
                <Coords points="2351,1334 5448,1366 5193,1285 2351,1281"/>
                <Baseline points="2375,1331 2465,1331 2554,1331 2644,1337 2733,1337 2823,1343 2912,1343 3002,1343 3092,1343 3181,1337 3271,1337 3360,1343 3450,1343 3539,1343 3629,1343 3718,1343 3808,1343 3826,1349 3874,1343 3963,1349 4053,1355 4142,1355 4232,1355 4321,1355 4411,1355 4500,1355 4590,1360 4679,1355 4769,1355 4858,1355 4948,1355 5038,1355 5127,1355 5217,1355 5306,1355 5396,1355 5455,1349"/>
                <TextEquiv>
                    <Unicode>Eine Rekonstrukton vor der Verständigung oder endlich überhaupt die gesetzliche Regelung der nationalen</Unicode>
                </TextEquiv>
            </TextLine>
            <TextLine id="tr_1_tl_42" custom="readingOrder {index:41;}">
                <Coords points="588,1390 2173,1382 2173,1326 2047,1305 592,1338"/>
                <Baseline points="614,1384 662,1384 752,1384 841,1378 931,1384 1020,1384 1110,1384 1199,1384 1289,1378 1378,1384 1468,1378 1557,1378 1647,1378 1737,1378 1826,1378 1916,1378 2005,1372 2095,1372 2184,1372"/>
                <TextEquiv>
                    <Unicode>zum Frieden gelangen, um Zeit und Raum zu gewinnen</Unicode>
                </TextEquiv>
            </TextLine>
            <TextLine id="tr_1_tl_43" custom="readingOrder {index:42;}">
                <Coords points="2242,1411 5464,1431 2242,1309"/>
                <Baseline points="2262,1396 2351,1396 2441,1396 2530,1396 2620,1402 2710,1408 2799,1414 2889,1414 2978,1414 3068,1408 3157,1402 3247,1408 3336,1408 3426,1408 3515,1408 3605,1408 3694,1414 3784,1414 3826,1414 3880,1414 3969,1420 4059,1420 4148,1420 4238,1426 4327,1426 4417,1426 4506,1426 4596,1426 4685,1420 4775,1426 4864,1420 4954,1426 5044,1426 5133,1426 5223,1420 5312,1420 5402,1420 5473,1420"/>
                <TextEquiv>
                    <Unicode>wenigstens vor der Festlegung der Grundsätze für die Frage in Böhmen in Angriff nehmen zu können. Die</Unicode>
                </TextEquiv>
            </TextLine>
            <TextLine id="tr_1_tl_44" custom="readingOrder {index:43;}">
                <Coords points="584,1476 2071,1484 2181,1472 2181,1386 584,1407"/>
                <Baseline points="608,1444 668,1450 758,1450 847,1450 937,1450 1026,1450 1116,1450 1205,1450 1295,1444 1384,1450 1474,1450 1563,1450 1653,1450 1743,1450 1832,1444 1922,1450 2011,1444 2101,1444 2190,1438"/>
                <TextEquiv>
                    <Unicode>für die Lösung jener großen Fragen, die drängender als</Unicode>
                </TextEquiv>
            </TextLine>
            <TextLine id="tr_1_tl_45" custom="readingOrder {index:44;}">
                <Coords points="2234,1484 3802,1488 3802,1431 3717,1415 2842,1451 2234,1411"/>
                <Baseline points="2256,1468 2345,1468 2435,1468 2524,1468 2614,1468 2704,1474 2793,1474 2883,1480 2972,1474 3062,1474 3151,1474 3241,1474 3330,1474 3420,1474 3509,1474 3599,1474 3688,1474 3778,1480 3814,1474"/>
                <TextEquiv>
                    <Unicode>Verständigung, die von den nationalen Parteien</Unicode>
                </TextEquiv>
            </TextLine>
            <TextLine id="tr_1_tl_46" custom="readingOrder {index:45;}">
                <Coords points="3859,1496 5456,1508 5456,1431 3859,1431"/>
                <Baseline points="3880,1480 3969,1486 4059,1486 4148,1486 4238,1486 4327,1486 4417,1486 4506,1492 4596,1486 4685,1486 4775,1486 4864,1492 4954,1492 5044,1486 5133,1486 5223,1486 5312,1486 5402,1486 5461,1486"/>
                <TextEquiv>
                    <Unicode>Czechen remonstrierten gegen dieses deutsche Verlangen auf</Unicode>
                </TextEquiv>
            </TextLine>
            <TextLine id="tr_1_tl_47" custom="readingOrder {index:46;}">
                <Coords points="592,1557 989,1512 1978,1540 2027,1532 2027,1463 592,1472"/>
                <Baseline points="614,1522 692,1522 781,1516 871,1510 961,1510 1050,1516 1140,1516 1229,1516 1319,1516 1408,1516 1498,1516 1587,1510 1677,1510 1766,1510 1856,1510 1945,1510 2035,1510"/>
                <TextEquiv>
                    <Unicode>je im Staats= und Volksleben Oesterreichs auftreten.</Unicode>
                </TextEquiv>
            </TextLine>
            <TextLine id="tr_1_tl_48" custom="readingOrder {index:47;}">
                <Coords points="2246,1553 5444,1569 5286,1488 2246,1480"/>
                <Baseline points="2268,1534 2357,1540 2447,1534 2536,1534 2626,1540 2716,1540 2805,1546 2895,1552 2984,1546 3074,1540 3163,1540 3253,1546 3342,1540 3432,1546 3521,1546 3611,1546 3700,1546 3790,1546 3814,1540 3868,1552 3957,1552 4047,1557 4136,1552 4226,1557 4315,1557 4405,1557 4494,1557 4584,1557 4673,1557 4763,1557 4852,1557 4942,1557 5032,1557 5121,1557 5211,1557 5300,1557 5390,1552 5455,1557"/>
                <TextEquiv>
                    <Unicode>ratihabiert wären, würde den Kampf nur verschärfen und das heftigste, das auch bei allen automomistischen</Unicode>
                </TextEquiv>
            </TextLine>
            <TextLine id="tr_1_tl_49" custom="readingOrder {index:48;}">
                <Coords points="681,1581 904,1622 2132,1601 2181,1589 2181,1472 1873,1553 681,1540"/>
                <Baseline points="704,1575 758,1581 847,1581 937,1581 1026,1581 1116,1581 1205,1581 1295,1581 1384,1581 1474,1581 1563,1581 1653,1581 1743,1581 1832,1581 1922,1581 2011,1581 2101,1575 2190,1569"/>
                <TextEquiv>
                    <Unicode>Das Friedensbedürfnis der Bevölkerung ist selbst¬</Unicode>
                </TextEquiv>
            </TextLine>
            <TextLine id="tr_1_tl_50" custom="readingOrder {index:49;}">
                <Coords points="2234,1630 5444,1634 2234,1549"/>
                <Baseline points="2256,1599 2345,1605 2435,1605 2524,1605 2614,1605 2704,1611 2793,1611 2883,1623 2972,1623 3062,1617 3151,1611 3241,1611 3330,1611 3420,1617 3509,1617 3599,1617 3688,1617 3778,1617 3814,1611 3868,1617 3957,1623 4047,1623 4136,1623 4226,1623 4315,1629 4405,1629 4494,1629 4584,1623 4673,1623 4763,1623 4852,1623 4942,1629 5032,1623 5121,1629 5211,1629 5300,1629 5390,1623 5455,1629"/>
                <TextEquiv>
                    <Unicode>wieder jene Erscheinungen zeitigen, die wir in der Kouli=| Elementen des Hauses Widerstand fand. Ueber den Streit</Unicode>
                </TextEquiv>
            </TextLine>
            <TextLine id="tr_1_tl_51" custom="readingOrder {index:50;}">
                <Coords points="576,1658 2173,1662 2173,1585 904,1617 580,1549"/>
                <Baseline points="596,1647 656,1653 746,1653 835,1653 925,1647 1014,1647 1104,1653 1193,1653 1283,1647 1372,1653 1462,1647 1552,1653 1641,1653 1731,1647 1820,1647 1910,1641 1999,1647 2089,1641 2178,1635"/>
                <TextEquiv>
                    <Unicode>verständlich niemals größer als zu Zeiten, wo die Wirt¬</Unicode>
                </TextEquiv>
            </TextLine>
            <TextLine id="tr_1_tl_52" custom="readingOrder {index:51;}">
                <Coords points="2238,1747 2384,1682 2465,1699 2603,1682 2643,1703 2748,1682 2785,1711 2911,1699 2907,1650 2834,1626 2663,1638 2590,1605 2517,1634 2234,1626"/>
                <Baseline points="2256,1677 2345,1677 2435,1671 2524,1671 2614,1671 2704,1677 2793,1677 2883,1689 2918,1689"/>
                <TextEquiv>
                    <Unicode>tionsära gekannt haben.</Unicode>
                </TextEquiv>
            </TextLine>
            <TextLine id="tr_1_tl_53" custom="readingOrder {index:52;}">
                <Coords points="3859,1711 5444,1719 5444,1634 3859,1634"/>
                <Baseline points="3880,1689 3969,1689 4059,1689 4148,1689 4238,1689 4327,1689 4417,1689 4506,1689 4596,1695 4685,1689 4775,1689 4864,1689 4954,1689 5044,1689 5133,1689 5223,1695 5312,1689 5402,1689 5455,1695"/>
                <TextEquiv>
                    <Unicode>um die erste Lesung und Zuweisung hatte man so ziemlich</Unicode>
                </TextEquiv>
            </TextLine>
            <TextLine id="tr_1_tl_54" custom="readingOrder {index:53;}">
                <Coords points="580,1727 2148,1731 2148,1666 2027,1650 580,1658"/>
                <Baseline points="602,1719 638,1713 728,1713 817,1713 907,1713 996,1713 1086,1713 1175,1713 1265,1713 1355,1713 1444,1713 1534,1713 1623,1713 1713,1713 1802,1713 1892,1713 1981,1713 2071,1707 2160,1707"/>
                <TextEquiv>
                    <Unicode>schaftslage ungünstig ist und man von der Volksver</Unicode>
                </TextEquiv>
            </TextLine>
            <TextLine id="tr_1_tl_55" custom="readingOrder {index:54;}">
                <Coords points="2351,1755 2886,1788 3223,1743 3709,1796 3811,1759 3806,1662 3754,1646 3405,1694 2975,1666 2793,1719 2748,1682 2347,1699"/>
                <Baseline points="2375,1737 2465,1743 2554,1737 2644,1743 2733,1743 2823,1748 2912,1754 3002,1748 3092,1748 3181,1743 3271,1748 3360,1748 3450,1748 3539,1748 3629,1748 3718,1748 3808,1748 3820,1748"/>
                <TextEquiv>
                    <Unicode>Niemand muß vorsichtiger sein als die deutschfreiheit¬</Unicode>
                </TextEquiv>
            </TextLine>
            <TextLine id="tr_1_tl_56" custom="readingOrder {index:55;}">
                <Coords points="3863,1763 5481,1784 5481,1715 5383,1703 3863,1711"/>
                <Baseline points="3885,1754 3975,1754 4065,1754 4154,1760 4244,1760 4333,1760 4423,1760 4512,1760 4602,1754 4691,1760 4781,1754 4870,1760 4960,1760 5049,1760 5139,1760 5229,1754 5318,1760 5408,1760 5491,1760"/>
                <TextEquiv>
                    <Unicode>auf den Inhalt der Vorlagen vergessen und es schien</Unicode>
                </TextEquiv>
            </TextLine>
            <TextLine id="tr_1_tl_57" custom="readingOrder {index:56;}">
                <Coords points="563,1792 2181,1792 2181,1739 2112,1723 563,1727"/>
                <Baseline points="584,1784 668,1784 758,1778 847,1784 937,1784 1026,1784 1116,1778 1205,1784 1295,1784 1384,1784 1474,1784 1563,1784 1653,1784 1743,1778 1832,1778 1922,1778 2011,1778 2101,1778 2190,1778"/>
                <TextEquiv>
                    <Unicode>tretung werktätige Hilfe erwartet. Tatsächlich bestehen</Unicode>
                </TextEquiv>
            </TextLine>
            <TextLine id="tr_1_tl_58" custom="readingOrder {index:57;}">
                <Coords points="2234,1816 4905,1865 5452,1780 2230,1743"/>
                <Baseline points="2256,1808 2345,1808 2435,1814 2524,1808 2614,1808 2704,1808 2793,1814 2883,1814 2972,1820 3062,1814 3151,1808 3241,1808 3330,1814 3420,1814 3509,1820 3599,1820 3688,1814 3778,1820 3814,1820 3874,1814 3963,1820 4053,1826 4142,1826 4232,1826 4321,1826 4411,1826 4500,1826 4590,1826 4679,1826 4769,1826 4858,1826 4948,1826 5038,1820 5127,1820 5217,1820 5306,1820 5396,1826 5461,1826"/>
                <TextEquiv>
                    <Unicode>lichen Abgeordneten, deren Stellung ohnehin die daher notwendig, durch die berufenen Vertreter der beiden</Unicode>
                </TextEquiv>
            </TextLine>
            <TextLine id="tr_1_tl_59" custom="readingOrder {index:58;}">
                <Coords points="584,1881 2157,1869 2185,1796 584,1804"/>
                <Baseline points="608,1862 674,1856 764,1856 853,1850 943,1856 1032,1856 1122,1850 1211,1850 1301,1856 1390,1850 1480,1850 1569,1850 1659,1850 1748,1850 1838,1850 1928,1850 2017,1850 2107,1844 2196,1844"/>
                <TextEquiv>
                    <Unicode>gegenwärtig in Oesterreich recht unerfreuliche Verhältnisse</Unicode>
                </TextEquiv>
            </TextLine>
            <TextLine id="tr_1_tl_60" custom="readingOrder {index:59;}">
                <Coords points="2234,1881 5456,1913 5314,1828 2234,1816"/>
                <Baseline points="2256,1874 2345,1880 2435,1880 2524,1874 2614,1880 2704,1874 2793,1880 2883,1886 2972,1880 3062,1880 3151,1880 3241,1874 3330,1880 3420,1886 3509,1886 3599,1886 3688,1886 3778,1892 3826,1892 3856,1886 3945,1892 4035,1892 4124,1892 4214,1892 4303,1892 4393,1892 4482,1892 4572,1892 4661,1892 4751,1892 4841,1892 4930,1892 5020,1892 5109,1886 5199,1892 5288,1892 5378,1892 5467,1892"/>
                <TextEquiv>
                    <Unicode>schwierigste, deren Verhalten Mißverständnissen und Miß=  Volksstämme in Böhmen festzustellen, worin die sachlichen</Unicode>
                </TextEquiv>
            </TextLine>
            <TextLine id="tr_1_tl_61" custom="readingOrder {index:60;}">
                <Coords points="580,1926 2023,1954 2177,1930 2181,1869 584,1877"/>
                <Baseline points="602,1922 662,1916 752,1916 841,1916 931,1916 1020,1922 1110,1922 1199,1916 1289,1916 1378,1922 1468,1916 1557,1916 1647,1916 1737,1916 1826,1916 1916,1916 2005,1910 2095,1916 2184,1910"/>
                <TextEquiv>
                    <Unicode>auf dem Gebiete des Wirtschaftslebens, die durch die</Unicode>
                </TextEquiv>
            </TextLine>
            <TextLine id="tr_1_tl_62" custom="readingOrder {index:61;}">
                <Coords points="2238,1966 2659,1942 3251,1966 3247,1901 3215,1889 2890,1917 2773,1885 2234,1885"/>
                <Baseline points="2256,1945 2345,1945 2435,1940 2524,1940 2614,1940 2704,1940 2793,1945 2883,1951 2972,1945 3062,1945 3151,1945 3241,1945 3259,1951"/>
                <TextEquiv>
                    <Unicode>deutungen am meisten ausgesetzt ist.</Unicode>
                </TextEquiv>
            </TextLine>
            <TextLine id="tr_1_tl_63" custom="readingOrder {index:62;}">
                <Coords points="3863,1966 5444,1982 5444,1905 3863,1897"/>
                <Baseline points="3885,1957 3975,1957 4065,1957 4154,1957 4244,1957 4333,1957 4423,1957 4512,1957 4602,1957 4691,1957 4781,1957 4870,1957 4960,1957 5049,1957 5139,1957 5229,1951 5318,1957 5408,1957 5455,1963"/>
                <TextEquiv>
                    <Unicode> Differenzen bestünden. Diesem Zwecke vor allem haben</Unicode>
                </TextEquiv>
            </TextLine>
            <TextLine id="tr_1_tl_64" custom="readingOrder {index:63;}">
                <Coords points="580,2015 2181,1998 2132,1921 580,1930"/>
                <Baseline points="602,1993 668,1987 758,1987 847,1987 937,1987 1026,1987 1116,1987 1205,1987 1295,1987 1384,1987 1474,1987 1563,1987 1653,1987 1743,1987 1832,1987 1922,1981 2011,1981 2101,1981 2190,1987"/>
                <TextEquiv>
                    <Unicode>finanzielle Not des Staates, der Länder und aller</Unicode>
                </TextEquiv>
            </TextLine>
            <TextLine id="tr_1_tl_65" custom="readingOrder {index:64;}">
                <Coords points="2351,2019 5456,2031 5229,1954 2351,1958"/>
                <Baseline points="2375,2005 2465,2005 2554,2005 2644,2005 2733,2005 2823,2011 2912,2017 3002,2011 3092,2011 3181,2011 3271,2011 3360,2011 3450,2011 3539,2011 3629,2017 3718,2017 3808,2017 3826,2017 3874,2017 3963,2023 4053,2023 4142,2023 4232,2023 4321,2023 4411,2023 4500,2023 4590,2023 4679,2023 4769,2023 4858,2023 4948,2023 5038,2023 5127,2023 5217,2023 5306,2023 5396,2023 5467,2023"/>
                <TextEquiv>
                    <Unicode>Wer wie ich in den letzten Tagen in zwei deutschen die jetzigen Besprechungen gegolten, was es begreiflich er¬</Unicode>
                </TextEquiv>
            </TextLine>
            <TextLine id="tr_1_tl_66" custom="readingOrder {index:65;}">
                <Coords points="568,2067 1942,2080 2185,2067 2185,2003 568,2015"/>
                <Baseline points="590,2047 680,2053 770,2053 859,2053 949,2053 1038,2053 1128,2053 1217,2053 1307,2053 1396,2053 1486,2053 1575,2053 1665,2053 1754,2053 1844,2047 1934,2047 2023,2047 2113,2047 2190,2047"/>
                <TextEquiv>
                    <Unicode>anderen Selbstverwaltungskörper noch härter empfunden</Unicode>
                </TextEquiv>
            </TextLine>
            <TextLine id="tr_1_tl_67" custom="readingOrder {index:66;}">
                <Coords points="2242,2088 3819,2096 3819,2035 3754,2027 2242,2003"/>
                <Baseline points="2262,2065 2351,2077 2441,2071 2530,2071 2620,2071 2710,2071 2799,2077 2889,2083 2978,2083 3068,2083 3157,2083 3247,2077 3336,2083 3426,2083 3515,2083 3605,2083 3694,2083 3784,2083 3826,2089"/>
                <TextEquiv>
                    <Unicode>Städten an der Sprachgrenze, hart bedrängt von der</Unicode>
                </TextEquiv>
            </TextLine>
            <TextLine id="tr_1_tl_68" custom="readingOrder {index:67;}">
                <Coords points="3867,2108 5456,2104 5456,2031 3867,2031"/>
                <Baseline points="3891,2089 3981,2089 4071,2089 4160,2089 4250,2089 4339,2089 4429,2089 4518,2089 4608,2089 4697,2089 4787,2083 4876,2089 4966,2089 5055,2089 5145,2089 5235,2095 5324,2089 5414,2089 5467,2095"/>
                <TextEquiv>
                    <Unicode>scheinen läßt, wenn sie in voller Vertraulichkeit geführt</Unicode>
                </TextEquiv>
            </TextLine>
            <TextLine id="tr_1_tl_69" custom="readingOrder {index:68;}">
                <Coords points="563,2128 2185,2136 2185,2067 2124,2059 563,2071"/>
                <Baseline points="584,2113 674,2119 764,2119 853,2119 943,2119 1032,2119 1122,2119 1211,2119 1301,2119 1390,2119 1480,2119 1569,2119 1659,2119 1748,2119 1838,2119 1928,2113 2017,2119 2107,2113 2196,2113"/>
                <TextEquiv>
                    <Unicode>werden. Die geschäftliche Konjunktur wird eher schlechter</Unicode>
                </TextEquiv>
            </TextLine>
            <TextLine id="tr_1_tl_70" custom="readingOrder {index:69;}">
                <Coords points="2246,2144 3811,2173 3811,2092 3709,2084 2915,2120 2246,2084"/>
                <Baseline points="2268,2136 2298,2136 2387,2142 2477,2142 2566,2136 2656,2142 2745,2142 2835,2148 2924,2148 3014,2148 3104,2142 3195,2150 3195,2150 3289,2142 3378,2142 3468,2142 3557,2142 3647,2148 3736,2148 3820,2148"/>
                <TextEquiv>
                    <Unicode>slavischen Hochflut wie wenige andere — Mistek und</Unicode>
                </TextEquiv>
            </TextLine>
            <TextLine id="tr_1_tl_71" custom="readingOrder {index:70;}">
                <Coords points="3863,2169 5351,2177 5452,2165 5452,2100 3863,2108"/>
                <Baseline points="3885,2148 3975,2154 4065,2154 4154,2154 4244,2154 4333,2160 4423,2154 4512,2154 4602,2154 4691,2154 4781,2154 4870,2154 4960,2148 5049,2154 5139,2154 5229,2154 5318,2154 5408,2154 5461,2154"/>
                <TextEquiv>
                    <Unicode>wurden. Die Regierung wollte darüber informiert sein,</Unicode>
                </TextEquiv>
            </TextLine>
            <TextLine id="tr_1_tl_72" custom="readingOrder {index:71;}">
                <Coords points="580,2197 2181,2205 2153,2124 580,2132"/>
                <Baseline points="602,2184 668,2184 758,2184 847,2184 937,2184 1026,2184 1116,2184 1205,2184 1295,2184 1384,2184 1474,2190 1563,2184 1653,2184 1743,2184 1832,2184 1922,2184 2011,2184 2101,2184 2190,2178"/>
                <TextEquiv>
                    <Unicode>als besser; viele industrielle und gewerbliche Betriebe</Unicode>
                </TextEquiv>
            </TextLine>
            <TextLine id="tr_1_tl_73" custom="readingOrder {index:72;}">
                <Coords points="2250,2221 3811,2221 3811,2169 3701,2144 3555,2181 3154,2140 3000,2185 2793,2140 2250,2153"/>
                <Baseline points="2274,2214 2286,2208 2375,2208 2465,2202 2554,2202 2644,2208 2733,2208 2823,2214 2912,2214 3002,2214 3092,2208 3187,2207 3187,2207 3283,2214 3372,2208 3462,2214 3551,2214 3641,2214 3730,2208 3820,2208"/>
                <TextEquiv>
                    <Unicode>Oderfurt — die Stimmung der Wählerschaft in bewegten</Unicode>
                </TextEquiv>
            </TextLine>
            <TextLine id="tr_1_tl_74" custom="readingOrder {index:73;}">
                <Coords points="3867,2234 5464,2234 5464,2173 5310,2157 3867,2165"/>
                <Baseline points="3891,2214 3981,2220 4071,2220 4160,2220 4250,2220 4339,2220 4429,2220 4518,2220 4608,2220 4697,2220 4787,2220 4876,2220 4966,2220 5055,2214 5145,2220 5235,2220 5324,2220 5414,2220 5473,2226"/>
                <TextEquiv>
                    <Unicode>welche Bestimmungen der nationalpolitischen Gesetzentwürse</Unicode>
                </TextEquiv>
            </TextLine>
            <TextLine id="tr_1_tl_75" custom="readingOrder {index:74;}">
                <Coords points="568,2266 2173,2270 2173,2201 1950,2189 568,2197"/>
                <Baseline points="590,2256 662,2250 752,2250 841,2250 931,2250 1020,2250 1110,2250 1199,2250 1289,2250 1378,2250 1468,2256 1557,2250 1647,2250 1737,2250 1826,2250 1916,2250 2005,2250 2095,2250 2184,2250"/>
                <TextEquiv>
                    <Unicode>werden nur mit Mühe und Not aufrecht erhalten, um</Unicode>
                </TextEquiv>
            </TextLine>
            <TextLine id="tr_1_tl_76" custom="readingOrder {index:75;}">
                <Coords points="2234,2303 5444,2298 2234,2226"/>
                <Baseline points="2256,2274 2345,2274 2435,2274 2524,2274 2614,2274 2704,2274 2793,2274 2883,2280 2972,2280 3062,2280 3151,2280 3241,2280 3330,2280 3420,2280 3509,2280 3599,2280 3688,2280 3778,2280 3826,2280 3880,2280 3969,2286 4059,2286 4148,2286 4238,2286 4327,2286 4417,2286 4506,2286 4596,2286 4685,2286 4775,2286 4864,2286 4954,2286 5044,2286 5133,2280 5223,2286 5312,2286 5402,2286 5455,2286"/>
                <TextEquiv>
                    <Unicode>Versammlungen erprobt hat, weiß diese zu deuten und von den Deutschen, welche von den Czechen verworfen</Unicode>
                </TextEquiv>
            </TextLine>
            <TextLine id="tr_1_tl_77" custom="readingOrder {index:76;}">
                <Coords points="580,2335 2177,2343 2177,2270 2088,2258 580,2262"/>
                <Baseline points="602,2316 692,2322 781,2316 871,2322 961,2316 1050,2322 1140,2316 1229,2316 1319,2322 1408,2322 1498,2322 1587,2316 1677,2322 1766,2322 1856,2316 1945,2316 2035,2322 2125,2316 2184,2322"/>
                <TextEquiv>
                    <Unicode>der Arbeiterschaft nicht die Gelegenheit zu Beschäftigung</Unicode>
                </TextEquiv>
            </TextLine>
            <TextLine id="tr_1_tl_78" custom="readingOrder {index:77;}">
                <Coords points="2234,2355 3798,2371 3798,2290 3701,2278 2234,2303"/>
                <Baseline points="2256,2339 2345,2345 2435,2345 2524,2339 2614,2339 2704,2339 2793,2345 2883,2351 2972,2351 3062,2345 3151,2345 3241,2339 3330,2345 3420,2345 3509,2345 3599,2345 3688,2345 3778,2345 3808,2345"/>
                <TextEquiv>
                    <Unicode>muß zur vollen Vorsicht, jedoch auch zu mutigem Ent</Unicode>
                </TextEquiv>
            </TextLine>
            <TextLine id="tr_1_tl_79" custom="readingOrder {index:78;}">
                <Coords points="3863,2359 5444,2363 5444,2307 5359,2294 3863,2294"/>
                <Baseline points="3885,2351 3975,2351 4065,2357 4154,2351 4244,2351 4333,2351 4423,2351 4512,2351 4602,2351 4691,2351 4781,2351 4870,2345 4960,2351 5049,2351 5139,2345 5229,2351 5318,2345 5408,2345 5455,2351"/>
                <TextEquiv>
                    <Unicode>werden, aus welchen Gründen die Vorlagen in ihren</Unicode>
                </TextEquiv>
            </TextLine>
            <TextLine id="tr_1_tl_80" custom="readingOrder {index:79;}">
                <Coords points="576,2400 2055,2408 2161,2400 2161,2331 576,2335"/>
                <Baseline points="596,2387 650,2387 740,2381 829,2381 919,2381 1008,2387 1098,2387 1187,2387 1277,2387 1366,2387 1456,2381 1546,2387 1635,2381 1725,2381 1814,2381 1904,2381 1993,2381 2083,2381 2172,2375"/>
                <TextEquiv>
                    <Unicode>und Erwerb zu nehmen. Und kaum ist etwas be</Unicode>
                </TextEquiv>
            </TextLine>
            <TextLine id="tr_1_tl_81" custom="readingOrder {index:80;}">
                <Coords points="2250,2424 3798,2436 3798,2371 3681,2351 2250,2351"/>
                <Baseline points="2274,2399 2363,2405 2453,2405 2542,2405 2632,2405 2721,2405 2811,2411 2901,2417 2990,2411 3080,2411 3169,2411 3259,2411 3348,2411 3438,2411 3527,2411 3617,2411 3706,2411 3796,2411 3808,2411"/>
                <TextEquiv>
                    <Unicode>schlusse und bereiter Tat mahnen, wenn die Zeit ge</Unicode>
                </TextEquiv>
            </TextLine>
            <TextLine id="tr_1_tl_82" custom="readingOrder {index:81;}">
                <Coords points="3859,2428 5456,2436 5456,2363 5164,2343 4601,2392 4500,2347 3859,2359"/>
                <Baseline points="3880,2417 3939,2417 4029,2417 4118,2417 4208,2423 4297,2417 4387,2417 4476,2417 4566,2417 4656,2417 4745,2417 4835,2417 4924,2417 5014,2417 5103,2411 5193,2417 5282,2417 5372,2417 5461,2411"/>
                <TextEquiv>
                    <Unicode>einzelnen Bestimmungen abgelehnt würden und ob es</Unicode>
                </TextEquiv>
            </TextLine>
            <TextLine id="tr_1_tl_83" custom="readingOrder {index:82;}">
                <Coords points="584,2485 2080,2481 2181,2461 2181,2396 584,2404"/>
                <Baseline points="608,2453 668,2453 758,2447 847,2453 937,2453 1026,2447 1116,2453 1205,2447 1295,2453 1384,2453 1474,2447 1563,2447 1653,2453 1743,2453 1832,2447 1922,2447 2011,2453 2101,2453 2190,2447"/>
                <TextEquiv>
                    <Unicode>zeichnender für unsere wirtschaftliche Lage als die Tat¬</Unicode>
                </TextEquiv>
            </TextLine>
            <TextLine id="tr_1_tl_84" custom="readingOrder {index:83;}">
                <Coords points="2234,2485 5452,2493 5383,2416 2234,2428"/>
                <Baseline points="2256,2471 2345,2471 2435,2471 2524,2477 2614,2477 2704,2477 2793,2477 2883,2483 2972,2477 3062,2477 3151,2477 3241,2477 3330,2477 3420,2477 3509,2477 3599,2477 3688,2477 3778,2477 3832,2477 3880,2483 3939,2483 4029,2489 4118,2483 4208,2483 4297,2489 4387,2483 4476,2483 4566,2483 4656,2483 4745,2483 4835,2483 4924,2483 5014,2483 5103,2483 5193,2483 5282,2483 5372,2483 5461,2477"/>
                <TextEquiv>
                    <Unicode>kommen scheint. Seinem Volkstum wahrt man die Treue nicht möglich wäre, eine mittlere Linie zu finden, welche</Unicode>
                </TextEquiv>
            </TextLine>
            <TextLine id="tr_1_tl_85" custom="readingOrder {index:84;}">
                <Coords points="588,2538 2177,2538 2181,2461 592,2457"/>
                <Baseline points="614,2519 668,2519 758,2519 847,2513 937,2519 1026,2519 1116,2519 1205,2519 1295,2519 1384,2519 1474,2519 1563,2519 1653,2519 1743,2519 1832,2519 1922,2519 2011,2519 2101,2513 2190,2513"/>
                <TextEquiv>
                    <Unicode>sache, daß die Handelsbilanz des Jahres 1909 für die</Unicode>
                </TextEquiv>
            </TextLine>
            <TextLine id="tr_1_tl_86" custom="readingOrder {index:85;}">
                <Coords points="2242,2554 5452,2574 5452,2493 2242,2489"/>
                <Baseline points="2262,2542 2351,2542 2441,2542 2530,2542 2620,2536 2710,2536 2799,2542 2889,2548 2978,2542 3068,2542 3157,2542 3247,2542 3336,2542 3426,2542 3515,2548 3605,2542 3694,2542 3784,2542 3832,2542 3885,2542 3975,2548 4065,2548 4154,2548 4244,2548 4333,2548 4423,2548 4512,2548 4602,2548 4691,2548 4781,2542 4870,2548 4960,2548 5049,2548 5139,2548 5229,2548 5318,2548 5408,2548 5461,2548"/>
                <TextEquiv>
                    <Unicode>am besten, wenn man es wirtschaftlich kräftigt, kllturell den beiderseitigen begründeten Bedenken entspräche und</Unicode>
                </TextEquiv>
            </TextLine>
            <TextLine id="tr_1_tl_87" custom="readingOrder {index:86;}">
                <Coords points="580,2598 2063,2615 2181,2598 2181,2542 580,2550"/>
                <Baseline points="602,2578 692,2584 781,2584 871,2578 961,2584 1050,2584 1140,2584 1229,2584 1319,2584 1408,2584 1498,2584 1587,2584 1677,2584 1766,2584 1856,2584 1945,2584 2035,2584 2125,2578 2190,2578"/>
                <TextEquiv>
                    <Unicode>österreichisch=ungarische Monarchie mit einem Passivsaldo</Unicode>
                </TextEquiv>
            </TextLine>
            <TextLine id="tr_1_tl_88" custom="readingOrder {index:87;}">
                <Coords points="2246,2615 3802,2619 3802,2558 3701,2554 2246,2562"/>
                <Baseline points="2268,2608 2357,2608 2447,2608 2536,2608 2626,2608 2716,2608 2805,2608 2895,2614 2984,2608 3074,2608 3163,2614 3253,2608 3342,2608 3432,2608 3521,2614 3611,2614 3700,2614 3790,2608 3814,2608"/>
                <TextEquiv>
                    <Unicode>und sozial hebt und davor bewahrt, seine Kräfte zu zer</Unicode>
                </TextEquiv>
            </TextLine>
            <TextLine id="tr_1_tl_89" custom="readingOrder {index:88;}">
                <Coords points="3875,2627 5464,2639 5464,2566 5343,2554 3875,2558"/>
                <Baseline points="3897,2620 3951,2620 4041,2620 4130,2620 4220,2620 4309,2620 4399,2620 4488,2614 4578,2620 4667,2614 4757,2614 4847,2614 4936,2614 5026,2614 5115,2614 5205,2614 5294,2614 5384,2614 5473,2614"/>
                <TextEquiv>
                    <Unicode>schließlich auf den Weg des Friedens führe. Daß derartige</Unicode>
                </TextEquiv>
            </TextLine>
            <TextLine id="tr_1_tl_90" custom="readingOrder {index:89;}">
                <Coords points="576,2667 1998,2692 2181,2667 2181,2594 576,2598"/>
                <Baseline points="596,2650 686,2650 776,2650 865,2644 955,2650 1044,2650 1134,2650 1223,2650 1313,2656 1402,2650 1492,2656 1581,2656 1671,2650 1760,2656 1850,2650 1940,2656 2029,2650 2119,2656 2190,2650"/>
                <TextEquiv>
                    <Unicode>von rund 467 Millionen Kronen abgeschlossen hat. In</Unicode>
                </TextEquiv>
            </TextLine>
            <TextLine id="tr_1_tl_91" custom="readingOrder {index:90;}">
                <Coords points="2250,2696 5469,2692 2250,2619"/>
                <Baseline points="2274,2680 2363,2674 2453,2674 2542,2674 2632,2674 2721,2674 2811,2674 2901,2680 2990,2680 3080,2674 3169,2674 3259,2674 3348,2674 3438,2674 3527,2674 3617,2680 3706,2680 3796,2674 3820,2680 3880,2680 3969,2686 4059,2686 4148,2686 4238,2686 4327,2686 4417,2680 4506,2686 4596,2680 4685,2680 4775,2680 4864,2680 4954,2680 5044,2680 5133,2680 5223,2680 5312,2680 5402,2680 5479,2680"/>
                <TextEquiv>
                    <Unicode>splittern und in Kämpfen zu verausgaben, die ein ehrlich Besprechungen sehr langwierig sein müssen, wird durch die</Unicode>
                </TextEquiv>
            </TextLine>
            <TextLine id="tr_1_tl_92" custom="readingOrder {index:91;}">
                <Coords points="576,2732 2193,2736 2193,2671 2092,2651 1978,2692 576,2663"/>
                <Baseline points="596,2716 686,2716 776,2716 865,2716 955,2716 1044,2716 1134,2716 1223,2716 1313,2716 1402,2716 1492,2716 1581,2727 1671,2721 1760,2716 1850,2716 1940,2721 2029,2716 2119,2716 2202,2716"/>
                <TextEquiv>
                    <Unicode>welchem Maße diese Erscheinung auch auf unsere</Unicode>
                </TextEquiv>
            </TextLine>
            <TextLine id="tr_1_tl_93" custom="readingOrder {index:92;}">
                <Coords points="2250,2748 5481,2757 2250,2696"/>
                <Baseline points="2274,2739 2363,2739 2453,2739 2542,2739 2632,2739 2721,2739 2811,2739 2901,2745 2990,2745 3080,2739 3169,2739 3259,2739 3348,2739 3438,2739 3527,2739 3617,2745 3706,2739 3796,2739 3820,2745 3880,2745 3969,2751 4059,2751 4148,2751 4238,2751 4327,2751 4417,2745 4506,2751 4596,2745 4685,2745 4775,2745 4864,2745 4954,2745 5044,2745 5133,2745 5223,2745 5312,2745 5402,2745 5491,2733"/>
                <TextEquiv>
                    <Unicode>vereinbarter und local gehaltener Friedensschluß wenig- Schwierigkeit der Materie und die zahlreichen Meinungs¬</Unicode>
                </TextEquiv>
            </TextLine>
            <TextLine id="tr_1_tl_94" custom="readingOrder {index:93;}">
                <Coords points="580,2838 734,2793 2084,2801 2084,2736 1990,2716 1577,2757 580,2728"/>
                <Baseline points="602,2793 662,2793 752,2781 841,2781 931,2781 1020,2781 1110,2781 1199,2781 1289,2787 1378,2781 1468,2787 1557,2787 1647,2781 1737,2787 1826,2781 1916,2781 2005,2781 2095,2787"/>
                <TextEquiv>
                    <Unicode>Zahlungsbilanz einwirkt, läßt sich ungefähr ermessen.</Unicode>
                </TextEquiv>
            </TextLine>
            <TextLine id="tr_1_tl_95" custom="readingOrder {index:94;}">
                <Coords points="2262,2817 3588,2842 3798,2821 3798,2769 2258,2748"/>
                <Baseline points="2286,2805 2375,2805 2465,2799 2554,2811 2644,2805 2733,2805 2823,2811 2912,2811 3002,2811 3092,2805 3181,2811 3271,2805 3360,2805 3450,2811 3539,2811 3629,2811 3718,2811 3808,2805"/>
                <TextEquiv>
                    <Unicode>stens in großem Maße zu ersparen vermag. Unser</Unicode>
                </TextEquiv>
            </TextLine>
            <TextLine id="tr_1_tl_96" custom="readingOrder {index:95;}">
                <Coords points="3867,2817 5456,2830 5456,2761 5327,2752 3867,2769"/>
                <Baseline points="3891,2817 3945,2823 4035,2823 4124,2817 4214,2811 4303,2817 4393,2817 4482,2817 4572,2811 4661,2811 4751,2811 4841,2811 4930,2811 5020,2811 5109,2811 5199,2811 5288,2811 5378,2811 5467,2811"/>
                <TextEquiv>
                    <Unicode>gegensätze erklärlich. Die Rekonstruktion des Kabinetts</Unicode>
                </TextEquiv>
            </TextLine>
            <TextLine id="tr_1_tl_97" custom="readingOrder {index:96;}">
                <Coords points="701,2850 2197,2862 2197,2793 2100,2781 1990,2817 701,2801"/>
                <Baseline points="722,2847 811,2853 901,2847 990,2847 1080,2847 1169,2847 1259,2847 1349,2847 1438,2853 1528,2847 1617,2853 1707,2853 1796,2853 1886,2853 1975,2853 2065,2847 2154,2853 2208,2853"/>
                <TextEquiv>
                    <Unicode>Dazu die allgemeine Teuerung, die auf den breiten</Unicode>
                </TextEquiv>
            </TextLine>
            <TextLine id="tr_1_tl_98" custom="readingOrder {index:97;}">
                <Coords points="2246,2882 3823,2894 3774,2817 2246,2825"/>
                <Baseline points="2268,2871 2357,2871 2447,2871 2536,2871 2626,2871 2716,2877 2805,2877 2895,2877 2984,2877 3074,2871 3163,2877 3253,2871 3342,2877 3432,2871 3521,2877 3611,2871 3700,2871 3790,2871 3832,2871"/>
                <TextEquiv>
                    <Unicode>Deutschböhmen haben ihre Bedingungen, mäßig und be¬</Unicode>
                </TextEquiv>
            </TextLine>
            <TextLine id="tr_1_tl_99" custom="readingOrder {index:98;}">
                <Coords points="3875,2890 5444,2890 5444,2830 5193,2813 3875,2830"/>
                <Baseline points="3897,2883 3933,2883 4023,2883 4112,2877 4202,2877 4291,2883 4381,2883 4470,2877 4560,2877 4650,2877 4739,2877 4829,2877 4918,2877 5008,2877 5097,2877 5187,2877 5276,2877 5366,2877 5455,2877"/>
                <TextEquiv>
                    <Unicode>kam gar nicht in Frage und es sind die darüber ver</Unicode>
                </TextEquiv>
            </TextLine>
            <TextLine id="tr_1_tl_100" custom="readingOrder {index:99;}">
                <Coords points="580,2927 2197,2923 2197,2862 2132,2858 580,2854"/>
                <Baseline points="602,2918 680,2918 770,2912 859,2918 949,2918 1038,2918 1128,2918 1217,2918 1307,2912 1396,2918 1486,2918 1575,2918 1665,2924 1754,2918 1844,2918 1934,2918 2023,2918 2113,2918 2202,2912"/>
                <TextEquiv>
                    <Unicode>Massen der Bevölkerung bis in die höheren Schichten des</Unicode>
                </TextEquiv>
            </TextLine>
            <TextLine id="tr_1_tl_101" custom="readingOrder {index:100;}">
                <Coords points="2258,2955 5464,2967 5339,2874 2258,2878"/>
                <Baseline points="2280,2936 2369,2942 2459,2942 2548,2936 2638,2936 2727,2936 2817,2942 2907,2942 2996,2942 3086,2942 3175,2942 3265,2936 3354,2936 3444,2948 3533,2942 3623,2942 3712,2942 3802,2942 3826,2942 3880,2942 3969,2948 4059,2948 4148,2948 4238,2948 4327,2948 4417,2948 4506,2948 4596,2942 4685,2942 4775,2942 4864,2948 4954,2942 5044,2942 5133,2942 5223,2942 5312,2942 5402,2942 5473,2948"/>
                <TextEquiv>
                    <Unicode>sonnen, längst verlautbart und ihren Friedenswillen breiteten Gerüchte wohl nur darauf zurückzuführen, daß</Unicode>
                </TextEquiv>
            </TextLine>
            <TextLine id="tr_1_tl_102" custom="readingOrder {index:101;}">
                <Coords points="580,3004 2181,3004 2181,2927 2136,2923 580,2927"/>
                <Baseline points="602,2978 692,2984 781,2984 871,2984 961,2984 1050,2984 1140,2984 1229,2990 1319,2984 1408,2984 1498,2990 1587,2984 1677,2990 1766,2990 1856,2990 1945,2984 2035,2984 2125,2984 2190,2978"/>
                <TextEquiv>
                    <Unicode>Mittelstandes hinauf lastet, kein Absehen hat und gewiß</Unicode>
                </TextEquiv>
            </TextLine>
            <TextLine id="tr_1_tl_103" custom="readingOrder {index:102;}">
                <Coords points="2250,3020 5481,3061 5323,2939 2250,2951"/>
                <Baseline points="2274,3008 2363,3002 2453,3002 2542,3008 2632,3002 2721,3002 2811,3008 2901,3014 2990,3014 3080,3014 3169,3014 3259,3014 3348,3014 3438,3014 3527,3014 3617,3014 3706,3014 3796,3008 3844,3014 3897,3014 3969,3014 4059,3014 4148,3014 4238,3014 4327,3014 4417,3014 4506,3014 4596,3014 4685,3008 4775,3008 4864,3008 4954,3008 5044,3008 5133,3008 5223,3008 5312,3014 5402,3014 5491,3008"/>
                <TextEquiv>
                    <Unicode>kundgetan. Möge man ihnen auf ihrer geraden und man hinter jeder vertraulichen Besprechung gerne eine ge¬</Unicode>
                </TextEquiv>
            </TextLine>
            <TextLine id="tr_1_tl_104" custom="readingOrder {index:103;}">
                <Coords points="584,3061 2185,3081 2185,3004 2116,2992 584,3000"/>
                <Baseline points="608,3050 698,3050 787,3050 877,3050 967,3050 1056,3050 1146,3050 1235,3050 1325,3050 1414,3050 1504,3050 1593,3050 1683,3050 1772,3050 1862,3050 1951,3050 2041,3050 2131,3050 2196,3050"/>
                <TextEquiv>
                    <Unicode>am wenigsten durch die Beratungen und Beschlüsse des</Unicode>
                </TextEquiv>
            </TextLine>
            <TextLine id="tr_1_tl_105" custom="readingOrder {index:104;}">
                <Coords points="2250,3089 2315,3113 2371,3089 2453,3113 2501,3093 2590,3121 2639,3105 2692,3129 2744,3105 2838,3121 2838,3016 2736,3036 2692,3016 2631,3032 2586,3004 2412,3032 2335,3012 2250,3024"/>
                <Baseline points="2274,3068 2363,3074 2453,3074 2542,3080 2632,3074 2721,3080 2811,3080 2847,3080"/>
                <TextEquiv>
                    <Unicode>offenen Bahn folgen.</Unicode>
                </TextEquiv>
            </TextLine>
            <TextLine id="tr_1_tl_106" custom="readingOrder {index:105;}">
                <Coords points="3859,3134 3940,3097 4390,3138 4504,3093 4958,3125 5112,3089 5246,3146 5278,3028 3863,3024"/>
                <Baseline points="3885,3092 3945,3086 4035,3086 4124,3086 4214,3086 4303,3086 4393,3086 4482,3080 4572,3080 4661,3080 4751,3080 4841,3080 4930,3080 5020,3080 5109,3080 5199,3080 5288,3086"/>
                <TextEquiv>
                    <Unicode>heimnisvolle Rekonstruktionsverschwörung vermutet.</Unicode>
                </TextEquiv>
            </TextLine>
            <TextLine id="tr_1_tl_107" custom="readingOrder {index:106;}">
                <Coords points="568,3166 750,3121 835,3158 2035,3125 1986,3065 568,3052"/>
                <Baseline points="590,3127 614,3121 704,3121 793,3121 883,3115 972,3115 1062,3121 1152,3115 1241,3115 1331,3115 1420,3115 1510,3115 1599,3115 1689,3115 1778,3121 1868,3115 1957,3115 2047,3121"/>
                <TextEquiv>
                    <Unicode>Teuerungsausschusses wird beseitigt werden können.</Unicode>
                </TextEquiv>
            </TextLine>
            <TextLine id="tr_1_tl_108" custom="readingOrder {index:107;}">
                <Coords points="705,3202 2100,3211 2181,3198 2181,3101 1853,3146 705,3142"/>
                <Baseline points="728,3181 758,3181 847,3181 937,3181 1026,3181 1116,3181 1205,3181 1295,3181 1384,3181 1474,3181 1563,3187 1653,3181 1743,3181 1832,3181 1922,3181 2011,3181 2101,3181 2190,3175"/>
                <TextEquiv>
                    <Unicode>In so harter und schwerer Zeit, in der der Staats¬</Unicode>
                </TextEquiv>
            </TextLine>
            <TextLine id="tr_1_tl_109" custom="readingOrder {index:108;}">
                <Coords points="2258,3231 2696,3271 3020,3219 3223,3263 3794,3243 3794,3129 3661,3109 3174,3162 2258,3113"/>
                <Baseline points="2280,3205 2369,3205 2459,3205 2548,3211 2638,3211 2727,3217 2817,3217 2907,3217 2996,3217 3086,3217 3175,3217 3265,3217 3354,3217 3444,3217 3533,3217 3623,3217 3712,3217 3802,3217 3808,3211"/>
                <TextEquiv>
                    <Unicode>Die Wiederaufnahme der parlamentarischen</Unicode>
                </TextEquiv>
            </TextLine>
            <TextLine id="tr_1_tl_110" custom="readingOrder {index:109;}">
                <Coords points="584,3271 2185,3259 2185,3198 1994,3182 1317,3219 584,3170"/>
                <Baseline points="608,3241 698,3247 787,3247 877,3247 967,3247 1056,3247 1146,3247 1235,3247 1325,3247 1414,3247 1504,3247 1593,3247 1683,3247 1772,3247 1862,3247 1951,3247 2041,3247 2131,3247 2196,3241"/>
                <TextEquiv>
                    <Unicode>bürger verarmt und der Lebensnot immer weniger ge¬</Unicode>
                </TextEquiv>
            </TextLine>
            <TextLine id="tr_1_tl_111" custom="readingOrder {index:110;}">
                <Coords points="3859,3304 4828,3271 5408,3328 5456,3316 5460,3182 3859,3174"/>
                <Baseline points="3880,3265 3945,3265 4035,3265 4124,3271 4214,3265 4303,3265 4393,3265 4482,3259 4572,3259 4661,3259 4751,3259 4841,3259 4930,3259 5020,3259 5109,3253 5199,3253 5288,3253 5378,3253 5467,3247"/>
                <TextEquiv>
                    <Unicode>Die Reform der parlamentarischen Geschäfts¬</Unicode>
                </TextEquiv>
            </TextLine>
            <TextLine id="tr_1_tl_112" custom="readingOrder {index:111;}">
                <Coords points="2854,3320 3008,3340 3028,3361 3057,3348 3097,3361 3158,3324 3227,3332 3231,3247 3190,3223 3129,3223 3109,3243 3077,3227 3065,3239 3036,3235 3020,3219 2943,3239 2858,3235"/>
                <Baseline points="2877,3312 2966,3312 3056,3312 3145,3306 3235,3312"/>
                <TextEquiv>
                    <Unicode>Tätigkeit.</Unicode>
                </TextEquiv>
            </TextLine>
            <TextLine id="tr_1_tl_113" custom="readingOrder {index:112;}">
                <Coords points="584,3328 2185,3336 2185,3263 2120,3255 584,3267"/>
                <Baseline points="608,3312 698,3312 787,3312 877,3318 967,3318 1056,3312 1146,3318 1235,3312 1325,3312 1414,3312 1504,3318 1593,3312 1683,3312 1772,3312 1862,3312 1951,3312 2041,3312 2131,3312 2196,3318"/>
                <TextEquiv>
                    <Unicode>wachsen ist, die Schuldenlast des Staates sich häuft, der</Unicode>
                </TextEquiv>
            </TextLine>
            <TextLine id="tr_1_tl_114" custom="readingOrder {index:113;}">
                <Coords points="4504,3357 4621,3389 4654,3377 4670,3393 4694,3373 4735,3369 4792,3397 4844,3393 4844,3279 4816,3275 4800,3288 4775,3271 4723,3292 4706,3275 4682,3284 4658,3271 4637,3288 4617,3271 4577,3284 4504,3271"/>
                <Baseline points="4524,3354 4614,3354 4703,3354 4793,3354 4852,3354"/>
                <TextEquiv>
                    <Unicode>ordnung.</Unicode>
                </TextEquiv>
            </TextLine>
            <TextLine id="tr_1_tl_115" custom="readingOrder {index:114;}">
                <Coords points="3369,3397 3421,3421 3482,3385 3494,3397 3656,3385 3685,3401 3713,3389 3790,3405 3790,3328 3738,3308 3624,3328 3559,3308 3535,3332 3490,3304 3466,3320 3417,3300 3369,3312"/>
                <Baseline points="3390,3372 3480,3378 3569,3384 3659,3378 3748,3378 3796,3378"/>
                <TextEquiv>
                    <Unicode>Wien, 4. Mai.</Unicode>
                </TextEquiv>
            </TextLine>
            <TextLine id="tr_1_tl_116" custom="readingOrder {index:115;}">
                <Coords points="592,3393 2189,3413 2189,3328 2096,3316 592,3336"/>
                <Baseline points="614,3384 674,3378 764,3378 853,3378 943,3378 1032,3384 1122,3378 1211,3378 1301,3384 1390,3384 1480,3378 1569,3384 1659,3384 1748,3384 1838,3384 1928,3384 2017,3384 2107,3378 2196,3378"/>
                <TextEquiv>
                    <Unicode>unmittelbare Lebensbedarf durch Zölle von unerschwing¬</Unicode>
                </TextEquiv>
            </TextLine>
            <TextLine id="tr_1_tl_117" custom="readingOrder {index:116;}">
                <Coords points="4978,3434 5027,3434 5055,3462 5108,3429 5173,3450 5209,3425 5258,3446 5420,3434 5416,3316 5294,3340 5250,3316 5193,3312 5116,3357 5039,3344 4978,3373"/>
                <Baseline points="5002,3414 5091,3414 5181,3420 5270,3420 5360,3414 5432,3420"/>
                <TextEquiv>
                    <Unicode>Wien, 4. Mai.</Unicode>
                </TextEquiv>
            </TextLine>
            <TextLine id="tr_1_tl_118" custom="readingOrder {index:117;}">
                <Coords points="2371,3458 3827,3462 3827,3373 3421,3421 3267,3361 3166,3405 2870,3357 2371,3377"/>
                <Baseline points="2393,3444 2483,3444 2572,3444 2662,3450 2751,3444 2841,3450 2930,3450 3020,3450 3109,3450 3199,3450 3289,3450 3378,3450 3468,3450 3557,3450 3647,3450 3736,3450 3826,3444 3838,3444"/>
                <TextEquiv>
                    <Unicode>Nach vierzehntägiger Pause nimmt das Abgeord¬</Unicode>
                </TextEquiv>
            </TextLine>
            <TextLine id="tr_1_tl_119" custom="readingOrder {index:118;}">
                <Coords points="592,3458 2193,3470 2193,3409 2132,3389 592,3393"/>
                <Baseline points="614,3450 704,3450 793,3450 883,3456 972,3450 1062,3450 1152,3450 1241,3450 1331,3450 1420,3450 1510,3450 1599,3450 1689,3450 1778,3450 1868,3450 1957,3450 2047,3450 2136,3450 2202,3450"/>
                <TextEquiv>
                    <Unicode>licher Höhe, die auf den Lebensmitteln lasten, für die</Unicode>
                </TextEquiv>
            </TextLine>
            <TextLine id="tr_1_tl_120" custom="readingOrder {index:119;}">
                <Coords points="3989,3535 5477,3527 5477,3454 5416,3438 5055,3462 4978,3401 4792,3458 4475,3405 3989,3450"/>
                <Baseline points="4011,3509 4053,3515 4142,3515 4232,3515 4321,3521 4411,3515 4500,3515 4590,3515 4679,3515 4769,3509 4858,3509 4948,3509 5038,3509 5127,3509 5217,3509 5306,3509 5396,3503 5485,3503"/>
                <TextEquiv>
                    <Unicode>Als erster Punkt auf der Tagesordnung der Freitag¬</Unicode>
                </TextEquiv>
            </TextLine>
            <TextLine id="tr_1_tl_121" custom="readingOrder {index:120;}">
                <Coords points="580,3539 3839,3543 3798,3458 580,3462"/>
                <Baseline points="602,3515 692,3515 781,3515 871,3515 961,3521 1050,3515 1140,3515 1229,3515 1319,3515 1408,3515 1498,3521 1587,3515 1677,3521 1766,3521 1856,3515 1945,3521 2035,3521 2125,3515 2208,3515 2268,3515 2357,3515 2447,3515 2536,3521 2626,3515 2716,3515 2805,3521 2895,3521 2984,3521 3074,3521 3163,3521 3253,3521 3342,3521 3432,3521 3521,3521 3611,3521 3700,3521 3790,3521 3844,3515"/>
                <TextEquiv>
                    <Unicode>Bevölkerung der Städte und des flachen Landes gleicher=| netenhaus seine Tätigkeit am Freitag wieder auf. Als</Unicode>
                </TextEquiv>
            </TextLine>
            <TextLine id="tr_1_tl_122" custom="readingOrder {index:121;}">
                <Coords points="3879,3604 5440,3592 5481,3527 3883,3523"/>
                <Baseline points="3903,3587 3963,3587 4053,3587 4142,3587 4232,3587 4321,3581 4411,3581 4500,3581 4590,3581 4679,3575 4769,3575 4858,3575 4948,3575 5038,3575 5127,3575 5217,3575 5306,3575 5396,3569 5485,3575"/>
                <TextEquiv>
                    <Unicode>sitzung des Abgeordnetenhauses, welche den sommerlichen</Unicode>
                </TextEquiv>
            </TextLine>
            <TextLine id="tr_1_tl_123" custom="readingOrder {index:122;}">
                <Coords points="576,3592 2193,3596 2193,3531 2140,3527 576,3535"/>
                <Baseline points="596,3581 686,3581 776,3581 865,3581 955,3581 1044,3581 1134,3581 1223,3581 1313,3587 1402,3581 1492,3587 1581,3587 1671,3587 1760,3587 1850,3587 1940,3587 2029,3581 2119,3587 2202,3581"/>
                <TextEquiv>
                    <Unicode>maßen verteuert wird und neue Steuern zu ungelegenster</Unicode>
                </TextEquiv>
            </TextLine>
            <TextLine id="tr_1_tl_124" custom="readingOrder {index:123;}">
                <Coords points="2258,3592 3823,3600 3823,3539 3665,3523 2258,3535"/>
                <Baseline points="2280,3581 2369,3581 2459,3587 2548,3581 2638,3587 2727,3587 2817,3587 2907,3587 2996,3593 3086,3587 3175,3587 3265,3587 3354,3587 3444,3587 3533,3593 3623,3593 3712,3593 3802,3587 3832,3587"/>
                <TextEquiv>
                    <Unicode>erster Punkt steht die Regierungsvorlage bezüglich eine</Unicode>
                </TextEquiv>
            </TextLine>
            <TextLine id="tr_1_tl_125" custom="readingOrder {index:124;}">
                <Coords points="3875,3665 5477,3661 5477,3592 3875,3608"/>
                <Baseline points="3897,3647 3963,3659 4053,3653 4142,3653 4232,3653 4321,3653 4411,3653 4500,3647 4590,3653 4679,3647 4769,3647 4858,3647 4948,3647 5038,3647 5127,3641 5217,3641 5306,3641 5396,3641 5485,3641"/>
                <TextEquiv>
                    <Unicode>Sessionsabschnitt eröffnet, ist die Regierungsvorlage über</Unicode>
                </TextEquiv>
            </TextLine>
            <TextLine id="tr_1_tl_126" custom="readingOrder {index:125;}">
                <Coords points="612,3693 868,3652 2084,3685 2185,3661 2185,3604 608,3596"/>
                <Baseline points="632,3653 722,3647 811,3647 901,3653 990,3653 1080,3647 1169,3653 1259,3653 1349,3653 1438,3647 1528,3647 1617,3653 1707,3653 1796,3653 1886,3653 1975,3653 2065,3653 2154,3653 2196,3653"/>
                <TextEquiv>
                    <Unicode>Zeit den ohnehin ungemessen hohen Druck der Lasten</Unicode>
                </TextEquiv>
            </TextLine>
            <TextLine id="tr_1_tl_127" custom="readingOrder {index:126;}">
                <Coords points="2258,3677 3815,3665 3815,3596 2258,3592"/>
                <Baseline points="2280,3653 2369,3653 2459,3653 2548,3653 2638,3653 2727,3653 2817,3653 2907,3659 2996,3659 3086,3653 3175,3653 3265,3659 3354,3653 3444,3653 3533,3659 3623,3653 3712,3653 3802,3653 3826,3653"/>
                <TextEquiv>
                    <Unicode>definitiven Geschäftsordnung auf der Tagesordnunq. Di</Unicode>
                </TextEquiv>
            </TextLine>
            <TextLine id="tr_1_tl_128" custom="readingOrder {index:127;}">
                <Coords points="3875,3734 5481,3729 5481,3665 5400,3648 3875,3665"/>
                <Baseline points="3897,3718 3969,3724 4059,3724 4148,3724 4238,3718 4327,3718 4417,3724 4506,3724 4596,3718 4685,3718 4775,3712 4864,3712 4954,3712 5044,3712 5133,3706 5223,3706 5312,3712 5402,3712 5491,3712"/>
                <TextEquiv>
                    <Unicode>die Geschäftsordnung gestellt. Der Entwurf ist einer der</Unicode>
                </TextEquiv>
            </TextLine>
            <TextLine id="tr_1_tl_129" custom="readingOrder {index:128;}">
                <Coords points="580,3734 2185,3742 2185,3661 580,3693"/>
                <Baseline points="602,3718 692,3718 781,3718 871,3718 961,3718 1050,3718 1140,3718 1229,3718 1319,3718 1408,3718 1498,3718 1587,3718 1677,3718 1766,3718 1856,3718 1945,3718 2035,3718 2125,3718 2196,3718"/>
                <TextEquiv>
                    <Unicode>die der Staat und die Selbstverwaltungskörper auf</Unicode>
                </TextEquiv>
            </TextLine>
            <TextLine id="tr_1_tl_130" custom="readingOrder {index:129;}">
                <Coords points="2262,3750 3811,3742 3811,3669 3729,3656 2262,3665"/>
                <Baseline points="2286,3724 2298,3718 2387,3724 2477,3718 2566,3718 2656,3724 2745,3724 2835,3724 2924,3724 3014,3724 3104,3724 3193,3724 3283,3724 3372,3718 3462,3724 3551,3724 3641,3730 3730,3724 3820,3718"/>
                <TextEquiv>
                    <Unicode>czechischradikale Partei wird aber die Absetzung diese</Unicode>
                </TextEquiv>
            </TextLine>
            <TextLine id="tr_1_tl_131" custom="readingOrder {index:130;}">
                <Coords points="2262,3798 5489,3798 5209,3705 2262,3729"/>
                <Baseline points="2286,3784 2375,3784 2465,3790 2554,3790 2644,3790 2733,3790 2823,3790 2912,3790 3002,3790 3092,3790 3181,3790 3271,3790 3360,3790 3450,3790 3539,3790 3629,3796 3718,3790 3808,3790 3832,3784 3891,3784 3981,3790 4071,3790 4160,3790 4250,3790 4339,3790 4429,3790 4518,3790 4608,3790 4697,3784 4787,3784 4876,3778 4966,3778 5055,3778 5145,3778 5235,3778 5324,3778 5414,3778 5497,3784"/>
                <TextEquiv>
                    <Unicode>Gegenstandes von der Tagesordnung beantragen, und ältesten der laufenden Legislaturperiode. Die Regierung</Unicode>
                </TextEquiv>
            </TextLine>
            <TextLine id="tr_1_tl_132" custom="readingOrder {index:131;}">
                <Coords points="592,3794 2189,3811 2189,3746 2088,3725 592,3738"/>
                <Baseline points="614,3784 704,3784 793,3784 883,3784 972,3784 1062,3784 1152,3784 1241,3784 1331,3784 1420,3784 1510,3784 1599,3784 1689,3784 1778,3784 1868,3784 1957,3784 2047,3784 2136,3784 2196,3790"/>
                <TextEquiv>
                    <Unicode>erlegen, zu erhöhen drohen, versagt die Volksvertretung</Unicode>
                </TextEquiv>
            </TextLine>
            <TextLine id="tr_1_tl_133" custom="readingOrder {index:132;}">
                <Coords points="3875,3871 5493,3871 5428,3790 3875,3802"/>
                <Baseline points="3897,3856 3981,3862 4071,3862 4160,3862 4250,3856 4339,3856 4429,3862 4518,3856 4608,3856 4697,3850 4787,3850 4876,3850 4966,3850 5055,3850 5145,3850 5235,3844 5324,3844 5414,3844 5503,3850"/>
                <TextEquiv>
                    <Unicode>legte ihn in der achtzehnten Session am 27. Juni 1907,</Unicode>
                </TextEquiv>
            </TextLine>
            <TextLine id="tr_1_tl_134" custom="readingOrder {index:133;}">
                <Coords points="584,3863 3835,3879 3709,3786 584,3798"/>
                <Baseline points="608,3850 698,3850 787,3850 877,3850 967,3850 1056,3850 1146,3850 1235,3850 1325,3850 1414,3850 1504,3850 1593,3856 1683,3856 1772,3856 1862,3856 1951,3850 2041,3856 2131,3856 2208,3850 2262,3850 2351,3862 2441,3862 2530,3856 2620,3862 2710,3862 2799,3862 2889,3862 2978,3856 3068,3862 3157,3862 3247,3862 3336,3862 3426,3862 3515,3862 3605,3862 3694,3856 3784,3856 3844,3856"/>
                <TextEquiv>
                    <Unicode>in Reich und Land, weil der Ansturm der Slaven ge¬  die großen Parteien haben alle ihre Mitglieder nach Wien</Unicode>
                </TextEquiv>
            </TextLine>
            <TextLine id="tr_1_tl_135" custom="readingOrder {index:134;}">
                <Coords points="2246,3944 5485,3936 5412,3851 2246,3867"/>
                <Baseline points="2268,3921 2357,3927 2447,3927 2536,3927 2626,3927 2716,3927 2805,3933 2895,3927 2984,3927 3074,3927 3163,3927 3253,3927 3342,3927 3432,3933 3521,3927 3611,3927 3700,3927 3790,3927 3838,3921 3891,3927 3969,3927 4059,3927 4148,3927 4238,3927 4327,3927 4417,3927 4506,3927 4596,3921 4685,3921 4775,3921 4864,3921 4954,3915 5044,3915 5133,3915 5223,3915 5312,3915 5402,3915 5491,3909"/>
                <TextEquiv>
                    <Unicode>berufen, um nicht wieder einer Ueberraschung bei einer wenige Tage nach der Einberufung des neugewählten</Unicode>
                </TextEquiv>
            </TextLine>
            <TextLine id="tr_1_tl_136" custom="readingOrder {index:135;}">
                <Coords points="576,3948 1549,3936 1573,3863 1273,3883 1204,3855 1066,3892 997,3855 576,3871"/>
                <Baseline points="596,3921 686,3921 776,3921 865,3915 955,3921 1044,3921 1134,3921 1223,3921 1313,3921 1402,3921 1492,3921 1581,3921"/>
                <TextEquiv>
                    <Unicode>deihliche positive Arbeit verhindert.</Unicode>
                </TextEquiv>
            </TextLine>
            <TextLine id="tr_1_tl_137" custom="readingOrder {index:136;}">
                <Coords points="2262,4001 5464,4009 5428,3924 2262,3936"/>
                <Baseline points="2286,3999 2322,3993 2411,3993 2501,3993 2590,3993 2680,3987 2769,3987 2859,3993 2948,3999 3038,3993 3127,3993 3217,3993 3306,3993 3396,3993 3486,3993 3575,3993 3665,3993 3754,3987 3844,3993 3880,3987 3951,3993 4041,3993 4130,3993 4220,3993 4309,3993 4399,3987 4488,3987 4578,3987 4667,3987 4757,3987 4847,3987 4936,3987 5026,3987 5115,3981 5205,3981 5294,3981 5384,3975 5473,3975"/>
                <TextEquiv>
                    <Unicode>Abstimmung ausgesetzt zu sein. Die deutschfreiheitlichen Hauses, vor und brachte ihn am Beginn der neun¬</Unicode>
                </TextEquiv>
            </TextLine>
            <TextLine id="tr_1_tl_138" custom="readingOrder {index:137;}">
                <Coords points="718,3993 2132,4005 2205,3997 2205,3900 718,3932"/>
                <Baseline points="740,3987 829,3987 919,3987 1008,3987 1098,3981 1187,3987 1277,3981 1366,3987 1456,3987 1546,3987 1635,3987 1725,3987 1814,3987 1904,3987 1993,3987 2083,3987 2172,3981 2214,3987"/>
                <TextEquiv>
                    <Unicode>Die Bewilligung neuer Rekruten, Erhöhungen der</Unicode>
                </TextEquiv>
            </TextLine>
            <TextLine id="tr_1_tl_139" custom="readingOrder {index:138;}">
                <Coords points="584,4094 2201,4058 2201,3993 888,4021 584,3969"/>
                <Baseline points="608,4047 686,4047 776,4053 865,4047 955,4053 1044,4053 1134,4053 1223,4047 1313,4041 1402,4047 1492,4047 1581,4047 1671,4047 1760,4047 1850,4047 1940,4047 2029,4047 2119,4041 2208,4041"/>
                <TextEquiv>
                    <Unicode>staatlichen Schuldenlast und die Einführung neuer</Unicode>
                </TextEquiv>
            </TextLine>
            <TextLine id="tr_1_tl_140" custom="readingOrder {index:139;}">
                <Coords points="2282,4078 5481,4098 5481,4013 5169,3985 2282,4005"/>
                <Baseline points="2304,4053 2316,4053 2405,4053 2495,4053 2584,4053 2674,4053 2763,4047 2853,4047 2942,4053 3032,4047 3121,4047 3211,4053 3300,4047 3390,4041 3480,4047 3569,4047 3659,4041 3748,4041 3838,4041 3885,4047 3975,4047 4065,4047 4154,4047 4244,4041 4333,4047 4423,4047 4512,4047 4602,4053 4691,4053 4781,4059 4870,4053 4960,4059 5049,4053 5139,4053 5229,4053 5318,4053 5408,4047 5491,4047"/>
                <TextEquiv>
                    <Unicode>Parteien, die Christlichsozialen, die Rolen und die Suzial¬ zehnten und der gegenwärtigen zwanzigsten Session un¬</Unicode>
                </TextEquiv>
            </TextLine>
            <TextLine id="tr_1_tl_141" custom="readingOrder {index:140;}">
                <Coords points="2250,4131 3827,4119 3827,4054 3742,4050 2250,4050"/>
                <Baseline points="2274,4118 2316,4112 2405,4112 2495,4112 2584,4112 2674,4112 2763,4106 2853,4106 2942,4106 3032,4112 3121,4106 3211,4100 3300,4106 3390,4100 3480,4100 3569,4100 3659,4100 3748,4100 3838,4100"/>
                <TextEquiv>
                    <Unicode>demokraten sind für eine definitive Reform der Geschäfts¬</Unicode>
                </TextEquiv>
            </TextLine>
            <TextLine id="tr_1_tl_142" custom="readingOrder {index:141;}">
                <Coords points="584,4151 1516,4106 2007,4143 2185,4119 2185,4062 584,4066"/>
                <Baseline points="608,4112 674,4112 764,4112 853,4112 943,4112 1032,4106 1122,4106 1211,4106 1301,4100 1390,4100 1480,4100 1569,4100 1659,4100 1748,4106 1838,4106 1928,4106 2017,4106 2107,4106 2196,4106"/>
                <TextEquiv>
                    <Unicode>Steuern vermögen das Volkshaus nicht populär zu machen</Unicode>
                </TextEquiv>
            </TextLine>
            <TextLine id="tr_1_tl_143" custom="readingOrder {index:142;}">
                <Coords points="3888,4123 3969,4147 4029,4115 4123,4131 4151,4106 4196,4127 4305,4127 4358,4098 4386,4119 4471,4119 4471,4066 4228,4050 4155,4074 4106,4046 3888,4070"/>
                <Baseline points="3909,4112 3939,4112 4029,4106 4118,4106 4208,4100 4297,4106 4387,4100 4476,4106"/>
                <TextEquiv>
                    <Unicode>verändert wieder ein.</Unicode>
                </TextEquiv>
            </TextLine>
            <TextLine id="tr_1_tl_144" custom="readingOrder {index:143;}">
                <Coords points="3993,4188 5351,4200 5481,4175 5485,4106 3993,4123"/>
                <Baseline points="4017,4166 4059,4172 4148,4172 4238,4172 4327,4172 4417,4172 4506,4172 4596,4166 4685,4166 4775,4166 4864,4166 4954,4160 5044,4166 5133,4160 5223,4160 5312,4160 5402,4160 5491,4154"/>
                <TextEquiv>
                    <Unicode>Der Entwurf stellt sich als eine Novelle zum Geschäfts¬</Unicode>
                </TextEquiv>
            </TextLine>
            <TextLine id="tr_1_tl_145" custom="readingOrder {index:144;}">
                <Coords points="596,4179 2254,4224 3823,4123 596,4127"/>
                <Baseline points="620,4172 710,4166 799,4166 889,4166 978,4166 1068,4166 1158,4166 1247,4166 1337,4166 1426,4166 1516,4172 1605,4172 1695,4166 1784,4172 1874,4172 1963,4172 2053,4178 2142,4172 2214,4172 2268,4178 2310,4178 2399,4184 2489,4178 2578,4172 2668,4172 2757,4172 2847,4172 2936,4172 3026,4172 3115,4166 3205,4166 3295,4166 3384,4166 3474,4166 3563,4166 3653,4172 3742,4172 3832,4166"/>
                <TextEquiv>
                    <Unicode>Die Unregelmäßigkeit und Unberechenbarkeit seiner ordnung, wenn sie auch gegen diese oder jene Bestim</Unicode>
                </TextEquiv>
            </TextLine>
            <TextLine id="tr_1_tl_146" custom="readingOrder {index:145;}">
                <Coords points="2250,4260 5481,4179 2250,4192"/>
                <Baseline points="2274,4244 2333,4244 2423,4244 2513,4244 2602,4244 2692,4244 2781,4238 2871,4238 2960,4238 3050,4238 3139,4238 3229,4238 3318,4238 3408,4238 3497,4238 3587,4238 3677,4238 3766,4238 3856,4232 3897,4244 3969,4244 4059,4238 4148,4238 4238,4244 4327,4238 4417,4244 4506,4244 4596,4238 4685,4238 4775,4232 4864,4232 4954,4232 5044,4232 5133,4232 5223,4232 5312,4232 5402,4226 5491,4238"/>
                <TextEquiv>
                    <Unicode>mungen der Regierungsvorlage ernstliche Einwendungen ordnungsgesetz vom 12. Mai 1873, R. G. Bl. Nr. 94,</Unicode>
                </TextEquiv>
            </TextLine>
            <TextLine id="tr_1_tl_147" custom="readingOrder {index:146;}">
                <Coords points="592,4244 2193,4256 2193,4179 592,4179"/>
                <Baseline points="614,4232 704,4232 793,4232 883,4238 972,4232 1062,4232 1152,4238 1241,4232 1331,4232 1420,4232 1510,4232 1599,4232 1689,4238 1778,4244 1868,4232 1957,4232 2047,4238 2136,4232 2202,4232"/>
                <TextEquiv>
                    <Unicode>Arbeitsleistung, die großen Aufgaben gegenüber voll¬</Unicode>
                </TextEquiv>
            </TextLine>
            <TextLine id="tr_1_tl_148" custom="readingOrder {index:147;}">
                <Coords points="3888,4321 5420,4321 5477,4317 5477,4248 3888,4252"/>
                <Baseline points="3909,4309 3963,4309 4053,4309 4142,4309 4232,4309 4321,4309 4411,4309 4500,4309 4590,4303 4679,4303 4769,4303 4858,4303 4948,4303 5038,4297 5127,4297 5217,4297 5306,4303 5396,4303 5485,4297"/>
                <TextEquiv>
                    <Unicode>dar. Die Abänderungen, welche die Regierung vorschlägt,</Unicode>
                </TextEquiv>
            </TextLine>
            <TextLine id="tr_1_tl_149" custom="readingOrder {index:148;}">
                <Coords points="596,4329 2173,4309 2173,4248 2067,4232 596,4248"/>
                <Baseline points="620,4303 710,4303 799,4309 889,4303 978,4303 1068,4303 1158,4303 1247,4297 1337,4297 1426,4297 1516,4297 1605,4297 1695,4297 1784,4297 1874,4303 1963,4297 2053,4303 2142,4297 2184,4303"/>
                <TextEquiv>
                    <Unicode>ständig zu versagen scheint und alles der Versumpfung</Unicode>
                </TextEquiv>
            </TextLine>
            <TextLine id="tr_1_tl_150" custom="readingOrder {index:149;}">
                <Coords points="2246,4325 3835,4325 3835,4260 3766,4240 2246,4260"/>
                <Baseline points="2268,4303 2357,4309 2447,4315 2536,4309 2626,4309 2716,4303 2805,4303 2895,4303 2984,4303 3074,4303 3163,4303 3253,4303 3342,4309 3432,4303 3521,4303 3611,4309 3700,4303 3790,4303 3844,4303"/>
                <TextEquiv>
                    <Unicode>haben. Insbesonders werden die deutschfreiheitlichen Par¬</Unicode>
                </TextEquiv>
            </TextLine>
            <TextLine id="tr_1_tl_151" custom="readingOrder {index:150;}">
                <Coords points="584,4382 2193,4382 2193,4325 584,4329"/>
                <Baseline points="608,4357 698,4363 787,4363 877,4363 967,4369 1056,4363 1146,4363 1235,4363 1325,4363 1414,4363 1504,4363 1593,4363 1683,4363 1772,4363 1862,4363 1951,4363 2041,4363 2131,4357 2202,4363"/>
                <TextEquiv>
                    <Unicode>entgegenführt, mindert den Rest von Vertrauen, den der</Unicode>
                </TextEquiv>
            </TextLine>
            <TextLine id="tr_1_tl_152" custom="readingOrder {index:151;}">
                <Coords points="2246,4390 4873,4410 5489,4321 2246,4325"/>
                <Baseline points="2268,4375 2316,4375 2405,4381 2495,4381 2584,4375 2674,4375 2763,4375 2853,4375 2942,4375 3032,4369 3121,4369 3211,4369 3300,4369 3390,4369 3480,4369 3569,4369 3659,4369 3748,4369 3838,4369 3897,4369 3975,4375 4065,4375 4154,4375 4244,4375 4333,4375 4423,4375 4512,4375 4602,4375 4691,4375 4781,4369 4870,4369 4960,4369 5049,4363 5139,4363 5229,4363 5318,4363 5408,4363 5497,4357"/>
                <TextEquiv>
                    <Unicode>teien gegen gewisse Beschränkungen der parlamentarischen berühren drei Materien: Die Behandlung der Regierungs¬</Unicode>
                </TextEquiv>
            </TextLine>
            <TextLine id="tr_1_tl_153" custom="readingOrder {index:152;}">
                <Coords points="584,4447 2193,4447 2193,4382 2108,4366 584,4382"/>
                <Baseline points="608,4435 680,4435 770,4435 859,4435 949,4435 1038,4435 1128,4435 1217,4435 1307,4435 1396,4429 1486,4435 1575,4429 1665,4435 1754,4429 1844,4429 1934,4429 2023,4429 2113,4429 2202,4429"/>
                <TextEquiv>
                    <Unicode>Reichsrat noch da und dort genießt, macht verdrossen</Unicode>
                </TextEquiv>
            </TextLine>
            <TextLine id="tr_1_tl_154" custom="readingOrder {index:153;}">
                <Coords points="3888,4459 5485,4463 5485,4378 3888,4394"/>
                <Baseline points="3909,4447 3969,4447 4059,4447 4148,4447 4238,4447 4327,4447 4417,4447 4506,4441 4596,4441 4685,4441 4775,4441 4864,4441 4954,4435 5044,4435 5133,4435 5223,4435 5312,4435 5402,4429 5491,4429"/>
                <TextEquiv>
                    <Unicode>vorlagen im Abgeordnetenhause, die Disziplinargewalt</Unicode>
                </TextEquiv>
            </TextLine>
            <TextLine id="tr_1_tl_155" custom="readingOrder {index:154;}">
                <Coords points="2258,4459 3786,4467 3827,4382 2258,4390"/>
                <Baseline points="2280,4441 2369,4441 2459,4447 2548,4447 2638,4447 2727,4441 2817,4447 2907,4447 2996,4441 3086,4441 3175,4435 3265,4435 3354,4441 3444,4441 3533,4435 3623,4435 3712,4441 3802,4435 3838,4441"/>
                <TextEquiv>
                    <Unicode>Bewegungsfreiheit entschieden austreten, aber sie wünschen</Unicode>
                </TextEquiv>
            </TextLine>
            <TextLine id="tr_1_tl_156" custom="readingOrder {index:155;}">
                <Coords points="3888,4532 4504,4569 5027,4520 5148,4565 5408,4512 5456,4552 5489,4463 3888,4459"/>
                <Baseline points="3909,4518 3975,4518 4065,4518 4154,4518 4244,4518 4333,4518 4423,4518 4512,4518 4602,4518 4691,4518 4781,4512 4870,4506 4960,4506 5049,4506 5139,4506 5229,4512 5318,4506 5408,4500 5497,4494"/>
                <TextEquiv>
                    <Unicode>des Präsidenten und des Hauses und das Interpellations¬</Unicode>
                </TextEquiv>
            </TextLine>
            <TextLine id="tr_1_tl_157" custom="readingOrder {index:156;}">
                <Coords points="580,4516 2148,4520 2185,4443 580,4447"/>
                <Baseline points="602,4500 692,4500 781,4506 871,4500 961,4500 1050,4500 1140,4494 1229,4500 1319,4494 1408,4494 1498,4494 1587,4494 1677,4494 1766,4500 1856,4500 1945,4500 2035,4494 2125,4494 2196,4500"/>
                <TextEquiv>
                    <Unicode>und unwillig und erzeugt jene Stimmungen, die in</Unicode>
                </TextEquiv>
            </TextLine>
            <TextLine id="tr_1_tl_158" custom="readingOrder {index:157;}">
                <Coords points="2250,4536 3827,4528 3827,4463 3754,4451 2250,4459"/>
                <Baseline points="2274,4518 2316,4518 2405,4518 2495,4512 2584,4512 2674,4512 2763,4518 2853,4518 2942,4512 3032,4512 3121,4512 3211,4506 3300,4506 3390,4506 3480,4506 3569,4512 3659,4512 3748,4506 3838,4512"/>
                <TextEquiv>
                    <Unicode>deshalb durchaus nicht, der Beratung der Vorlage Hinder</Unicode>
                </TextEquiv>
            </TextLine>
            <TextLine id="tr_1_tl_159" custom="readingOrder {index:158;}">
                <Coords points="592,4593 2193,4585 2193,4512 592,4516"/>
                <Baseline points="614,4572 680,4572 770,4566 859,4572 949,4566 1038,4566 1128,4566 1217,4566 1307,4566 1396,4560 1486,4566 1575,4566 1665,4566 1754,4572 1844,4566 1934,4572 2023,4566 2113,4566 2202,4566"/>
                <TextEquiv>
                    <Unicode>Oesterreich schon wiederholt der verfassungsmäßigen Fort¬</Unicode>
                </TextEquiv>
            </TextLine>
            <TextLine id="tr_1_tl_160" custom="readingOrder {index:159;}">
                <Coords points="2250,4593 3588,4605 3827,4589 3827,4528 2250,4532"/>
                <Baseline points="2274,4578 2316,4584 2405,4584 2495,4578 2584,4578 2674,4578 2763,4578 2853,4578 2942,4584 3032,4578 3121,4578 3211,4572 3300,4572 3390,4578 3480,4572 3569,4578 3659,4572 3748,4578 3838,4572"/>
                <TextEquiv>
                    <Unicode>nisse zu bereiten. Die Parteien werden Freitag vor der</Unicode>
                </TextEquiv>
            </TextLine>
            <TextLine id="tr_1_tl_161" custom="readingOrder {index:160;}">
                <Coords points="4001,4670 5424,4658 5469,4646 5473,4548 5335,4589 5266,4536 5039,4577 4877,4532 4779,4593 4500,4565 4447,4609 4196,4560 4102,4605 4005,4552"/>
                <Baseline points="4023,4650 4047,4650 4136,4644 4226,4644 4315,4650 4405,4644 4494,4644 4584,4644 4673,4644 4763,4644 4852,4638 4942,4638 5032,4638 5121,4638 5211,4638 5300,4632 5390,4632 5479,4626"/>
                <TextEquiv>
                    <Unicode>Die Vorschläge des Entwurfes über die Regie¬</Unicode>
                </TextEquiv>
            </TextLine>
            <TextLine id="tr_1_tl_162" custom="readingOrder {index:161;}">
                <Coords points="592,4682 1058,4637 1277,4690 1431,4633 2015,4666 2132,4646 2132,4585 592,4589"/>
                <Baseline points="614,4644 620,4638 710,4638 799,4638 889,4638 978,4638 1068,4632 1158,4632 1247,4632 1337,4632 1426,4632 1516,4632 1605,4638 1695,4638 1784,4632 1874,4632 1963,4632 2053,4626 2142,4632"/>
                <TextEquiv>
                    <Unicode>entwicklung des Staatslebens gefährlich geworden sind.</Unicode>
                </TextEquiv>
            </TextLine>
            <TextLine id="tr_1_tl_163" custom="readingOrder {index:162;}">
                <Coords points="2246,4662 3442,4682 3827,4654 3831,4589 2250,4593"/>
                <Baseline points="2268,4644 2357,4650 2447,4650 2536,4656 2626,4650 2716,4650 2805,4644 2895,4644 2984,4644 3074,4644 3163,4644 3253,4644 3342,4638 3432,4644 3521,4638 3611,4638 3700,4638 3790,4638 3838,4644"/>
                <TextEquiv>
                    <Unicode>Sitzung zusammentreten, um ihre Haltung in der Ge</Unicode>
                </TextEquiv>
            </TextLine>
            <TextLine id="tr_1_tl_164" custom="readingOrder {index:163;}">
                <Coords points="3888,4731 5509,4706 5408,4642 4406,4682 3888,4629"/>
                <Baseline points="3909,4721 3999,4721 4088,4715 4178,4715 4268,4721 4357,4715 4447,4715 4536,4721 4626,4715 4715,4721 4805,4709 4894,4709 4984,4703 5073,4709 5163,4709 5252,4709 5342,4703 5432,4703 5521,4697"/>
                <TextEquiv>
                    <Unicode>rungsvorlagen sind sehr weitgehend. Sie laufen</Unicode>
                </TextEquiv>
            </TextLine>
            <TextLine id="tr_1_tl_165" custom="readingOrder {index:164;}">
                <Coords points="705,4715 2169,4723 2197,4625 1654,4674 705,4654"/>
                <Baseline points="728,4709 770,4709 859,4709 949,4703 1038,4709 1128,4709 1217,4703 1307,4703 1396,4703 1486,4703 1575,4703 1665,4703 1754,4703 1844,4703 1934,4697 2023,4697 2113,4697 2202,4703"/>
                <TextEquiv>
                    <Unicode>Es ist daher sehr verständlich, daß in der letzten</Unicode>
                </TextEquiv>
            </TextLine>
            <TextLine id="tr_1_tl_166" custom="readingOrder {index:165;}">
                <Coords points="2246,4743 3697,4743 3827,4727 3831,4654 2246,4666"/>
                <Baseline points="2268,4715 2316,4721 2405,4721 2495,4721 2584,4721 2674,4715 2763,4715 2853,4721 2942,4715 3032,4715 3121,4715 3211,4715 3300,4715 3390,4715 3480,4709 3569,4709 3659,4709 3748,4709 3838,4709"/>
                <TextEquiv>
                    <Unicode>schäftsordnungsfrage zu bestimmen, und an demselben</Unicode>
                </TextEquiv>
            </TextLine>
            <TextLine id="tr_1_tl_167" custom="readingOrder {index:166;}">
                <Coords points="584,4792 3843,4800 3466,4706 584,4690"/>
                <Baseline points="608,4781 692,4775 781,4775 871,4769 961,4769 1050,4769 1140,4769 1229,4769 1319,4769 1408,4769 1498,4769 1587,4769 1677,4769 1766,4769 1856,4769 1945,4763 2035,4769 2125,4763 2214,4769 2268,4793 2328,4787 2417,4793 2507,4787 2596,4793 2686,4787 2775,4787 2865,4787 2954,4787 3044,4787 3133,4781 3223,4781 3312,4781 3402,4781 3492,4781 3581,4781 3671,4781 3760,4781 3850,4781"/>
                <TextEquiv>
                    <Unicode>Zeit da und dort im Parlament und außerhalb desselben   Tage dürfte auch der Deutsche Nationalverband von be¬</Unicode>
                </TextEquiv>
            </TextLine>
            <TextLine id="tr_1_tl_168" custom="readingOrder {index:167;}">
                <Coords points="3867,4804 5189,4820 5517,4779 5517,4710 3867,4731"/>
                <Baseline points="3891,4787 3915,4787 4005,4787 4094,4787 4184,4787 4273,4787 4363,4781 4453,4787 4542,4781 4632,4781 4721,4781 4811,4781 4900,4775 4990,4775 5079,4775 5169,4769 5258,4769 5348,4769 5437,4769 5527,4769"/>
                <TextEquiv>
                    <Unicode>darauf hinaus, Verhandlungen der Regierungsentwürfe</Unicode>
                </TextEquiv>
            </TextLine>
            <TextLine id="tr_1_tl_169" custom="readingOrder {index:168;}">
                <Coords points="584,4864 1593,4836 1942,4877 2185,4844 2185,4775 584,4792"/>
                <Baseline points="608,4841 674,4841 764,4841 853,4841 943,4835 1032,4841 1122,4835 1211,4835 1301,4835 1390,4835 1480,4835 1569,4835 1659,4835 1748,4835 1838,4835 1928,4835 2017,4835 2107,4835 2196,4829"/>
                <TextEquiv>
                    <Unicode>von Abgeordneten dem Bedürfnisse nach einem Friedens</Unicode>
                </TextEquiv>
            </TextLine>
            <TextLine id="tr_1_tl_170" custom="readingOrder {index:169;}">
                <Coords points="3888,4877 5177,4844 5250,4885 5533,4869 5537,4787 3892,4804"/>
                <Baseline points="3909,4858 3933,4858 4023,4858 4112,4858 4202,4858 4291,4852 4381,4852 4470,4852 4560,4852 4650,4852 4739,4852 4829,4852 4918,4852 5008,4847 5097,4841 5187,4841 5276,4841 5366,4841 5455,4835 5545,4829"/>
                <TextEquiv>
                    <Unicode>gegen Obstruktionsversuche zu schützen und ihre Er¬</Unicode>
                </TextEquiv>
            </TextLine>
            <TextLine id="tr_1_tl_171" custom="readingOrder {index:170;}">
                <Coords points="2246,4869 3798,4873 3835,4800 2246,4808"/>
                <Baseline points="2268,4858 2322,4858 2411,4858 2501,4858 2590,4858 2680,4852 2769,4852 2859,4852 2948,4852 3038,4852 3127,4852 3217,4847 3306,4852 3396,4847 3486,4847 3575,4847 3665,4847 3754,4847 3844,4847"/>
                <TextEquiv>
                    <Unicode>rufener Seite über die während der Reichsratspause ge¬</Unicode>
                </TextEquiv>
            </TextLine>
            <TextLine id="tr_1_tl_172" custom="readingOrder {index:171;}">
                <Coords points="604,4933 1974,4905 2201,4966 2177,4844 604,4856"/>
                <Baseline points="626,4906 686,4912 776,4912 865,4906 955,4906 1044,4906 1134,4906 1223,4906 1313,4906 1402,4900 1492,4906 1581,4900 1671,4900 1760,4900 1850,4906 1940,4906 2029,4900 2119,4906 2208,4900"/>
                <TextEquiv>
                    <Unicode>schlusse, bei aller Vorsicht der Ausdrucksweise, doch in</Unicode>
                </TextEquiv>
            </TextLine>
            <TextLine id="tr_1_tl_173" custom="readingOrder {index:172;}">
                <Coords points="2258,4946 5087,4946 5469,4852 2258,4873"/>
                <Baseline points="2280,4924 2316,4924 2405,4924 2495,4924 2584,4924 2674,4918 2763,4924 2853,4918 2942,4924 3032,4918 3121,4918 3211,4918 3300,4918 3390,4918 3480,4918 3569,4912 3659,4912 3748,4912 3838,4912 3891,4918 3957,4924 4047,4924 4136,4924 4226,4924 4315,4924 4405,4924 4494,4918 4584,4918 4673,4918 4763,4912 4852,4918 4942,4912 5032,4918 5121,4912 5211,4912 5300,4906 5390,4912 5479,4906"/>
                <TextEquiv>
                    <Unicode>führten deutsch=czechischen Behandlungen Kenntnis er¬ ledigung unter allen Umständen zu sichern. Diesem</Unicode>
                </TextEquiv>
            </TextLine>
            <TextLine id="tr_1_tl_174" custom="readingOrder {index:173;}">
                <Coords points="584,5019 734,4974 1893,4994 1978,4978 1978,4909 584,4917"/>
                <Baseline points="608,4990 644,4984 734,4972 823,4978 913,4972 1002,4972 1092,4972 1181,4972 1271,4972 1360,4972 1450,4972 1540,4972 1629,4966 1719,4972 1808,4972 1898,4966 1987,4972"/>
                <TextEquiv>
                    <Unicode>sehr bemerkenswerter Art Ausdruck geliehen wird.</Unicode>
                </TextEquiv>
            </TextLine>
            <TextLine id="tr_1_tl_175" custom="readingOrder {index:174;}">
                <Coords points="3879,5010 5452,4998 5481,4921 3879,4942"/>
                <Baseline points="3903,4996 3969,4996 4059,4990 4148,4990 4238,4996 4327,4990 4417,4984 4506,4984 4596,4984 4685,4984 4775,4984 4864,4978 4954,4978 5044,4978 5133,4978 5223,4978 5312,4972 5402,4978 5491,4972"/>
                <TextEquiv>
                    <Unicode>Zwecke dient zunächst die Einrichtung, daß gewisse Tage</Unicode>
                </TextEquiv>
            </TextLine>
            <TextLine id="tr_1_tl_176" custom="readingOrder {index:175;}">
                <Coords points="2246,5006 3802,4998 3827,4933 2246,4937"/>
                <Baseline points="2268,4990 2316,4990 2405,4990 2495,4996 2584,4990 2674,4990 2763,4990 2853,4984 2942,4984 3032,4984 3121,4984 3211,4984 3300,4984 3390,4978 3480,4984 3569,4978 3659,4984 3748,4978 3838,4984"/>
                <TextEquiv>
                    <Unicode>halten. An diesen Konferenzen waren die aus</Unicode>
                </TextEquiv>
            </TextLine>
            <TextLine id="tr_1_tl_177" custom="readingOrder {index:176;}">
                <Coords points="2258,5087 5481,5043 2258,4990"/>
                <Baseline points="2280,5055 2322,5061 2411,5061 2501,5061 2590,5061 2680,5055 2769,5055 2859,5055 2948,5055 3038,5055 3127,5055 3217,5049 3306,5049 3396,5049 3486,5049 3575,5049 3665,5049 3754,5044 3844,5044 3891,5055 3969,5055 4059,5055 4148,5055 4238,5055 4327,5055 4417,5055 4506,5055 4596,5049 4685,5049 4775,5049 4864,5049 4954,5044 5044,5044 5133,5044 5223,5044 5312,5044 5402,5038 5491,5026"/>
                <TextEquiv>
                    <Unicode>Böhmen gewählten Mitglieder des zur Beratung natio¬ der Woche, und zwar Dienstag und Mittwoch, aus¬</Unicode>
                </TextEquiv>
            </TextLine>
            <TextLine id="tr_1_tl_178" custom="readingOrder {index:177;}">
                <Coords points="705,5051 2076,5067 2197,5059 2201,4978 705,4982"/>
                <Baseline points="728,5044 776,5044 865,5044 955,5044 1044,5044 1134,5044 1223,5044 1313,5044 1402,5044 1492,5044 1581,5044 1671,5038 1760,5038 1850,5038 1940,5038 2029,5044 2119,5044 2208,5038"/>
                <TextEquiv>
                    <Unicode>Aus dieser Stimmung heraus sind die mit gutem</Unicode>
                </TextEquiv>
            </TextLine>
            <TextLine id="tr_1_tl_179" custom="readingOrder {index:178;}">
                <Coords points="584,5136 2193,5112 2193,5055 2015,5047 584,5047"/>
                <Baseline points="608,5115 680,5115 770,5109 859,5115 949,5109 1038,5115 1128,5109 1217,5109 1307,5109 1396,5109 1486,5109 1575,5109 1665,5103 1754,5103 1844,5103 1934,5103 2023,5103 2113,5103 2202,5103"/>
                <TextEquiv>
                    <Unicode>Bedachte dem Augenmerk der Tagespolitik entrückten un¬</Unicode>
                </TextEquiv>
            </TextLine>
            <TextLine id="tr_1_tl_180" custom="readingOrder {index:179;}">
                <Coords points="3892,5140 5469,5128 5473,5047 3892,5071"/>
                <Baseline points="3915,5121 3957,5127 4047,5127 4136,5127 4226,5121 4315,5121 4405,5121 4494,5121 4584,5115 4673,5115 4763,5115 4852,5115 4942,5109 5032,5109 5121,5109 5211,5109 5300,5103 5390,5103 5479,5103"/>
                <TextEquiv>
                    <Unicode>schließlich für Regierungsvorlagen reserviert sind. Nur auf</Unicode>
                </TextEquiv>
            </TextLine>
            <TextLine id="tr_1_tl_181" custom="readingOrder {index:180;}">
                <Coords points="2262,5148 3839,5140 3839,5059 2262,5079"/>
                <Baseline points="2286,5127 2322,5127 2411,5127 2501,5127 2590,5127 2680,5121 2769,5121 2859,5121 2948,5121 3038,5121 3127,5121 3217,5121 3306,5115 3396,5115 3486,5115 3575,5115 3665,5115 3754,5115 3844,5109"/>
                <TextEquiv>
                    <Unicode>naler Angelegenheiten eingesetzten Ausschusses, Deutsche</Unicode>
                </TextEquiv>
            </TextLine>
            <TextLine id="tr_1_tl_182" custom="readingOrder {index:181;}">
                <Coords points="592,5205 2076,5209 2189,5185 2189,5116 592,5136"/>
                <Baseline points="614,5181 674,5181 764,5181 853,5175 943,5175 1032,5175 1122,5175 1211,5175 1301,5175 1390,5175 1480,5169 1569,5175 1659,5175 1748,5169 1838,5175 1928,5175 2017,5175 2107,5169 2196,5169"/>
                <TextEquiv>
                    <Unicode>verbindlichen Besprechungen deutscher und czechischer Poli¬</Unicode>
                </TextEquiv>
            </TextLine>
            <TextLine id="tr_1_tl_183" custom="readingOrder {index:182;}">
                <Coords points="3879,5201 5274,5213 5464,5193 5464,5124 3879,5140"/>
                <Baseline points="3903,5187 3951,5193 4041,5193 4130,5193 4220,5193 4309,5193 4399,5187 4488,5187 4578,5187 4667,5187 4757,5181 4847,5181 4936,5181 5026,5175 5115,5175 5205,5175 5294,5175 5384,5175 5473,5169"/>
                <TextEquiv>
                    <Unicode>Vorschlag des Präsidenten und mit Zweidrittelmehrheit</Unicode>
                </TextEquiv>
            </TextLine>
            <TextLine id="tr_1_tl_184" custom="readingOrder {index:183;}">
                <Coords points="2262,5217 3786,5205 3843,5132 2262,5148"/>
                <Baseline points="2286,5199 2322,5193 2411,5193 2501,5193 2590,5193 2680,5193 2769,5193 2859,5193 2948,5187 3038,5187 3127,5187 3217,5187 3306,5187 3396,5181 3486,5181 3575,5181 3665,5181 3754,5181 3844,5175"/>
                <TextEquiv>
                    <Unicode>und Czechen, beteiligt. Diese Konferenzen haben bisher</Unicode>
                </TextEquiv>
            </TextLine>
            <TextLine id="tr_1_tl_185" custom="readingOrder {index:184;}">
                <Coords points="604,5262 2136,5262 2205,5250 2205,5181 604,5193"/>
                <Baseline points="626,5252 692,5252 781,5246 871,5246 961,5246 1050,5246 1140,5246 1229,5246 1319,5246 1408,5246 1498,5246 1587,5240 1677,5240 1766,5240 1856,5240 1945,5240 2035,5240 2125,5240 2214,5235"/>
                <TextEquiv>
                    <Unicode>tiker eingeleitet und fortgeführt worden. Schon die Tat¬</Unicode>
                </TextEquiv>
            </TextLine>
            <TextLine id="tr_1_tl_186" custom="readingOrder {index:185;}">
                <Coords points="3888,5270 5351,5282 5485,5258 5485,5193 3888,5197"/>
                <Baseline points="3909,5258 3969,5264 4059,5258 4148,5258 4238,5258 4327,5258 4417,5258 4506,5258 4596,5258 4685,5252 4775,5252 4864,5246 4954,5246 5044,5246 5133,5246 5223,5246 5312,5240 5402,5240 5491,5240"/>
                <TextEquiv>
                    <Unicode>kann das Haus beschließen, an diesen Tagen andere</Unicode>
                </TextEquiv>
            </TextLine>
            <TextLine id="tr_1_tl_187" custom="readingOrder {index:186;}">
                <Coords points="2258,5290 3786,5274 3823,5193 2258,5221"/>
                <Baseline points="2280,5270 2310,5270 2399,5264 2489,5264 2578,5264 2668,5258 2757,5258 2847,5258 2936,5258 3026,5258 3115,5258 3205,5258 3295,5252 3384,5252 3474,5252 3563,5252 3653,5252 3742,5246 3832,5252"/>
                <TextEquiv>
                    <Unicode>zu einer Annäherung der beiden Parteien nicht geführt</Unicode>
                </TextEquiv>
            </TextLine>
            <TextLine id="tr_1_tl_188" custom="readingOrder {index:187;}">
                <Coords points="604,5335 2140,5331 2201,5319 2205,5250 608,5262"/>
                <Baseline points="626,5318 686,5318 776,5318 865,5318 955,5312 1044,5312 1134,5312 1223,5312 1313,5312 1402,5312 1492,5312 1581,5306 1671,5306 1760,5306 1850,5306 1940,5306 2029,5306 2119,5306 2208,5306"/>
                <TextEquiv>
                    <Unicode>sache, daß derartige Besprechungen möglich sind, erweckt</Unicode>
                </TextEquiv>
            </TextLine>
            <TextLine id="tr_1_tl_189" custom="readingOrder {index:188;}">
                <Coords points="3888,5343 5444,5335 5477,5262 3888,5270"/>
                <Baseline points="3909,5330 3963,5324 4053,5324 4142,5324 4232,5318 4321,5324 4411,5318 4500,5318 4590,5318 4679,5318 4769,5312 4858,5312 4948,5312 5038,5312 5127,5312 5217,5312 5306,5312 5396,5306 5485,5306"/>
                <TextEquiv>
                    <Unicode>dringende Gegenstände zu verhandeln. Auch kann nur</Unicode>
                </TextEquiv>
            </TextLine>
            <TextLine id="tr_1_tl_190" custom="readingOrder {index:189;}">
                <Coords points="2258,5343 3685,5351 3827,5327 3827,5270 2258,5290"/>
                <Baseline points="2280,5330 2316,5330 2405,5330 2495,5330 2584,5330 2674,5324 2763,5330 2853,5324 2942,5330 3032,5324 3121,5330 3211,5318 3300,5318 3390,5318 3480,5318 3569,5318 3659,5318 3748,5312 3838,5312"/>
                <TextEquiv>
                    <Unicode>was ja auch in so kurzer Zeit nicht erwartet werden</Unicode>
                </TextEquiv>
            </TextLine>
            <TextLine id="tr_1_tl_191" custom="readingOrder {index:190;}">
                <Coords points="596,5408 2092,5404 2197,5387 2197,5319 596,5327"/>
                <Baseline points="620,5372 704,5384 793,5378 883,5378 972,5378 1062,5378 1152,5378 1241,5378 1331,5378 1420,5372 1510,5378 1599,5378 1689,5372 1778,5372 1868,5372 1957,5372 2047,5366 2136,5366 2208,5372"/>
                <TextEquiv>
                    <Unicode>Hoffnungen. Die Verantwortung, die auf den Politikern</Unicode>
                </TextEquiv>
            </TextLine>
            <TextLine id="tr_1_tl_192" custom="readingOrder {index:191;}">
                <Coords points="3888,5400 5010,5416 5436,5396 5473,5327 3892,5347"/>
                <Baseline points="3909,5390 3957,5390 4047,5396 4136,5390 4226,5390 4315,5390 4405,5390 4494,5384 4584,5384 4673,5384 4763,5378 4852,5384 4942,5384 5032,5378 5121,5378 5211,5372 5300,5372 5390,5372 5479,5372"/>
                <TextEquiv>
                    <Unicode>eine Zweidrittelmehrheit den Beschluß fassen, daß an</Unicode>
                </TextEquiv>
            </TextLine>
            <TextLine id="tr_1_tl_193" custom="readingOrder {index:192;}">
                <Coords points="2258,5412 3551,5383 3717,5420 3823,5391 3827,5339 2262,5347"/>
                <Baseline points="2280,5396 2316,5396 2405,5396 2495,5396 2584,5390 2674,5390 2763,5390 2853,5390 2942,5390 3032,5390 3121,5390 3211,5384 3300,5384 3390,5384 3480,5384 3569,5378 3659,5384 3748,5378 3838,5378"/>
                <TextEquiv>
                    <Unicode>konnte. Nach wie vor opponieren die Czechen der erster</Unicode>
                </TextEquiv>
            </TextLine>
            <TextLine id="tr_1_tl_194" custom="readingOrder {index:193;}">
                <Coords points="604,5469 2128,5460 2205,5456 2205,5391 604,5404"/>
                <Baseline points="626,5455 692,5455 781,5449 871,5449 961,5449 1050,5449 1140,5443 1229,5443 1319,5449 1408,5443 1498,5443 1587,5443 1677,5443 1766,5443 1856,5437 1945,5437 2035,5437 2125,5437 2214,5437"/>
                <TextEquiv>
                    <Unicode>lastet, ist zu groß, als daß sie auch um den Preis per¬</Unicode>
                </TextEquiv>
            </TextLine>
            <TextLine id="tr_1_tl_195" custom="readingOrder {index:194;}">
                <Coords points="2262,5481 3725,5485 3839,5473 3843,5404 2262,5412"/>
                <Baseline points="2286,5461 2322,5467 2411,5467 2501,5461 2590,5461 2680,5461 2769,5461 2859,5461 2948,5461 3038,5461 3127,5455 3217,5461 3306,5455 3396,5449 3486,5449 3575,5449 3665,5449 3754,5449 3844,5443"/>
                <TextEquiv>
                    <Unicode>Lesung der nationalen Vorlagen, und das Organ der</Unicode>
                </TextEquiv>
            </TextLine>
            <TextLine id="tr_1_tl_196" custom="readingOrder {index:195;}">
                <Coords points="3888,5473 5477,5460 5477,5400 5383,5371 3888,5400"/>
                <Baseline points="3909,5461 3963,5461 4053,5461 4142,5461 4232,5461 4321,5455 4411,5455 4500,5449 4590,5449 4679,5449 4769,5449 4858,5449 4948,5449 5038,5449 5127,5443 5217,5443 5306,5443 5396,5443 5485,5443"/>
                <TextEquiv>
                    <Unicode>diesen beiden Tagen die Sitzungen zu entfallen haben.</Unicode>
                </TextEquiv>
            </TextLine>
            <TextLine id="tr_1_tl_197" custom="readingOrder {index:196;}">
                <Coords points="608,5537 2047,5533 2205,5517 2205,5452 608,5464"/>
                <Baseline points="632,5521 692,5521 781,5515 871,5515 961,5509 1050,5515 1140,5509 1229,5509 1319,5509 1408,5509 1498,5509 1587,5509 1677,5509 1766,5509 1856,5503 1945,5509 2035,5509 2125,5503 2214,5509"/>
                <TextEquiv>
                    <Unicode>sönlicher Popularität nicht den Versuch wagen sollten,</Unicode>
                </TextEquiv>
            </TextLine>
            <TextLine id="tr_1_tl_198" custom="readingOrder {index:197;}">
                <Coords points="3888,5537 5493,5533 5493,5460 3888,5473"/>
                <Baseline points="3909,5527 3981,5521 4071,5527 4160,5521 4250,5527 4339,5521 4429,5521 4518,5515 4608,5515 4697,5515 4787,5515 4876,5509 4966,5509 5055,5509 5145,5509 5235,5509 5324,5509 5414,5509 5503,5515"/>
                <TextEquiv>
                    <Unicode>Um diese Tage voll für die Verhandlung von Regierungs¬</Unicode>
                </TextEquiv>
            </TextLine>
            <TextLine id="tr_1_tl_199" custom="readingOrder {index:198;}">
                <Coords points="2258,5550 3734,5546 3835,5533 3835,5469 2258,5481"/>
                <Baseline points="2280,5533 2322,5533 2411,5527 2501,5527 2590,5533 2680,5527 2769,5527 2859,5527 2948,5527 3038,5527 3127,5521 3217,5521 3306,5521 3396,5521 3486,5521 3575,5515 3665,5515 3754,5515 3844,5515"/>
                <TextEquiv>
                    <Unicode>Czechischradikalen spricht sogar davon, daß diese erste</Unicode>
                </TextEquiv>
            </TextLine>
            <TextLine id="tr_1_tl_200" custom="readingOrder {index:199;}">
                <Coords points="592,5602 1978,5610 2193,5590 2197,5517 596,5537"/>
                <Baseline points="614,5581 680,5587 770,5581 859,5581 949,5581 1038,5581 1128,5581 1217,5581 1307,5575 1396,5581 1486,5575 1575,5575 1665,5575 1754,5575 1844,5575 1934,5569 2023,5575 2113,5569 2202,5569"/>
                <TextEquiv>
                    <Unicode>Mittel und Wege zu finden, die aus dem Wirrsale all</Unicode>
                </TextEquiv>
            </TextLine>
            <TextLine id="tr_1_tl_201" custom="readingOrder {index:200;}">
                <Coords points="2258,5627 3352,5623 3421,5578 3705,5627 3827,5594 3827,5533 2258,5550"/>
                <Baseline points="2280,5599 2316,5599 2405,5599 2495,5599 2584,5599 2674,5593 2763,5593 2853,5593 2942,5593 3032,5593 3121,5593 3211,5587 3300,5587 3390,5581 3480,5581 3569,5581 3659,5587 3748,5581 3838,5575"/>
                <TextEquiv>
                    <Unicode>Lesung unbedingt vereitelt werden müsse und daß ein</Unicode>
                </TextEquiv>
            </TextLine>
            <TextLine id="tr_1_tl_202" custom="readingOrder {index:201;}">
                <Coords points="3888,5598 5440,5602 5469,5509 3888,5541"/>
                <Baseline points="3909,5593 3957,5593 4047,5587 4136,5587 4226,5587 4315,5587 4405,5587 4494,5587 4584,5581 4673,5581 4763,5581 4852,5581 4942,5581 5032,5575 5121,5575 5211,5575 5300,5575 5390,5575 5479,5575"/>
                <TextEquiv>
                    <Unicode>vorlagen auszunützen und die Obstruktion vermittelst</Unicode>
                </TextEquiv>
            </TextLine>
            <TextLine id="tr_1_tl_203" custom="readingOrder {index:202;}">
                <Coords points="596,5671 2100,5675 2193,5651 2193,5586 596,5602"/>
                <Baseline points="620,5652 680,5652 770,5652 859,5658 949,5646 1038,5646 1128,5646 1217,5646 1307,5640 1396,5646 1486,5640 1575,5640 1665,5640 1754,5640 1844,5640 1934,5640 2023,5646 2113,5640 2202,5640"/>
                <TextEquiv>
                    <Unicode>mählich herausführen. Schließlich sind es doch gescheite</Unicode>
                </TextEquiv>
            </TextLine>
            <TextLine id="tr_1_tl_204" custom="readingOrder {index:203;}">
                <Coords points="2258,5691 5335,5671 5489,5582 2258,5627"/>
                <Baseline points="2280,5676 2328,5670 2417,5664 2507,5664 2596,5664 2686,5664 2775,5664 2865,5664 2954,5664 3044,5664 3133,5658 3223,5652 3312,5652 3402,5652 3492,5646 3581,5646 3671,5646 3760,5646 3850,5646 3903,5658 3975,5652 4065,5652 4154,5652 4244,5652 4333,5658 4423,5652 4512,5652 4602,5652 4691,5646 4781,5646 4870,5646 4960,5646 5049,5640 5139,5640 5229,5640 5318,5652 5408,5640 5497,5646"/>
                <TextEquiv>
                    <Unicode>gemeinsame Beratung der czechischen Reichsrats= und des Einlaufes zu beseitigen, bestimmt der Entwurf, daß</Unicode>
                </TextEquiv>
            </TextLine>
            <TextLine id="tr_1_tl_205" custom="readingOrder {index:204;}">
                <Coords points="596,5732 2193,5724 2193,5651 596,5679"/>
                <Baseline points="620,5718 680,5724 770,5718 859,5718 949,5718 1038,5718 1128,5718 1217,5712 1307,5712 1396,5712 1486,5712 1575,5712 1665,5712 1754,5706 1844,5706 1934,5706 2023,5706 2113,5706 2202,5706"/>
                <TextEquiv>
                    <Unicode>erfahrene, von wahrem Volksgefühl erfüllte Männer, die</Unicode>
                </TextEquiv>
            </TextLine>
            <TextLine id="tr_1_tl_206" custom="readingOrder {index:205;}">
                <Coords points="3900,5736 5477,5736 5477,5659 3900,5671"/>
                <Baseline points="3921,5730 3963,5724 4053,5724 4142,5724 4232,5718 4321,5724 4411,5718 4500,5718 4590,5712 4679,5712 4769,5712 4858,5712 4948,5712 5038,5712 5127,5712 5217,5706 5306,5706 5396,5706 5485,5712"/>
                <TextEquiv>
                    <Unicode>spätestens um halb 12 Uhr die Verhandlung der</Unicode>
                </TextEquiv>
            </TextLine>
            <TextLine id="tr_1_tl_207" custom="readingOrder {index:206;}">
                <Coords points="2262,5748 3705,5748 3827,5720 3827,5659 2262,5691"/>
                <Baseline points="2286,5730 2316,5736 2405,5736 2495,5730 2584,5730 2674,5730 2763,5730 2853,5730 2942,5730 3032,5730 3121,5724 3211,5718 3300,5718 3390,5724 3480,5718 3569,5718 3659,5718 3748,5712 3838,5712"/>
                <TextEquiv>
                    <Unicode>Landtagsabgeordneten demnächst diesbezüglich Beschluß</Unicode>
                </TextEquiv>
            </TextLine>
            <TextLine id="tr_1_tl_208" custom="readingOrder {index:207;}">
                <Coords points="604,5797 2112,5797 2201,5785 2205,5724 608,5732"/>
                <Baseline points="626,5790 692,5790 781,5790 871,5784 961,5784 1050,5784 1140,5784 1229,5778 1319,5778 1408,5778 1498,5778 1587,5778 1677,5778 1766,5778 1856,5772 1945,5772 2035,5772 2125,5766 2214,5766"/>
                <TextEquiv>
                    <Unicode>hier zusammenkommen, die ein autes Ohr für die Unter¬</Unicode>
                </TextEquiv>
            </TextLine>
            <TextLine id="tr_1_tl_209" custom="readingOrder {index:208;}">
                <Coords points="3875,5817 5505,5781 5505,5716 5363,5708 3879,5732"/>
                <Baseline points="3903,5790 3993,5790 4082,5790 4172,5784 4262,5784 4351,5784 4441,5784 4530,5784 4620,5784 4709,5784 4799,5784 4888,5778 4978,5778 5067,5778 5157,5778 5246,5772 5336,5772 5426,5772 5515,5766"/>
                <TextEquiv>
                    <Unicode>Regierungsvorlagen beginnen muß. Für die Intiativ¬</Unicode>
                </TextEquiv>
            </TextLine>
            <TextLine id="tr_1_tl_210" custom="readingOrder {index:209;}">
                <Coords points="2270,5809 3000,5841 3052,5801 3827,5801 3831,5720 2274,5748"/>
                <Baseline points="2292,5802 2316,5802 2405,5802 2495,5802 2584,5796 2674,5796 2763,5796 2853,5796 2942,5796 3032,5790 3121,5790 3211,5790 3300,5784 3390,5784 3480,5784 3569,5784 3659,5778 3748,5778 3838,5778"/>
                <TextEquiv>
                    <Unicode>fassen werde. Auf deutscher Seite erwägt man, ob dies</Unicode>
                </TextEquiv>
            </TextLine>
            <TextLine id="tr_1_tl_211" custom="readingOrder {index:210;}">
                <Coords points="608,5870 1950,5870 2209,5850 2209,5781 608,5801"/>
                <Baseline points="632,5855 698,5855 787,5855 877,5855 967,5849 1056,5849 1146,5849 1235,5843 1325,5843 1414,5843 1504,5843 1593,5843 1683,5837 1772,5843 1862,5843 1951,5837 2041,5837 2131,5837 2220,5831"/>
                <TextEquiv>
                    <Unicode>strömungen im Volksleben haben und wissen, wann die</Unicode>
                </TextEquiv>
            </TextLine>
            <TextLine id="tr_1_tl_212" custom="readingOrder {index:211;}">
                <Coords points="2274,5882 5343,5878 5481,5781 2274,5817"/>
                <Baseline points="2298,5873 2339,5867 2429,5867 2519,5867 2608,5867 2698,5867 2787,5867 2877,5867 2966,5867 3056,5867 3145,5861 3235,5855 3324,5855 3414,5855 3503,5855 3593,5849 3683,5843 3772,5849 3862,5843 3909,5861 3969,5855 4059,5855 4148,5855 4238,5849 4327,5849 4417,5849 4506,5849 4596,5849 4685,5843 4775,5843 4864,5843 4954,5843 5044,5843 5133,5843 5223,5843 5312,5843 5402,5837 5491,5837"/>
                <TextEquiv>
                    <Unicode>Frage nicht durch eine Abstimmung im Hause zur anträge aus der Mitte des Hauses ist der Freitag auf¬</Unicode>
                </TextEquiv>
            </TextLine>
            <TextLine id="tr_1_tl_213" custom="readingOrder {index:212;}">
                <Coords points="596,5935 2161,5931 2205,5854 596,5862"/>
                <Baseline points="620,5927 692,5921 781,5921 871,5927 961,5921 1050,5915 1140,5915 1229,5915 1319,5915 1408,5915 1498,5909 1587,5909 1677,5909 1766,5909 1856,5909 1945,5909 2035,5903 2125,5903 2214,5897"/>
                <TextEquiv>
                    <Unicode>Stunde geschlagen hat, in der man aus der Kampfes¬</Unicode>
                </TextEquiv>
            </TextLine>
            <TextLine id="tr_1_tl_214" custom="readingOrder {index:213;}">
                <Coords points="3900,5939 5314,5939 5314,5866 3900,5882"/>
                <Baseline points="3921,5921 3981,5927 4071,5921 4160,5921 4250,5921 4339,5921 4429,5915 4518,5915 4608,5915 4697,5915 4787,5909 4876,5915 4966,5909 5055,5909 5145,5909 5235,5909 5324,5909"/>
                <TextEquiv>
                    <Unicode>gespart. Eine Verhandlung über die erste Lesung</Unicode>
                </TextEquiv>
            </TextLine>
            <TextLine id="tr_1_tl_215" custom="readingOrder {index:214;}">
                <Coords points="2270,5955 3811,5943 3839,5866 2270,5894"/>
                <Baseline points="2292,5933 2328,5939 2417,5939 2507,5939 2596,5939 2686,5933 2775,5933 2865,5933 2954,5933 3044,5933 3133,5933 3223,5927 3312,5927 3402,5921 3492,5921 3581,5921 3671,5915 3760,5915 3850,5921"/>
                <TextEquiv>
                    <Unicode>Entscheidung gebracht werden könnte. Für einen Antrag</Unicode>
                </TextEquiv>
            </TextLine>
            <TextLine id="tr_1_tl_216" custom="readingOrder {index:215;}">
                <Coords points="596,6012 2088,6000 2205,5983 2205,5923 596,5935"/>
                <Baseline points="620,5993 692,5993 781,5987 871,5987 961,5987 1050,5987 1140,5981 1229,5987 1319,5981 1408,5981 1498,5981 1587,5975 1677,5975 1766,5975 1856,5975 1945,5975 2035,5969 2125,5975 2214,5969"/>
                <TextEquiv>
                    <Unicode>stellung zum Waffenstillstand schreiten kann. Sie sehen</Unicode>
                </TextEquiv>
            </TextLine>
            <TextLine id="tr_1_tl_217" custom="readingOrder {index:216;}">
                <Coords points="2258,6024 5497,5931 2258,5951"/>
                <Baseline points="2280,6011 2328,6011 2417,6011 2507,6011 2596,6005 2686,6005 2775,6005 2865,6011 2954,6005 3044,6005 3133,5999 3223,5999 3312,5993 3402,5987 3492,5987 3581,5993 3671,5987 3760,5987 3850,5987 3909,5993 3981,5993 4071,5987 4160,5987 4250,5987 4339,5981 4429,5987 4518,5981 4608,5981 4697,5981 4787,5981 4876,5975 4966,5981 5055,5975 5145,5981 5235,5975 5324,5975 5414,5969 5503,5969"/>
                <TextEquiv>
                    <Unicode>die erwähnten Vorlagen auf die Tagesordnung zu stellen,  Regierungsvorlagen hat in der Regel zu entfallen. Sie</Unicode>
                </TextEquiv>
            </TextLine>
            <TextLine id="tr_1_tl_218" custom="readingOrder {index:217;}">
                <Coords points="2258,6097 5319,6052 5448,6133 5489,5983 2258,6028"/>
                <Baseline points="2280,6076 2345,6076 2435,6076 2524,6076 2614,6070 2704,6070 2793,6076 2883,6070 2972,6070 3062,6070 3151,6064 3241,6064 3330,6058 3420,6058 3509,6058 3599,6058 3688,6052 3778,6052 3868,6052 3909,6058 3975,6058 4065,6058 4154,6052 4244,6052 4333,6052 4423,6052 4512,6052 4602,6046 4691,6046 4781,6046 4870,6046 4960,6046 5049,6046 5139,6046 5229,6040 5318,6040 5408,6040 5497,6028"/>
                <TextEquiv>
                    <Unicode>würden alle deutschen Abgeordneten unbedingt stimmen, wird nur vorgenommen, wenn ein schriftlicher Antrag ge¬</Unicode>
                </TextEquiv>
            </TextLine>
            <TextLine id="tr_1_tl_219" custom="readingOrder {index:218;}">
                <Coords points="604,6068 2128,6064 2209,6056 2213,5979 604,6008"/>
                <Baseline points="626,6064 698,6058 787,6058 877,6058 967,6052 1056,6052 1146,6052 1235,6046 1325,6046 1414,6046 1504,6046 1593,6046 1683,6046 1772,6046 1862,6040 1951,6040 2041,6040 2131,6040 2220,6040"/>
                <TextEquiv>
                    <Unicode>die Not im Volke. Es gibt kaum ein deutlicheres Bild</Unicode>
                </TextEquiv>
            </TextLine>
            <TextLine id="tr_1_tl_220" custom="readingOrder {index:219;}">
                <Coords points="604,6141 2096,6145 2205,6125 2205,6056 604,6068"/>
                <Baseline points="626,6130 692,6130 781,6124 871,6124 961,6124 1050,6118 1140,6118 1229,6118 1319,6118 1408,6118 1498,6112 1587,6112 1677,6112 1766,6112 1856,6106 1945,6106 2035,6106 2125,6106 2214,6100"/>
                <TextEquiv>
                    <Unicode>der Verwüstungen, die der nationale Kampf mit sich ge¬</Unicode>
                </TextEquiv>
            </TextLine>
            <TextLine id="tr_1_tl_221" custom="readingOrder {index:220;}">
                <Coords points="3900,6129 5237,6150 5355,6125 5355,6064 3900,6068"/>
                <Baseline points="3921,6124 3933,6124 4023,6124 4112,6118 4202,6124 4291,6118 4381,6118 4470,6118 4560,6118 4650,6112 4739,6112 4829,6112 4918,6112 5008,6112 5097,6112 5187,6112 5276,6106 5366,6106"/>
                <TextEquiv>
                    <Unicode>stellt wird, der von hundert Mitgliedern unterstützt</Unicode>
                </TextEquiv>
            </TextLine>
            <TextLine id="tr_1_tl_222" custom="readingOrder {index:221;}">
                <Coords points="2258,6170 3847,6129 3847,6068 3794,6060 2262,6093"/>
                <Baseline points="2286,6148 2333,6142 2423,6142 2513,6142 2602,6142 2692,6142 2781,6142 2871,6142 2960,6142 3050,6136 3139,6136 3229,6130 3318,6130 3408,6130 3497,6130 3587,6124 3677,6118 3766,6118 3856,6118"/>
                <TextEquiv>
                    <Unicode>und wenn sich ihnen eine der anderen großen Parteien</Unicode>
                </TextEquiv>
            </TextLine>
            <TextLine id="tr_1_tl_223" custom="readingOrder {index:222;}">
                <Coords points="604,6206 2205,6194 2205,6121 604,6137"/>
                <Baseline points="626,6196 692,6196 781,6190 871,6190 961,6190 1050,6190 1140,6190 1229,6190 1319,6184 1408,6184 1498,6178 1587,6178 1677,6178 1766,6178 1856,6178 1945,6178 2035,6172 2125,6172 2214,6172"/>
                <TextEquiv>
                    <Unicode>bracht hat, als die Berichte über die Sitzungen des</Unicode>
                </TextEquiv>
            </TextLine>
            <TextLine id="tr_1_tl_224" custom="readingOrder {index:223;}">
                <Coords points="3892,6202 5493,6206 5517,6125 3892,6137"/>
                <Baseline points="3915,6190 4005,6196 4094,6190 4184,6190 4273,6190 4363,6190 4453,6190 4542,6184 4632,6184 4721,6184 4811,6178 4900,6178 4990,6178 5079,6178 5169,6178 5258,6178 5348,6178 5437,6172 5527,6172"/>
                <TextEquiv>
                    <Unicode>Auf jeden Fall muß eine Regierungsvorlage an den</Unicode>
                </TextEquiv>
            </TextLine>
            <TextLine id="tr_1_tl_225" custom="readingOrder {index:224;}">
                <Coords points="2262,6223 3223,6247 3839,6202 3839,6125 2262,6170"/>
                <Baseline points="2286,6208 2328,6213 2417,6213 2507,6213 2596,6208 2686,6208 2775,6208 2865,6208 2954,6208 3044,6213 3133,6208 3223,6202 3312,6196 3402,6196 3492,6190 3581,6190 3671,6190 3760,6184 3850,6190"/>
                <TextEquiv>
                    <Unicode>anschlösse, so würde dies die Majorität ergeben. Auf die</Unicode>
                </TextEquiv>
            </TextLine>
            <TextLine id="tr_1_tl_226" custom="readingOrder {index:225;}">
                <Coords points="604,6275 2023,6271 2201,6259 2205,6198 604,6206"/>
                <Baseline points="626,6267 686,6261 776,6261 865,6255 955,6255 1044,6255 1134,6255 1223,6249 1313,6249 1402,6249 1492,6249 1581,6243 1671,6249 1760,6243 1850,6243 1940,6243 2029,6237 2119,6237 2208,6243"/>
                <TextEquiv>
                    <Unicode>böhmischen Landesausschusses über Ersparungsmaßregeln</Unicode>
                </TextEquiv>
            </TextLine>
            <TextLine id="tr_1_tl_227" custom="readingOrder {index:226;}">
                <Coords points="2270,6295 5359,6279 5489,6190 2270,6223"/>
                <Baseline points="2292,6279 2328,6273 2417,6273 2507,6273 2596,6273 2686,6273 2775,6273 2865,6273 2954,6279 3044,6279 3133,6273 3223,6267 3312,6261 3402,6255 3492,6261 3581,6255 3671,6255 3760,6255 3850,6249 3903,6255 3975,6255 4065,6255 4154,6255 4244,6255 4333,6255 4423,6249 4512,6249 4602,6249 4691,6249 4781,6249 4870,6249 4960,6249 5049,6249 5139,6249 5229,6243 5318,6243 5408,6243 5497,6249"/>
                <TextEquiv>
                    <Unicode>Polen ist nicht zu rechnen aus automomistischen Ausschuß gewiesen werden, und dieser erhält eine Frist</Unicode>
                </TextEquiv>
            </TextLine>
            <TextLine id="tr_1_tl_228" custom="readingOrder {index:227;}">
                <Coords points="616,6340 2193,6324 2217,6259 616,6275"/>
                <Baseline points="638,6339 704,6327 793,6327 883,6327 972,6321 1062,6321 1152,6321 1241,6321 1331,6321 1420,6321 1510,6315 1599,6309 1689,6309 1778,6309 1868,6309 1957,6309 2047,6309 2136,6303 2226,6309"/>
                <TextEquiv>
                    <Unicode>die hilfsbedürftige und mühselige Existenzen mit dürren</Unicode>
                </TextEquiv>
            </TextLine>
            <TextLine id="tr_1_tl_229" custom="readingOrder {index:228;}">
                <Coords points="3900,6348 5112,6352 5481,6328 5485,6263 3900,6279"/>
                <Baseline points="3921,6327 3969,6321 4059,6321 4148,6321 4238,6321 4327,6321 4417,6315 4506,6315 4596,6315 4685,6315 4775,6315 4864,6315 4954,6315 5044,6315 5133,6315 5223,6315 5312,6315 5402,6309 5491,6309"/>
                <TextEquiv>
                    <Unicode>zur Berichterstattung. Liegt am Ende dieser Frist kein</Unicode>
                </TextEquiv>
            </TextLine>
            <TextLine id="tr_1_tl_230" custom="readingOrder {index:229;}">
                <Coords points="2270,6356 3725,6348 3835,6332 3839,6275 2270,6291"/>
                <Baseline points="2292,6345 2322,6345 2411,6345 2501,6345 2590,6345 2680,6345 2769,6339 2859,6339 2948,6345 3038,6345 3127,6345 3217,6339 3306,6333 3396,6327 3486,6327 3575,6321 3665,6321 3754,6321 3844,6315"/>
                <TextEquiv>
                    <Unicode>Gründen und weil sie in dieser Frage den Czechen</Unicode>
                </TextEquiv>
            </TextLine>
            <TextLine id="tr_1_tl_231" custom="readingOrder {index:230;}">
                <Coords points="616,6409 2201,6397 2205,6320 620,6340"/>
                <Baseline points="638,6393 692,6393 781,6393 871,6393 961,6387 1050,6393 1140,6387 1229,6387 1319,6381 1408,6381 1498,6375 1587,6375 1677,6375 1766,6381 1856,6375 1945,6369 2035,6369 2125,6369 2214,6369"/>
                <TextEquiv>
                    <Unicode>Worten und harter Gebärde auf das Pflaster werfen</Unicode>
                </TextEquiv>
            </TextLine>
            <TextLine id="tr_1_tl_232" custom="readingOrder {index:231;}">
                <Coords points="2274,6425 5335,6409 5481,6328 2274,6364"/>
                <Baseline points="2298,6422 2339,6416 2429,6416 2519,6410 2608,6410 2698,6410 2787,6404 2877,6410 2966,6410 3056,6410 3145,6404 3235,6404 3324,6399 3414,6393 3503,6393 3593,6393 3683,6387 3772,6387 3862,6381 3909,6387 3969,6393 4059,6393 4148,6387 4238,6393 4327,6387 4417,6387 4506,6387 4596,6387 4685,6381 4775,6381 4864,6381 4954,6381 5044,6381 5133,6381 5223,6381 5312,6381 5402,6375 5491,6375"/>
                <TextEquiv>
                    <Unicode>zu Gefallen sein wollen. Stimmen aber die Sozialdemo=Bericht vor, so wird auf jeden Fall mit der zweiten</Unicode>
                </TextEquiv>
            </TextLine>
            <TextLine id="tr_1_tl_233" custom="readingOrder {index:232;}">
                <Coords points="2274,6506 5197,6474 5477,6389 2278,6433"/>
                <Baseline points="2298,6488 2328,6482 2417,6482 2507,6482 2596,6476 2686,6476 2775,6476 2865,6476 2954,6482 3044,6482 3133,6476 3223,6476 3312,6470 3402,6464 3492,6458 3581,6458 3671,6458 3760,6458 3850,6458 3909,6452 3963,6464 4053,6458 4142,6458 4232,6458 4321,6452 4411,6452 4500,6452 4590,6452 4679,6446 4769,6452 4858,6446 4948,6446 5038,6446 5127,6446 5217,6440 5306,6446 5396,6440 5485,6440"/>
                <TextEquiv>
                    <Unicode>kraten dafür, so würden die Parteien, welche auf dem iesung begonnen. Mit Zweidrittelmehrheit kann das</Unicode>
                </TextEquiv>
            </TextLine>
            <TextLine id="tr_1_tl_234" custom="readingOrder {index:233;}">
                <Coords points="596,6478 1812,6486 1877,6445 2217,6462 2217,6393 596,6409"/>
                <Baseline points="620,6464 704,6464 793,6464 883,6464 972,6464 1062,6458 1152,6458 1241,6458 1331,6452 1420,6452 1510,6452 1599,6452 1689,6446 1778,6446 1868,6446 1957,6440 2047,6440 2136,6440 2226,6446"/>
                <TextEquiv>
                    <Unicode>Wer wollte untersuchen, ob besondere oder allgemeine,</Unicode>
                </TextEquiv>
            </TextLine>
            <TextLine id="tr_1_tl_235" custom="readingOrder {index:234;}">
                <Coords points="2274,6563 4792,6555 5477,6458 2274,6502"/>
                <Baseline points="2298,6554 2328,6548 2417,6548 2507,6548 2596,6548 2686,6542 2775,6548 2865,6548 2954,6548 3044,6554 3133,6548 3223,6542 3312,6542 3402,6536 3492,6530 3581,6530 3671,6524 3760,6524 3850,6524 3909,6524 3957,6530 4047,6524 4136,6524 4226,6524 4315,6518 4405,6518 4494,6518 4584,6518 4673,6518 4763,6518 4852,6512 4942,6512 5032,6512 5121,6512 5211,6512 5300,6512 5390,6512 5479,6506"/>
                <TextEquiv>
                    <Unicode>autonomistischen Standpunkte stehen, sich in der Minder¬  Haus übrigens beschließen, daß das Studium der Aus¬</Unicode>
                </TextEquiv>
            </TextLine>
            <TextLine id="tr_1_tl_236" custom="readingOrder {index:235;}">
                <Coords points="596,6551 2205,6527 2205,6462 2096,6454 600,6482"/>
                <Baseline points="620,6530 692,6536 781,6536 871,6530 961,6530 1050,6530 1140,6524 1229,6524 1319,6524 1408,6524 1498,6518 1587,6518 1677,6518 1766,6512 1856,6512 1945,6512 2035,6512 2125,6506 2214,6512"/>
                <TextEquiv>
                    <Unicode>dauernde und regelmäßige Ursachen daran Schuld tragen</Unicode>
                </TextEquiv>
            </TextLine>
            <TextLine id="tr_1_tl_237" custom="readingOrder {index:236;}">
                <Coords points="2270,6632 5335,6608 5493,6510 2270,6563"/>
                <Baseline points="2292,6619 2333,6619 2423,6613 2513,6619 2602,6619 2692,6613 2781,6619 2871,6613 2960,6619 3050,6619 3139,6619 3229,6607 3318,6607 3408,6601 3497,6601 3587,6596 3677,6596 3766,6596 3856,6596 3915,6596 3975,6596 4065,6596 4154,6596 4244,6590 4333,6590 4423,6590 4512,6590 4602,6590 4691,6584 4781,6584 4870,6584 4960,6584 5049,6584 5139,6584 5229,6584 5318,6584 5408,6578 5497,6566"/>
                <TextEquiv>
                    <Unicode>heit befinden. Es ist aber fraglich, ob die Regierung ihre schußberatungen entfällt und die Vorlage sofort in zweite</Unicode>
                </TextEquiv>
            </TextLine>
            <TextLine id="tr_1_tl_238" custom="readingOrder {index:237;}">
                <Coords points="608,6620 2043,6616 2209,6595 2209,6522 608,6547"/>
                <Baseline points="632,6607 698,6607 787,6601 877,6601 967,6601 1056,6596 1146,6596 1235,6596 1325,6590 1414,6590 1504,6590 1593,6590 1683,6584 1772,6584 1862,6584 1951,6578 2041,6578 2131,6578 2220,6572"/>
                <TextEquiv>
                    <Unicode>daß die Regierungsaktionen, die zur Herbeiführung des</Unicode>
                </TextEquiv>
            </TextLine>
            <TextLine id="tr_1_tl_239" custom="readingOrder {index:238;}">
                <Coords points="604,6689 1901,6681 2205,6652 2205,6595 604,6624"/>
                <Baseline points="626,6679 692,6673 781,6667 871,6667 961,6667 1050,6661 1140,6661 1229,6655 1319,6655 1408,6655 1498,6649 1587,6649 1677,6649 1766,6649 1856,6643 1945,6643 2035,6637 2125,6637 2214,6637"/>
                <TextEquiv>
                    <Unicode>nationalen Friedens in verschiedenen Zeitläuften unter</Unicode>
                </TextEquiv>
            </TextLine>
            <TextLine id="tr_1_tl_240" custom="readingOrder {index:239;}">
                <Coords points="2274,6701 4901,6701 5477,6668 5477,6587 2278,6632"/>
                <Baseline points="2298,6679 2333,6685 2423,6685 2513,6685 2602,6685 2692,6679 2781,6679 2871,6685 2960,6685 3050,6691 3139,6685 3229,6679 3318,6673 3408,6667 3497,6667 3587,6667 3677,6661 3766,6661 3856,6667 3909,6661 3963,6667 4053,6667 4142,6661 4232,6661 4321,6655 4411,6655 4500,6655 4590,6655 4679,6655 4769,6655 4858,6655 4948,6649 5038,6649 5127,6649 5217,6655 5306,6649 5396,6649 5485,6643"/>
                <TextEquiv>
                    <Unicode>Vorlagen auf dem Wege einer solchen Kampfabstimmung Lesung genommen wird. An die zweite Lesung hat sich</Unicode>
                </TextEquiv>
            </TextLine>
            <TextLine id="tr_1_tl_241" custom="readingOrder {index:240;}">
                <Coords points="2274,6774 5217,6758 5505,6672 2278,6701"/>
                <Baseline points="2298,6757 2339,6757 2429,6757 2519,6751 2608,6751 2698,6751 2787,6751 2877,6751 2966,6757 3056,6757 3145,6751 3235,6751 3324,6745 3414,6739 3503,6733 3593,6733 3683,6733 3772,6727 3862,6733 3909,6727 3993,6733 4082,6727 4172,6727 4262,6727 4351,6727 4441,6727 4530,6727 4620,6727 4709,6721 4799,6721 4888,6721 4978,6715 5067,6715 5157,6715 5246,6715 5336,6715 5426,6709 5515,6709"/>
                <TextEquiv>
                    <Unicode>in den Ausschuß wird bringen wollen und ob sie ihren unmittelbar die dritte anzuschließen. Doch liegt es im</Unicode>
                </TextEquiv>
            </TextLine>
            <TextLine id="tr_1_tl_242" custom="readingOrder {index:241;}">
                <Coords points="608,6766 2217,6737 2217,6656 608,6693"/>
                <Baseline points="632,6751 704,6745 793,6739 883,6739 972,6739 1062,6739 1152,6733 1241,6733 1331,6727 1420,6727 1510,6727 1599,6721 1689,6721 1778,6721 1868,6721 1957,6715 2047,6715 2136,6715 2226,6715"/>
                <TextEquiv>
                    <Unicode>nommen wurden, bisher versagten? Wohl scheint die</Unicode>
                </TextEquiv>
            </TextLine>
            <TextLine id="tr_1_tl_243" custom="readingOrder {index:242;}">
                <Coords points="616,6831 2124,6806 2213,6790 2217,6733 620,6758"/>
                <Baseline points="638,6810 704,6810 793,6810 883,6810 972,6810 1062,6804 1152,6804 1241,6804 1331,6798 1420,6792 1510,6798 1599,6792 1689,6792 1778,6787 1868,6787 1957,6787 2047,6781 2136,6781 2226,6781"/>
                <TextEquiv>
                    <Unicode>Tatsache, daß alle Regierungen Schiffbruch erlitten haben</Unicode>
                </TextEquiv>
            </TextLine>
            <TextLine id="tr_1_tl_244" custom="readingOrder {index:243;}">
                <Coords points="3879,6818 5140,6794 5298,6851 5489,6798 5489,6725 3879,6749"/>
                <Baseline points="3903,6798 3975,6798 4065,6798 4154,6798 4244,6798 4333,6792 4423,6792 4512,6792 4602,6792 4691,6787 4781,6787 4870,6787 4960,6787 5049,6787 5139,6787 5229,6787 5318,6787 5408,6781 5497,6787"/>
                <TextEquiv>
                    <Unicode>Ermessen des Präsidenten, die dritte Lesung auf die</Unicode>
                </TextEquiv>
            </TextLine>
            <TextLine id="tr_1_tl_245" custom="readingOrder {index:244;}">
                <Coords points="2286,6839 3709,6835 3713,6733 3170,6794 2286,6770"/>
                <Baseline points="2310,6822 2375,6822 2465,6822 2554,6822 2644,6816 2733,6822 2823,6822 2912,6822 3002,6828 3092,6828 3181,6822 3271,6816 3360,6810 3450,6804 3539,6804 3629,6804 3718,6798"/>
                <TextEquiv>
                    <Unicode>Einfluß nicht aufwenden wird, um es eben auf</Unicode>
                </TextEquiv>
            </TextLine>
            <TextLine id="tr_1_tl_246" custom="readingOrder {index:245;}">
                <Coords points="608,6895 2189,6875 2217,6794 608,6831"/>
                <Baseline points="632,6876 704,6882 793,6882 883,6876 972,6876 1062,6870 1152,6870 1241,6870 1331,6870 1420,6864 1510,6864 1599,6858 1689,6858 1778,6858 1868,6858 1957,6852 2047,6852 2136,6852 2226,6846"/>
                <TextEquiv>
                    <Unicode>wenn sie diesem Ziel zusteuerten, weniger für individuelle</Unicode>
                </TextEquiv>
            </TextLine>
            <TextLine id="tr_1_tl_247" custom="readingOrder {index:246;}">
                <Coords points="2282,6920 5225,6867 5144,6794 2286,6835"/>
                <Baseline points="2304,6894 2333,6888 2423,6894 2513,6888 2602,6888 2692,6888 2781,6888 2871,6888 2960,6894 3050,6894 3139,6888 3229,6882 3318,6888 3408,6876 3497,6876 3587,6870 3677,6870 3766,6870 3856,6870 3915,6870 3981,6870 4071,6864 4160,6864 4250,6870 4339,6864 4429,6858 4518,6858 4608,6858 4697,6858 4787,6858 4876,6858 4966,6852 5055,6852 5145,6852 5235,6858"/>
                <TextEquiv>
                    <Unicode>solche Absimmung nicht ankommen zu lassen. Von tüchste oder zweitnächste Sitzung zu verschieben.</Unicode>
                </TextEquiv>
            </TextLine>
            <TextLine id="tr_1_tl_248" custom="readingOrder {index:247;}">
                <Coords points="608,6960 1982,6964 2209,6944 2209,6871 608,6891"/>
                <Baseline points="632,6948 698,6948 787,6948 877,6948 967,6942 1056,6942 1146,6942 1235,6942 1325,6936 1414,6936 1504,6930 1593,6930 1683,6930 1772,6924 1862,6924 1951,6924 2041,6924 2131,6918 2220,6912"/>
                <TextEquiv>
                    <Unicode>Schuld als für eine generelle, durch die Verhältnisse des</Unicode>
                </TextEquiv>
            </TextLine>
            <TextLine id="tr_1_tl_249" custom="readingOrder {index:248;}">
                <Coords points="4013,6944 5387,6940 5489,6928 5493,6822 4998,6887 4013,6879"/>
                <Baseline points="4035,6930 4065,6930 4154,6930 4244,6930 4333,6924 4423,6930 4512,6924 4602,6924 4691,6924 4781,6918 4870,6918 4960,6918 5049,6918 5139,6918 5229,6918 5318,6912 5408,6912 5497,6912"/>
                <TextEquiv>
                    <Unicode>Um den Gang der Verhandlung zu beschleunigen,</Unicode>
                </TextEquiv>
            </TextLine>
            <TextLine id="tr_1_tl_250" custom="readingOrder {index:249;}">
                <Coords points="2270,6977 3486,6977 3839,6948 3839,6879 2270,6920"/>
                <Baseline points="2292,6960 2328,6960 2417,6960 2507,6954 2596,6954 2686,6954 2775,6954 2865,6954 2954,6960 3044,6966 3133,6960 3223,6954 3312,6948 3402,6948 3492,6942 3581,6942 3671,6942 3760,6930 3850,6936"/>
                <TextEquiv>
                    <Unicode>czechischer Seite wird ein Ausweg vorgeschlagen, au</Unicode>
                </TextEquiv>
            </TextLine>
            <TextLine id="tr_1_tl_251" custom="readingOrder {index:250;}">
                <Coords points="2282,7045 5501,7009 5501,6932 2282,6977"/>
                <Baseline points="2304,7031 2345,7025 2435,7025 2524,7025 2614,7025 2704,7019 2793,7025 2883,7025 2972,7031 3062,7031 3151,7025 3241,7019 3330,7019 3420,7013 3509,7007 3599,7007 3688,7007 3778,7001 3868,7001 3915,6995 3987,7001 4076,6995 4166,7001 4256,6995 4345,6995 4435,6989 4524,6989 4614,6989 4703,6989 4793,6989 4882,6984 4972,6989 5061,6984 5151,6984 5240,6978 5330,6978 5420,6978 5509,6972"/>
                <TextEquiv>
                    <Unicode>welchen sich die Deutschen aber nicht führen lassen wollen, wird alles, was Zett raubt, möglichst eingeschränkt und</Unicode>
                </TextEquiv>
            </TextLine>
            <TextLine id="tr_1_tl_252" custom="readingOrder {index:251;}">
                <Coords points="604,7045 1739,7025 1958,7005 1958,6940 604,6960"/>
                <Baseline points="626,7019 710,7013 799,7013 889,7013 978,7013 1068,7007 1158,7007 1247,7001 1337,7001 1426,7001 1516,7001 1605,7001 1695,6995 1784,6989 1874,6989 1963,6989"/>
                <TextEquiv>
                    <Unicode>Staatslebens bedingte Erscheinung zu sprechen.</Unicode>
                </TextEquiv>
            </TextLine>
            <TextLine id="tr_1_tl_253" custom="readingOrder {index:252;}">
                <Coords points="2270,7126 5363,7082 5481,7001 2270,7041"/>
                <Baseline points="2292,7091 2345,7097 2435,7091 2524,7091 2614,7091 2704,7085 2793,7091 2883,7091 2972,7097 3062,7097 3151,7091 3241,7085 3330,7085 3420,7079 3509,7079 3599,7073 3688,7073 3778,7067 3868,7067 3903,7067 3963,7067 4053,7067 4142,7061 4232,7061 4321,7061 4411,7055 4500,7061 4590,7055 4679,7055 4769,7055 4858,7049 4948,7049 5038,7049 5127,7049 5217,7049 5306,7049 5396,7043 5485,7037"/>
                <TextEquiv>
                    <Unicode>weil es eben kein Ausweg ist. Es wird nämlich an¬ erschwert. So sollen namentliche oder geheime Abstim¬</Unicode>
                </TextEquiv>
            </TextLine>
            <TextLine id="tr_1_tl_254" custom="readingOrder {index:253;}">
                <Coords points="730,7090 2165,7078 2217,7074 2217,6989 2063,6948 1950,7013 730,7033"/>
                <Baseline points="752,7085 793,7079 883,7079 972,7079 1062,7073 1152,7073 1241,7073 1331,7067 1420,7067 1510,7067 1599,7061 1689,7061 1778,7055 1868,7055 1957,7055 2047,7049 2136,7055 2226,7049"/>
                <TextEquiv>
                    <Unicode>Hilfe kann nur kommen, wenn das Volkshaus, dessen</Unicode>
                </TextEquiv>
            </TextLine>
            <TextLine id="tr_1_tl_255" custom="readingOrder {index:254;}">
                <Coords points="2286,7179 5493,7070 2286,7122"/>
                <Baseline points="2310,7163 2345,7169 2435,7163 2524,7157 2614,7157 2704,7157 2793,7157 2883,7157 2972,7163 3062,7169 3151,7163 3241,7157 3330,7151 3420,7145 3509,7145 3599,7139 3688,7139 3778,7139 3868,7133 3915,7133 3981,7133 4071,7133 4160,7133 4250,7127 4339,7127 4429,7133 4518,7127 4608,7127 4697,7121 4787,7121 4876,7121 4966,7121 5055,7115 5145,7115 5235,7115 5324,7109 5414,7109 5503,7103"/>
                <TextEquiv>
                    <Unicode>geregt, daß der nationalpolitische Ausschuß auch ohne mungen nur auf Wunsch von hundert Mitgliedern vor¬</Unicode>
                </TextEquiv>
            </TextLine>
            <TextLine id="tr_1_tl_256" custom="readingOrder {index:255;}">
                <Coords points="592,7187 2213,7147 2217,7074 851,7110 596,7041"/>
                <Baseline points="614,7151 704,7151 793,7145 883,7145 972,7145 1062,7139 1152,7139 1241,7133 1331,7133 1420,7133 1510,7133 1599,7133 1689,7127 1778,7127 1868,7121 1957,7121 2047,7115 2136,7115 2226,7121"/>
                <TextEquiv>
                    <Unicode>Werden vor allem der laut ausgesprochenen Erwartung</Unicode>
                </TextEquiv>
            </TextLine>
            <TextLine id="tr_1_tl_257" custom="readingOrder {index:256;}">
                <Coords points="3916,7232 5347,7216 5493,7191 5493,7139 3916,7151"/>
                <Baseline points="3939,7198 3975,7198 4065,7198 4154,7198 4244,7198 4333,7192 4423,7192 4512,7192 4602,7192 4691,7186 4781,7186 4870,7186 4960,7186 5049,7180 5139,7180 5229,7180 5318,7180 5408,7175 5497,7175"/>
                <TextEquiv>
                    <Unicode>genommen werden. Ueber Anträge zur formellen Ge¬</Unicode>
                </TextEquiv>
            </TextLine>
            <TextLine id="tr_1_tl_258" custom="readingOrder {index:257;}">
                <Coords points="616,7232 2047,7220 2217,7195 2217,7143 620,7179"/>
                <Baseline points="638,7222 704,7222 793,7216 883,7216 972,7210 1062,7210 1152,7204 1241,7204 1331,7204 1420,7198 1510,7198 1599,7198 1689,7198 1778,7192 1868,7192 1957,7192 2047,7186 2136,7186 2226,7180"/>
                <TextEquiv>
                    <Unicode>zu danken war, daß es ihm gelingen werde, was das</Unicode>
                </TextEquiv>
            </TextLine>
            <TextLine id="tr_1_tl_259" custom="readingOrder {index:258;}">
                <Coords points="2282,7252 3729,7232 3863,7212 3863,7151 2286,7183"/>
                <Baseline points="2304,7234 2345,7234 2435,7228 2524,7228 2614,7222 2704,7228 2793,7222 2883,7228 2972,7234 3062,7240 3151,7228 3241,7228 3330,7222 3420,7216 3509,7210 3599,7210 3688,7204 3778,7204 3868,7198"/>
                <TextEquiv>
                    <Unicode>irgend ein Substrat eine Generaldebatte über die natio¬</Unicode>
                </TextEquiv>
            </TextLine>
            <TextLine id="tr_1_tl_260" custom="readingOrder {index:259;}">
                <Coords points="3924,7285 5400,7264 5481,7252 5481,7187 3924,7224"/>
                <Baseline points="3945,7270 3969,7264 4059,7270 4148,7264 4238,7264 4327,7264 4417,7264 4506,7258 4596,7258 4685,7258 4775,7252 4864,7252 4954,7252 5044,7252 5133,7252 5223,7246 5312,7246 5402,7240 5491,7234"/>
                <TextEquiv>
                    <Unicode>schäftsbehandlung finden namentliche oder geheime Ab¬</Unicode>
                </TextEquiv>
            </TextLine>
            <TextLine id="tr_1_tl_261" custom="readingOrder {index:260;}">
                <Coords points="608,7313 2234,7268 2234,7204 2165,7191 612,7232"/>
                <Baseline points="632,7288 722,7288 811,7282 901,7276 990,7276 1080,7276 1169,7270 1259,7270 1349,7270 1438,7264 1528,7264 1617,7258 1707,7258 1796,7258 1886,7252 1975,7252 2065,7246 2154,7252 2244,7246"/>
                <TextEquiv>
                    <Unicode>Kurienparlament dauernd nicht leisten konnte — die</Unicode>
                </TextEquiv>
            </TextLine>
            <TextLine id="tr_1_tl_262" custom="readingOrder {index:261;}">
                <Coords points="2286,7313 3592,7313 3843,7285 3847,7220 2290,7248"/>
                <Baseline points="2310,7294 2333,7300 2423,7294 2513,7294 2602,7294 2692,7294 2781,7294 2871,7294 2960,7300 3050,7306 3139,7306 3229,7294 3318,7288 3408,7288 3497,7282 3587,7276 3677,7276 3766,7276 3856,7270"/>
                <TextEquiv>
                    <Unicode>nalen Streitfragen eröffne. Das wäre eine Auseinander</Unicode>
                </TextEquiv>
            </TextLine>
            <TextLine id="tr_1_tl_263" custom="readingOrder {index:262;}">
                <Coords points="3912,7366 5298,7345 5481,7325 5481,7252 3912,7301"/>
                <Baseline points="3933,7330 3969,7330 4059,7336 4148,7330 4238,7330 4327,7330 4417,7330 4506,7324 4596,7324 4685,7324 4775,7324 4864,7324 4954,7324 5044,7318 5133,7318 5223,7312 5312,7312 5402,7312 5491,7306"/>
                <TextEquiv>
                    <Unicode>timmungen überhaupt nicht statt. Die Debatten äber die</Unicode>
                </TextEquiv>
            </TextLine>
            <TextLine id="tr_1_tl_264" custom="readingOrder {index:263;}">
                <Coords points="604,7366 2047,7354 2230,7333 2230,7264 608,7305"/>
                <Baseline points="632,7348 716,7348 805,7348 895,7342 984,7342 1074,7336 1164,7336 1253,7336 1343,7324 1432,7330 1522,7330 1611,7324 1701,7324 1790,7324 1880,7324 1969,7324 2059,7318 2148,7318 2238,7318"/>
                <TextEquiv>
                    <Unicode>nationale Verständigung — sich zu rettender Tat entschließt.</Unicode>
                </TextEquiv>
            </TextLine>
            <TextLine id="tr_1_tl_265" custom="readingOrder {index:264;}">
                <Coords points="2282,7386 3851,7362 3851,7281 3044,7337 2282,7317"/>
                <Baseline points="2304,7366 2339,7366 2429,7366 2519,7360 2608,7360 2698,7360 2787,7360 2877,7366 2966,7372 3056,7377 3145,7372 3235,7360 3324,7360 3414,7354 3503,7348 3593,7348 3683,7348 3772,7342 3862,7336"/>
                <TextEquiv>
                    <Unicode>setzung ins Uferlose, und wenn diese Debatte schließlich</Unicode>
                </TextEquiv>
            </TextLine>
            <TextLine id="tr_1_tl_266" custom="readingOrder {index:265;}">
                <Coords points="2286,7451 5493,7402 5493,7329 2290,7390"/>
                <Baseline points="2310,7431 2345,7437 2435,7431 2524,7431 2614,7431 2704,7431 2793,7431 2883,7431 2972,7437 3062,7443 3151,7443 3241,7431 3330,7425 3420,7419 3509,7419 3599,7419 3688,7419 3778,7407 3868,7407 3927,7401 3981,7401 4071,7401 4160,7401 4250,7401 4339,7395 4429,7395 4518,7395 4608,7395 4697,7389 4787,7389 4876,7389 4966,7383 5055,7383 5145,7383 5235,7383 5324,7377 5414,7377 5503,7372"/>
                <TextEquiv>
                    <Unicode>doch ein Ende nehmen würde, so Würde dem Ausschusse, formelle Geschäftsbehandlung werden verkürzt, indem</Unicode>
                </TextEquiv>
            </TextLine>
            <TextLine id="tr_1_tl_267" custom="readingOrder {index:266;}">
                <Coords points="616,7439 2217,7414 2221,7333 616,7362"/>
                <Baseline points="638,7425 704,7419 793,7419 883,7413 972,7413 1062,7407 1152,7407 1241,7407 1331,7401 1420,7395 1510,7395 1599,7395 1689,7395 1778,7395 1868,7389 1957,7389 2047,7383 2136,7383 2226,7383"/>
                <TextEquiv>
                    <Unicode>Der Nationalitätenkampf stört heute nicht nur die Gesetz¬</Unicode>
                </TextEquiv>
            </TextLine>
            <TextLine id="tr_1_tl_268" custom="readingOrder {index:267;}">
                <Coords points="2294,7540 5489,7402 2298,7451"/>
                <Baseline points="2316,7503 2351,7503 2441,7497 2530,7497 2620,7497 2710,7497 2799,7497 2889,7503 2978,7509 3068,7515 3157,7503 3247,7503 3336,7497 3426,7497 3515,7491 3605,7485 3694,7485 3784,7485 3874,7473 3903,7473 3975,7467 4065,7467 4154,7467 4244,7467 4333,7467 4423,7467 4512,7461 4602,7461 4691,7461 4781,7455 4870,7455 4960,7455 5049,7455 5139,7449 5229,7449 5318,7443 5408,7443 5497,7437"/>
                <TextEquiv>
                    <Unicode>falls es nicht vorher zur ersten Lesung gekommen sein | der Präsident das Wort versagen und Anträge zur Ge¬</Unicode>
                </TextEquiv>
            </TextLine>
            <TextLine id="tr_1_tl_269" custom="readingOrder {index:268;}">
                <Coords points="620,7516 2238,7471 2238,7394 620,7439"/>
                <Baseline points="644,7491 722,7485 811,7491 901,7485 990,7479 1080,7473 1169,7473 1259,7467 1349,7467 1438,7467 1528,7467 1617,7467 1707,7461 1796,7461 1886,7461 1975,7455 2065,7455 2154,7449 2244,7449"/>
                <TextEquiv>
                    <Unicode>gebung, sondern in überaus bedenklichem Maße bereits die</Unicode>
                </TextEquiv>
            </TextLine>
            <TextLine id="tr_1_tl_270" custom="readingOrder {index:269;}">
                <Coords points="3900,7564 5460,7536 5493,7455 3900,7483"/>
                <Baseline points="3921,7533 3975,7539 4065,7539 4154,7539 4244,7533 4333,7533 4423,7533 4512,7527 4602,7527 4691,7527 4781,7527 4870,7527 4960,7521 5049,7521 5139,7521 5229,7515 5318,7509 5408,7509 5497,7503"/>
                <TextEquiv>
                    <Unicode>schäftsbehandlung ganz abweisen kann. Tatsächliche Be¬</Unicode>
                </TextEquiv>
            </TextLine>
            <TextLine id="tr_1_tl_271" custom="readingOrder {index:270;}">
                <Coords points="604,7564 2205,7540 2205,7463 604,7483"/>
                <Baseline points="626,7557 692,7551 781,7551 871,7545 961,7545 1050,7539 1140,7539 1229,7539 1319,7539 1408,7533 1498,7533 1587,7533 1677,7533 1766,7527 1856,7527 1945,7521 2035,7515 2125,7515 2214,7515"/>
                <TextEquiv>
                    <Unicode>Verwaltung. Wird nicht bald ein Friedenszustand</Unicode>
                </TextEquiv>
            </TextLine>
            <TextLine id="tr_1_tl_272" custom="readingOrder {index:271;}">
                <Coords points="2286,7621 2453,7572 2542,7613 2586,7572 3032,7613 3288,7593 3393,7581 3393,7524 2623,7508 2282,7540"/>
                <Baseline points="2304,7574 2328,7574 2417,7568 2507,7568 2596,7563 2686,7563 2775,7568 2865,7568 2954,7574 3044,7580 3133,7574 3223,7574 3312,7563 3402,7563"/>
                <TextEquiv>
                    <Unicode>sollte, das Verhandlungsmaterial fehlen.</Unicode>
                </TextEquiv>
            </TextLine>
            <TextLine id="tr_1_tl_273" custom="readingOrder {index:272;}">
                <Coords points="2412,7649 3786,7694 5497,7532 2412,7585"/>
                <Baseline points="2435,7634 2441,7634 2530,7640 2620,7634 2710,7634 2799,7634 2889,7634 2978,7640 3068,7652 3157,7646 3247,7640 3336,7634 3426,7634 3515,7628 3605,7628 3694,7622 3784,7616 3874,7610 3921,7610 3987,7610 4076,7604 4166,7604 4256,7604 4345,7598 4435,7598 4524,7598 4614,7592 4703,7592 4793,7592 4882,7586 4972,7586 5061,7586 5151,7586 5240,7580 5330,7580 5420,7574 5509,7574"/>
                <TextEquiv>
                    <Unicode>Die Deutschnationale Korrespondenz“ berichtet über richtigungen sind in strenge Formen gebannt. Sie müssen</Unicode>
                </TextEquiv>
            </TextLine>
            <TextLine id="tr_1_tl_274" custom="readingOrder {index:273;}">
                <Coords points="624,7645 2217,7597 2217,7532 2104,7516 628,7564"/>
                <Baseline points="650,7628 704,7622 793,7616 883,7610 972,7610 1062,7604 1152,7604 1241,7604 1331,7598 1420,7598 1510,7598 1599,7592 1689,7592 1778,7592 1868,7586 1957,7586 2047,7586 2136,7580 2226,7580"/>
                <TextEquiv>
                    <Unicode>schaffen, der die Grenzlinien aussteckt, in denen die Inter¬</Unicode>
                </TextEquiv>
            </TextLine>
            <TextLine id="tr_1_tl_275" custom="readingOrder {index:274;}">
                <Coords points="616,7694 2136,7674 2221,7662 2221,7597 620,7649"/>
                <Baseline points="638,7694 710,7682 799,7682 889,7682 978,7676 1068,7670 1158,7670 1247,7664 1337,7664 1426,7664 1516,7664 1605,7658 1695,7658 1784,7658 1874,7652 1963,7652 2053,7652 2142,7646 2232,7646"/>
                <TextEquiv>
                    <Unicode>essen der Volksstämme sich frei entfalten können und dem</Unicode>
                </TextEquiv>
            </TextLine>
            <TextLine id="tr_1_tl_276" custom="readingOrder {index:275;}">
                <Coords points="3924,7702 5379,7678 5493,7666 5497,7597 3924,7617"/>
                <Baseline points="3945,7676 3981,7676 4071,7670 4160,7670 4250,7664 4339,7664 4429,7670 4518,7670 4608,7664 4697,7658 4787,7658 4876,7652 4966,7652 5055,7652 5145,7652 5235,7646 5324,7646 5414,7646 5503,7646"/>
                <TextEquiv>
                    <Unicode>sich darauf beschränken, in der Debatte angeführte Tat¬</Unicode>
                </TextEquiv>
            </TextLine>
            <TextLine id="tr_1_tl_277" custom="readingOrder {index:276;}">
                <Coords points="2400,7775 5189,7751 5497,7666 2400,7718"/>
                <Baseline points="2423,7765 2441,7765 2530,7765 2620,7765 2710,7760 2799,7765 2889,7765 2978,7771 3068,7777 3157,7771 3247,7765 3336,7765 3426,7760 3515,7760 3605,7754 3694,7748 3784,7754 3874,7748 3927,7742 3981,7742 4071,7742 4160,7736 4250,7730 4339,7730 4429,7730 4518,7730 4608,7730 4697,7724 4787,7724 4876,7724 4966,7718 5055,7718 5145,7718 5235,7712 5324,7712 5414,7706 5503,7700"/>
                <TextEquiv>
                    <Unicode>Es ist richtig, daß in den letzten Tagen Besprechungen. sachen als unrichtig zu bezeichnen und die richtigen ent¬</Unicode>
                </TextEquiv>
            </TextLine>
            <TextLine id="tr_1_tl_278" custom="readingOrder {index:277;}">
                <Coords points="2286,7726 3296,7726 3296,7653 2448,7662 2375,7617 2286,7621"/>
                <Baseline points="2310,7712 2322,7706 2411,7706 2501,7706 2590,7700 2680,7700 2769,7700 2859,7700 2948,7700 3038,7706 3127,7712 3217,7706 3306,7706"/>
                <TextEquiv>
                    <Unicode>die deutsch=czechischen Besprechungen:</Unicode>
                </TextEquiv>
            </TextLine>
            <TextLine id="tr_1_tl_279" custom="readingOrder {index:278;}">
                <Coords points="616,7775 2132,7739 2221,7726 2226,7662 616,7710"/>
                <Baseline points="638,7760 710,7742 799,7748 889,7748 978,7748 1068,7742 1158,7736 1247,7730 1337,7730 1426,7724 1516,7730 1605,7724 1695,7724 1784,7724 1874,7718 1963,7718 2053,7718 2142,7718 2232,7718"/>
                <TextEquiv>
                    <Unicode>Staatsinteresse die notwendige Sicherung und Autorität</Unicode>
                </TextEquiv>
            </TextLine>
            <TextLine id="tr_1_tl_280" custom="readingOrder {index:279;}">
                <Coords points="2286,7864 5497,7739 2286,7767"/>
                <Baseline points="2310,7843 2351,7837 2441,7837 2530,7837 2620,7831 2710,7831 2799,7831 2889,7831 2978,7837 3068,7849 3157,7843 3247,7837 3336,7837 3426,7831 3515,7825 3605,7819 3694,7819 3784,7813 3874,7813 3921,7819 3981,7813 4071,7807 4160,7801 4250,7801 4339,7795 4429,7795 4518,7795 4608,7795 4697,7795 4787,7789 4876,7789 4966,7789 5055,7783 5145,7783 5235,7777 5324,7777 5414,7777 5503,7777"/>
                <TextEquiv>
                    <Unicode>zwischen dem Ministerpräsidenten und deutschen und gegenzustellen. Polemiken sind ausgeschlossen. Um Ver¬</Unicode>
                </TextEquiv>
            </TextLine>
            <TextLine id="tr_1_tl_281" custom="readingOrder {index:280;}">
                <Coords points="620,7848 2221,7803 2226,7726 620,7775"/>
                <Baseline points="644,7831 710,7819 799,7813 889,7813 978,7807 1068,7801 1158,7801 1247,7801 1337,7795 1426,7795 1516,7795 1605,7789 1695,7789 1784,7789 1874,7789 1963,7783 2053,7789 2142,7783 2232,7783"/>
                <TextEquiv>
                    <Unicode>zu teil wird, dann bricht unsere Verwaltung vollständig</Unicode>
                </TextEquiv>
            </TextLine>
            <TextLine id="tr_1_tl_282" custom="readingOrder {index:281;}">
                <Coords points="2270,7925 4958,7897 5497,7864 5501,7783 2270,7872"/>
                <Baseline points="2292,7903 2351,7903 2441,7903 2530,7903 2620,7897 2710,7897 2799,7897 2889,7903 2978,7903 3068,7915 3157,7909 3247,7903 3336,7903 3426,7903 3515,7897 3605,7897 3694,7891 3784,7885 3874,7885 3915,7879 3987,7879 4076,7873 4166,7867 4256,7867 4345,7867 4435,7861 4524,7861 4614,7861 4703,7855 4793,7855 4882,7855 4972,7855 5061,7849 5151,7849 5240,7849 5330,7849 5420,7843 5509,7843"/>
                <TextEquiv>
                    <Unicode>czechischen Politikern aus Böhmen stattgefunden haben. Zögerungen durch das Begehren nach Auszählung des</Unicode>
                </TextEquiv>
            </TextLine>
            <TextLine id="tr_1_tl_283" custom="readingOrder {index:282;}">
                <Coords points="608,7913 1731,7856 2027,7893 2226,7864 2230,7808 608,7852"/>
                <Baseline points="632,7909 710,7885 799,7885 889,7879 978,7873 1068,7873 1158,7867 1247,7867 1337,7867 1426,7861 1516,7861 1605,7861 1695,7855 1784,7855 1874,7855 1963,7855 2053,7855 2142,7855 2232,7849"/>
                <TextEquiv>
                    <Unicode>zusammen und tritt eine klägliche und kostspielige Zer¬</Unicode>
                </TextEquiv>
            </TextLine>
            <TextLine id="tr_1_tl_284" custom="readingOrder {index:283;}">
                <Coords points="608,7962 1893,7921 2234,7986 2234,7864 608,7913"/>
                <Baseline points="632,7956 722,7951 811,7951 901,7945 990,7939 1080,7939 1169,7933 1259,7933 1349,7933 1438,7933 1528,7927 1617,7921 1707,7921 1796,7921 1886,7921 1975,7921 2065,7927 2154,7921 2244,7915"/>
                <TextEquiv>
                    <Unicode>rüttung des Staats= und Volksvermögens ein, deren</Unicode>
                </TextEquiv>
            </TextLine>
            <TextLine id="tr_1_tl_285" custom="readingOrder {index:284;}">
                <Coords points="2258,8010 5379,7986 5501,7864 2258,7901"/>
                <Baseline points="2280,7980 2351,7980 2441,7980 2530,7974 2620,7968 2710,7968 2799,7968 2889,7974 2978,7974 3068,7986 3157,7986 3247,7980 3336,7974 3426,7974 3462,7968 3533,7968 3623,7968 3712,7962 3802,7956 3891,7956 3981,7951 4071,7945 4160,7945 4250,7939 4339,7939 4429,7933 4518,7933 4608,7933 4697,7933 4787,7927 4876,7927 4966,7927 5055,7927 5145,7921 5235,7921 5324,7915 5414,7915 5503,7915"/>
                <TextEquiv>
                    <Unicode>Diese Besprechungen gatten ausschließlich den national= | Hauses hintanzuhalten, ist bestimmt, daß die beschluß¬</Unicode>
                </TextEquiv>
            </TextLine>
            <TextLine id="tr_1_tl_286" custom="readingOrder {index:285;}">
                <Coords points="608,8059 1216,8083 1269,8039 1382,8087 1670,8022 1840,8063 2003,8043 2007,7962 1885,7921 612,7970"/>
                <Baseline points="632,8028 674,8022 764,8016 853,8016 943,8010 1032,8010 1122,8004 1211,8004 1301,8004 1390,7998 1480,7998 1569,7992 1659,7992 1748,7998 1838,7998 1928,7992 2017,7998"/>
                <TextEquiv>
                    <Unicode>Sumptome schon höchst bedenklich sichtbar werden.</Unicode>
                </TextEquiv>
            </TextLine>
        </TextRegion>
    </Page>
</PcGts>
