7320 5592
851 513 2885 680 Haus der Abgeordneten. — 293. Sitzung der XI. Session am 18. Mai 1894.
471 562 729 687 14194
457 680 3231 830 eigenmächtig hätte vorgehen wollen, besser häfte fruc- punkt aus gesprochen — jeden Tag verleugnen. (Bei¬
474 771 3248 914 tificiren können als dadurch, dass ich seit dem Tage, fall.) Und wenn Gott mit den Dingen der Erde sich
471 848 3217 984 an welchem ich in dieses Haus getreten bin, mich der¬ beschäftigt, so kann ich Ihnen sagen: er ist ein ent¬
471 921 3227 1057 jenigen angenommen habe, die nach meiner Meinung schiedener Anhänger des Achtstundentages, ein ent¬
471 1005 3231 1120 in diesem Hause keine Vertreter haben. Ein solcher An= schiedener und durch nichts davon abzubringender An¬
467 1064 3234 1190 wurf ist daher schon durch seine geistige Insufficienz hänger des Achtstundentages (Sehr gut.), wenn er
474 1130 3234 1259 vollkommen hinfällig. Es mangelt jeder intellectuelle nicht etwa, wie der englische Politiker Burt, ein Gegner
481 1207 3234 1326 Hintergrund, dergleichen zu sagen, es ist daher auch des Achtstundentages ist, weil er vielleicht nur für den
488 1266 3238 1399 ganz unwirksam und fällt auf den zurück, der dergleichen Siebenstundentag ist, was ich nicht weiß. (Neiterkeit
495 1364 2296 1476 sagt. Ich bin in meinem öffentlichen Wirken gar nicht und Sehr gut!)
2010 1364 3248 1511 In diesen Dingen immer nur nach der einen
471 1472 3245 1566 empfindlich. Mögen Sie welches Urtheil immer fällen, und nicht nach der andern Seite
471 1507 1849 1601 mögen Sie es unklug nennen, mögen sie als politische
488 1570 3245 1689 Gegner mich auf das heftigste angreifen, mögen Sie fordern, das höißt die Religion herabsetzen (Zustim-
488 1622 3248 1741 mich zum General avanciren lassen oder als Feldwebel mung) und zu einem Mittel der Herrschaft machen
488 1692 3245 1814 taxiren, das nehme ich alles mit der größten Heiterkeit (So ist es), das heißt die Religion missbrauchen.
471 1758 3248 1880 hin. Aber das sage ich heute zur Klarstellung für alle (Lebhafte Zustimmung.) Und wenn Jesus Christus
488 1842 3234 1957 Zeiten: Wer jemals in meinem öffentlichen Wirken an heute im Ostrauer oder Falkenauer Reviere aufgetre¬
488 1898 3248 2034 meinen Motiven zweifeln, oder sie als mehr oder ten wäre, so würde er, wie er es Zeit seines Lebens
481 1971 3241 2097 weniger anrüchig hinstellen wollte, der würde sich da¬ auf dieser Erde gewesen ist, ein Freund der Unter¬
488 2034 3245 2170 durchselbst als einen ganz ehrlosen Verleumder charak¬ drückten und ihr Tröster gewesen sein (Beifall), und
474 2104 3248 2240 terisiren, und für mich würde das weiter keine Folgen seine flammenden Worte wären ertönt gegen die
488 2177 3258 2299 haben, als dass ich es dem Lande ruhig überlassen Unterdrücker und Ausbeuter, so wie sie ertönten, so
481 2254 3035 2376 könnte, derartige Anwürfe so zu taxiren, wie sie es lange er auf dieser Erde wandelte. (Beifall.)
2023 2313 3252 2425 Ich habe nichts gegen eine wirkliche, tief reli-
488 2369 904 2456 eben verdienen.
631 2390 3265 2508 Der Herr Ackerbauminister hat aber nicht allein giöse Empfindung, aber ich will, dass sie sich nicht
488 2470 3265 2575 von meiner Person gesprochen und Beispiele gegeben nach der Seite der Gefahrlosigkeit hin bethätige, sondern
481 2540 3258 2641 von seiner tiefen Auffassung der socialpolitischen Lage nach der Seite, wo es Muth kostet, die Religion zu
495 2603 3258 2714 in unserem Reiche, wie wir eigentlich das von ihm seit bethätigen; den Großen und Mächtigen der Erde
513 2672 3272 2798 Jahren gewohnt sind, sondern er hat auch in seinem gegenüber, da wäre es am Platze, von der Religion
506 2753 2418 2868 Schlussworte einen Appell gerichtet an das Haus und zu reden. (Beifall.)
2037 2742 3262 2903 Sehen Sie, meine Herren, wenn man die Berg¬
499 2833 1860 2941 wohl auch an die Bevölkerung, der darin gipfelte, das¬
1887 2847 3269 2958 arbeiter kennt — und man kann sie in zwei Tagen
495 2924 1682 2997 es sich darum handle, zu Gott zurückzukehren.
638 2945 3272 3056 Nun sehen Sie, wie ich das abends gelesen habe kennen lernen in ihren Behausungen und ihrem
583 3014 3269 3140 — ich war bei diesem Ausspruche selbst nicht im Hause | Leben — so weiß man auch zugleich: das ist heute
579 3088 3272 3220 ist mir in demselben Augenblick eine Zeit eingefallen noch ein Menschenmaterial, welches durchaus nicht
590 3157 3269 3279 es sind jetzt einige Jahre her, und ich war damals Revolutionär gesinnt ist. (So ist es!) Sie werden es
1497 3227 3276 3325 wo in diesem zwar werden, meine Herren, das kann ich Ihnen ganz
506 3265 1493 3356 Mitglied des Gewerbeausschusses, —
513 3311 3279 3433 Ausschusse die Reform der Bruderladen behandelt im Vertrauen mittheilen (Heiterkeit und Sehr gut!)
502 3363 3276 3478 wurde, und es sich darum handelte, das wohlerworbene aber heute steht ein großer Theil von ihnen noch auf
1905 3440 3279 3534 streng kirchlichem Standpunkt, ist noch zufrieden mit
516 3468 1441 3586 Recht von Bergarbeitern zu schützen.
656 3503 3272 3632 Es hat sich ergeben, daß die Leute um 22 Mil= dem Wenigsten und Geringsten, wie es mir zum Bei¬
506 3569 3283 3712 lionen geschädigt wurden, wie es ja seitdem allgemein spiel eine Frau dort gesagt hat, die mit ihrem Manne,
506 3653 3286 3785 bekannt wurde. Ja, damals wäre es an der Zeit ge¬ ihrem Sohn und ihrer Tochter zusammen war: „Wir
1922 3722 3300 3817 sind ja zufrieden, wenn wir nur beisammen leben
506 3761 1821 3841 wesen, vom religiösen Standpunkte aus Vorschläge
516 3796 3262 3911 und wären sie noch so hart für uns gewesen — zu können, wenn auch in den elendesten Verhältnissen.
516 3852 3283 3984 machen, durch die es verhindert worden wäre, daß (Nört! Hört!) Das sind Elemente, in denen wirklich
523 3928 3297 4054 dieses Anrecht Unrecht geblieben ist, und zwar bis auf der Glaube noch mächtig ist; in denen noch der Geist
523 3998 3279 4131 den heutigen Tag. Und wenn Sie von Gott reden und der Zufriedenheit und der Unterwürfigkeit lebt und
513 4064 3293 4200 den Bergarbeitern, so möchte ich Ihnen eines sagen, die vom Standpunkte eines conservativen Politikers
513 4138 3293 4274 nicht etwa, indem ich prätendire, das, was ich sage, und Staatsmannes leicht als Pfeiler und Stützen
516 4207 3290 4337 müsse wahr sein, sondern es ist so meine Empfindung: eines conservativen Staates benützt werden können.
2048 4281 3297 4375 Aber um wieder Gott zu citiren: Wen Gott
516 4316 1877 4403 in dem Streit zwischen den Unternehmern und
523 4354 3283 4480 den Bergarbeitern ist unser Herrgott bei den Berg=| verderben will, den schlägt er mit Blindheit, und Gott
516 4431 3307 4563 arbeitern (lebhafter Beifall), und es wäre vielleicht will Sie augenscheinlich verderben, Sie, die Führer
516 4497 3283 4633 am Platze, Herr Minister, wenn Sie Ihre beweglichen und Leiter der heutigen Ordnung, beziehungsweise Un¬
537 4549 3293 4692 Declamationen, man möge zu Gott zurückkehren, an ordnung (Sehr gut.), und daher sehen Sie gar nicht
523 4647 3290 4821 jene richten würden, die Gott — von Ihrem Stand= | mehr, welche Wege Ihnen eigentlich noch offen stünden,
6517 394 6709 558 14195
4089 394 6350 614 Haus der Abgeordneten. 293. Sitzung der XI. Session am 18. Mai 1894.
3925 565 6733 726 um sich zu retten. So wird sich dann erfüllen, was meinem Originalantrage werden Sie finden, daß ich
3946 677 6719 806 sich immer in der Welt erfüllt hat: die Unverständigen drei Anträge — I, II und III — stelle, und dass ich
3935 754 6726 865 werden unterliegen, aber in großen und erbitterten am Schlusse in formeller Beziehung beantrage, dass
5355 823 6726 949 diese drei Anträge dringlich behandelt werden sollen.
3942 862 4207 973 Kämpfen.
4078 862 5324 1015 Ich gebe heute eine Anregung als Einzelner, nicht
5488 921 6723 1054 Präsident: Wenn der Herr Antragsteller
3953 970 5320 1075 aus agitatorischen, sondern aus sachlichen Gründen
3942 1050 6719 1151 Mögen Sie ihr folgen oder nicht, mögen sie davon erklärt, dass es drei von einander unabhängige An¬
3946 1092 6726 1228 halten, was Sie wollen. Meine Motive sind einfach träge sind, so ist es selbstverständlich, dass die Ab¬
3946 1172 6723 1284 und durchsichtig, und die Bewegung, welche heute von Stimmung getrennt vorgenommen wird; aber aus dem
3949 1249 6730 1382 der organisirten Arbeiterschaft getragen wird, ist eine Wortlaute seines Antrages geht das nicht hervor, denn
3946 1322 5795 1437 Culturbewegung im eminentesten Sinne des Wortes. es heißt (liest):
5572 1329 6670 1469 „In formeller Beziehung wird in Bezug
3953 1402 5338 1507 (Sehr richtig!) Diese Arbeiter wollen sich Zeit erwerben,
5505 1448 6646 1542 auf alle drei Anträge beantragt, dieselben mit
3953 1486 5320 1566 um aus menschenähnlichen Geschöpfen Menschen zu
5502 1511 6639 1615 wallen geschäftsordnungsmäßig zulässigen Ab-
3942 1535 5327 1657 werden (Beifall) und auch etwas von dem zu erreichen
5502 1591 6664 1723 kürzungen (§. 42 der Geschäftsordnung) in
3946 1605 5327 1696 was uns Gebildeten das Leben lebenswert mach
5502 1657 6175 1758 Verhandlung zu nehmen.“
3946 1675 5331 1772 (Erneuerter Beifall), von dem Strahle des göttlichen
5502 1727 6737 1818 Wenn nun der Herr Antragsteller erklärt, dass
3946 1751 5331 1849 des geistigen Lebens, um sich miterfreuen zu können an
5376 1800 6737 1894 er über die Anträge eine getrennte Abstimmung
3942 1814 5202 1915 den geistigen Gütern der Welt. (Sehr richtig!)
4096 1877 6730 1982 Die Arbeiter wollen sich höhere Lebensbedin- wünscht, so kann ich ohneweiters darauf eingehen.
3953 1933 6737 2065 gungen erringen, um in gleicher Weise wie andere Wir werden nun über die Dringlichkeit abstimmen,
3960 2010 6733 2135 Classen der Bevölkerung sich ihren Horizont erweitern respective darüber, ob die drei Anträge sofort in erste
3963 2097 6224 2201 zu können und größere, bessere und tüchtigere Menschen Lesung genommen werden sollen.
5519 2100 6740 2257 Ich ersuche jene Herren, welche den ersten An¬
3960 2170 5348 2271 zu werden. Es liegt in dieser Forderung nicht allein
3946 2229 6740 2344 der geistige und sittliche Fortschritt, es liegt darin trag, welcher dahin geht, den Gewerbeausschufs zu
3953 2285 6761 2421 auch der technische Fortschritt, der uns wahrhaftig am beauftragen, sofort das Gewerbegesetz in der Richtung
3960 2351 6754 2474 Herzen liegen sollte, weil diese Frage mit zur Lösung abzuändern, dass der Achtstundentag eingeführt werde.
3960 2453 5338 2578 jenes großen Problems gehört, welches heute noch
5502 2439 6768 2589 Abgeordneter Pernerstorfer: Ich bitte, Herr
3960 2526 4556 2613 bleiern auf uns lastet.
4103 2564 6744 2669 Und weil ich die Bestrebungen der organisirten Präsident, es heißt nicht, dass der Gewerbeausschuss
3967 2637 6758 2760 Arbeiterschaft als die eminentesten Culturbestrebungen das sofort thun soll, sondern er soll den Antrag in
3960 2711 6681 2847 unserer Zeit ansehe, deswegen, Herr Minister, trete ich Berathung ziehen und ehestens darüber berichten.
3960 2791 5341 2889 für dieselben ein und werde eintreten, so lange ich die
5519 2794 6758 2945 Präsident: Ich ersuche diejenigen Herren,
3970 2868 5338 2983 Ehre habe, diesem Hause anzugehören. (Lebhaften
5369 2920 6747 3004 welche die Dringlichkeit annehmen wollen, sich zu
3960 2938 4717 3060 Beifall und Händeklatschen.
4103 2986 6751 3133 Präsident: Ich eröffne die Debatte über die erheben. (Geschieht.) Die Dringlichkeit ist ab¬
5394 3074 5638 3185 gelehnt.
3960 3119 5352 3217 Frage der Dringlichkeit, dahingehend, dass der Antrag
5512 3105 6472 3265 Der zweite Antrag lautet (liest):
3960 3196 5128 3307 noch heute zur ersten Lesung gebracht werde.
5596 3196 6691 3321 „Der Gewerbeausschuss wird beauftragt,
4120 3224 5362 3353 Wünscht jemand zur Frage der Dringlichkeit das
5530 3297 6681 3395 sofort eine Enquête über die Verhältnisse bei
3960 3328 5334 3419 Wort? (Niemand meldet sich.) Es ist nicht der Fall
5526 3356 6677 3454 den Werkconsumvereinen zu veranstalten und
3970 3405 5362 3513 Ich bitte nun die Herren, die Plätze einzunehmen, da
5512 3443 6674 3538 ehestens dem Hause einen Gesetzvorschlag zu
3970 3468 5163 3579 wir über die Dringlichkeit abstimmen werden.
5512 3499 6698 3607 unterbreiten, der nöthigenfalls das Verbot
4113 3531 5352 3639 Zunächst ertheile ich dem Herrn Abgeordneten
5530 3583 6475 3691 dieser Werkconsumvereine ausspricht.
3977 3621 5097 3736 Dr. Lueger das Wort zu einem Antrage.
5526 3614 6768 3743 Ich ersuche diejenigen Herren, welche die
4113 3705 6754 3838 Abgeordneter Dr. Lueger: Ich bitte, dass über Dringlichkeit annehmen wollen, sich zu erheben
3977 3796 6587 3914 die Dringlichkeit der einzelnen Absätze getrennt ab¬ (Geschieht.) Die Dringlichkeit ist abgelehnt.
5530 3873 6465 3995 Der dritte Antrag lautet (liest):
3970 3907 4417 4030 gestimmt werde.
5603 3956 6702 4057 „Der Budgetausschuss wird beauftragt,
4113 3967 5369 4131 Präsident: Ich bitte um Entschuldigung, das
5526 4033 6702 4113 noch in dieser Session dem Hause Vorschläge,
3984 4096 5362 4183 geht nicht, weil nur ein Antrag auf dringliche Be-
5526 4106 6705 4193 betreffend die Unterstützung der Hinterbliebenen
3988 4155 5369 4270 handlung vorliegt, und ich daher darüber nur in einem
5526 4173 6705 4253 der am 3. Mai in Falkenau an der Eger und
5544 4239 6705 4382 am 9. Mai in Polnisch=Ostrau getödteten
3988 4239 4588 4371 abstimmen lassen kann.
4127 4281 5376 4424 Der Herr Abgeordnete Pernerstorfer hat
5537 4319 6060 4424 Arbeiter vorzulegen.
5544 4347 6782 4500 Ich ersuche diejenigen Herren, welche die
3967 4378 4274 4504 das Wort.
4127 4473 6782 4591 Abgeordneter Pernerstorfer: Herr Prä¬ Dringlichkeit annehmen wollen, sich zu erheben.
3988 4539 6765 4713 sident befinden sich in einem Missverständnisse. In (Geschicht.) Die Dringlichkeit ist abgelehnt
