4040 5336
1393 392 2312 750 DER RUR DES LEBENS
777 738 3250 1162 arische Esho, VIII, 13 April 1, 1906, Col. 962-963:
334 844 758 1178 Lea 11te
322 1162 2014 1558 Kunstwart, XIX, 658-60, March 1906
338 1456 2123 1825 National, XXIII, 746-48, March 3, 1906
338 1829 2328 2143 Die Neue Rundschau, XVII, 592-8. May 1906
338 2182 2108 2453 Nord und Süd, CXVII, 441, June, 1906
322 2520 2108 2783 Die Zukunft, LIV, 256, March 3, 1906
330 2681 3489 3042 Die Schaubühne, v. 712-717, December 30, 1909; 1906, pp. 246-250
330 3124 3022 3313 Velhagen und Klasings Monatshefte, XXIV, 536, April 1910
326 3387 2375 3705 Berlliner Bösner Zeitung, February 25, 1906
345 3717 2312 4015 Staatsbürger Zeitung, February 25, 1906
326 4031 2590 4325 Beriner Neueste Nachrichten, February 25, 1906
338 4318 2155 4628 Die Gegenwart, (Berlin) March 3, 1906
330 4600 2241 4942 Deraland von Berlin, 1906, pp. 315-17
326 4887 1904 5157 Bähne und Welt, 1906, pp. 517-19
