4024 5816
2773 556 3012 731 1 1
1215 816 1445 947 9.
1485 804 3757 952 NOME BUT THE BRAVE. (Leutnant Gustl). Translated
1506 923 3696 1048 by R.L.Simon. Simon and Schuster, New York,1926.
1118 1121 1386 1255 10.
1497 1113 3690 1270 ELÖWERS. (Blumen). In "Great Stories of All Na-
1500 1238 3617 1351 tions". Edited by M.Lieber and B.C. Williams.
1488 1305 2680 1421 Brentano's, New York, 1927.
1485 1471 3690 1640 RHAPSO DY. (Traumnovelle). Translated bj Otto P.
1092 1523 1389 1628 11.
1488 1608 3585 1745 Schinnerer. Simon and Schuster, New York, 1927.
1092 1785 1389 1943 12.
1477 1788 3606 1937 DAYBREAK. (Spiel im Morgengrauen). Translated
1482 1896 3725 2068 by Wm.A.Drake. Simon and Schuster, New York, 1927.
1494 2103 3766 2237 THERESA. THE CHBONICLE OF A WOMAN 'S LIBE. Trans-
1072 2129 1369 2280 13.
1488 2216 3556 2362 lated by Wm.A. Drake. Simon and Schuster, New
1474 2289 1957 2423 York, 1928.
1188 2580 1363 2712 14.
1477 2578 3652 2709 LITTLE NOVerlS. Translated by Eric Sutton. Simon
1482 2688 3766 2776 and Schuster, New York, 1929. /Inhalt:/-Das Schick-
1482 2770 3670 2848 sal des Freiherrn von Leisenbohg - Die Fremde -
1465 2822 3676 2939 Die griechische Tänzerin - Die Weissagung - Der
1465 2910 3617 3014 blinde Geronimo und sein Bruder - Andreas Tha-
1465 2997 3772 3093 mayers letzter Brief - Das Tagebuch der Redegonda
1465 3070 3783 3175 Der tote Gabriel - Der Mörder - Der Tod des Jun
1477 3137 1902 3245 gesellen.
1194 3507 1357 3638 15.
1529 3504 3713 3635 VIENNESE NOVELETTES. With Illustrations by Kurt
1523 3606 3492 3711 Wiese, and with anintroduction by Otto P.
1529 3681 3617 3786 Schinnerer, Simon and Schuster, New York, 1931.
1526 3760 3725 3877 /Inhalt:/ Spiel im Morgengrauen - Fräulein Else
1523 3850 3448 3976 - Traumnovelle - Frau Beate und ihr Sohn
1445 3900 2231 4048 Leutnant Gustl.
1477 4357 3812 4517 FLIGHT.INTO DAKKENESS. Translated by William L.Drake
964 4348 1372 4482 16.
1453 4444 3012 4570 Simon and Schuster, New York, 1931.
