4056 5816
871 707 1615 859 UEBERSETZUNGEN.
884 995 2313 1187 B. AMERIXA.½RZAEHLENDE WERKE.
1429 1324 3754 1432 VIENNESE IIYLLS. Translated by Fred.Eisemann. J.W.
1404 1407 3379 1507 Luce & Co., Boston, 1913. /Inhalt:/ Blumen
1423 1479 3565 1593 Die Frau des Weisen - Der blinde Geronimo und
1410 1559 3599 1662 sein Bruder - Andreas Thamayers letzter Brief -
1420 1631 3047 1782 Ein Abschied - Die Toten schweigen.
1404 1792 3667 1981 BERTHA GARLIN. Translated by Agnes Jacques. Boni
1159 1854 1342 1981 12.
1404 1950 3661 2114 & Liveright Inc. (The Modern Libruary), New York,
1401 2030 1658 2145 1917.
1429 2210 3537 2340 CASANOVA'S HOMECOMING. Translated by Eden and
1435 2294 3748 2421 Ceder Paul. private Printing for subscribers only,
1438 2402 2731 2548 (1250 copies) New York, 1921.
1429 2526 2111 2688 /Neue Ausgabe:
1231 2623 2607 2759 3a.-T.Seltzer, New York 1922
1224 2778 3680 2880 3b.-TNönaltzusgabe:/ Simon and Schuster. New York, 1930
1438 2861 2499 3004 (Inner Sanctum Novels).
1435 3134 3717 3270 THE CHEPHERD'S PIPE AND OTHER STORIES. Translated
1438 3246 3723 3342 by O.F. Theis. N.L. Brown, New York, 1922. (The sea
2154 3317 3627 3422 /Inhalt:/Die Hirtenflüte - Der
1438 3329 1981 3438 Gull Uibrary
1395 3391 3580 3522 Mörder - Der blinde Geronimo und sein Bruder.
2275 3491 3202 3636 (Der Weg ins Freie).
1438 3621 3723 3745 THE ROAD TO THE OPEN. Authorized translated by H.
1135 3636 1364 3773 5.
1417 3708 2979 3856 Samuel. A.A.Knopf, New York, 1923.
1423 3922 3512 4039 sloetoe gaieslert. Translated by E.C.Slade. T.
1435 4024 2477 4160 Seltzer, New York, 1923.
1237 4145 3723 4309 6a.-/Neue Ausgabe:/ Simon and Schuster, New York, 1930.
1438 4510 3550 4659 FRAEULEIN Else. Translated by Robert i.Simon.
1429 4647 3054 4777 Simon and Schuster, New York,1925.
1435 4917 3661 5044 DEATRICE. (Frau Beate und ihr Sohn). Translated
1510 5034 3605 5171 Agnes Jacques. Simon and Schuster. New York,
1438 5109 1699 5236 1926.
