4024 5272
1420 442 2348 700 DIE FRAU DES VEISES
700 866 2538 1104 Matien. xVI, 111-12, November 10, 1808
683 1206 2949 1407 Neue Deutsche Rundschau. IX, 618-9, August 1898
683 1471 3414 1828 Das Magasin für Litteratur. LKVII, 775-6, August 20, 1898
707 1777 3438 2120 Allgemeine Zeitung (Mänchen) Beilage September 30, 1898:
1366 1926 2436 2171 (Alexander von Weilen)
696 2178 2694 2477 Zeit und Geist. II, xxx, (Walther W. Blum)
696 2422 2772 2749 Velhagen und Klasings Menstshefte. II. 11.
696 2735 2555 3099 Beriner Bürsen Geurier. July 10, 1698
707 3082 2752 3377 Zumienklati (Wien), May 12, 1888
741 3387 2925 3758 Kilustriertes Wiener Antraklatt. May 27, 100###
