4024 5544
584 466 1039 613 RUSSIAND.
866 639 3348 826 1. SCHYWIJE TsCHASY.TETRALOGlJA. (Lebendige Stunden,
1075 813 3213 898 Trilogie). Perewod T.R.i M.W. Tapografija E.L.
1075 836 3420 993 Porochowschtschykowoj, S.Peterburg,1902. /Inhalt:/
1062 964 3128 1092 Lebendige Stunden - Die Frau mit dem Dolch -
1062 1030 2534 1180 Die letzten Masken - Literatur.
1075 1282 3485 1446 TETRALOGIJA. Perewod E.E.Matterna. Isianije kujisch-
1062 1407 3364 1525 nago sklada D.P.Efimowa,Moskwa, ohne Jahr /1902/
1075 1485 3374 1616 Inhalt:/ Lebendige Stunden - Frau mit dem Dolch
1062 1561 2567 1702 Die letzten Masken - Literatur.
885 1843 3508 1971 3. POLNOJE SOBRANIJE SCTSCHY NJENIJ. ( Gesammelte Wer-
1069 1938 3453 2036 ke). Tom I. Izdanije i redakoja W.M.Sablina, Moskwa,
1075 2020 3472 2115 1903. /Inhalt:/ Arthur Schnitzler, Vorwort von Georg
1069 2082 3479 2187 Brandes - Das Märchen - Sterben - Lebendige Stunden
1069 2184 3534 2285 Frau mit dem Dolch - Die letzten Masken - Literatur -
1069 2249 1515 2374 Liebelei.
889 2482 3459 2685 4. POLNOJE SÖBRANIJE SOTSCHY NJENIJ. ( Gesammelte Wer-
1062 2626 2502 2771 ke). Tom III. Izdanije i redak
879 2951 3508 3105 3. PUBLICJE SOBRANIJE SOTSCHY NJENIJ. (Gesammelte Werke,
1082 3075 3472 3184 drei Bände). Izdanije i redakoja W.M.Sablina, Moskwa,
1082 3171 3430 3269 1903. / Inhalt:/ Erster Band: Arthur Schnitzler, Vor-
1082 3266 3374 3338 wort von Georg Brandes - Das Märchen - Sterben -
1082 3285 3525 3407 Lebendige Stunden - Frau mit dem Dolch - Die letzten
1089 3384 3544 3518 Masken - Literatur - Liebelei. Dritter Band: Trilogie
1092 3466 3403 3567 (Paracelsus - Die Gefährtin - Der grüne Kakadu )
1079 3534 3151 3695 Der Schleier der Beatrice - Der Binsame Weg.
1082 3889 3472 4043 CHOR0WOD. (Reigen). Desjatj dialect. Perewod s 27.
1089 4026 3259 4112 njemjeckago izdanja P.H.Ascha, god redakoiej O.
1069 4085 3453 4177 Dymowa.§5 portretom autora. Glawnyj sklad: S.Peter-
1089 4161 3430 4312 burgskaja knysohnaja ekspedyeja, S.Peterburg,1907.
