4056 5816
311 690 1942 920 G. FRienkreich. DRAMATISCHE WERKE.
2148 940 2875 1086 par Jean Thorel.
927 971 3558 1184 1. AMOURETTE. (Liebelei), Pièce en trois Actes. Adaptée
1126 1113 3416 1231 de Erthur Schnitzler. (Exemplaire hors commerce).
1133 1204 3433 1326 Société des Auteurs Dramatiques. Paris,ohne Jahr.
1147 1478 3477 1613 SOUPER D'ADIEU. Comédie en un Acte. Adaptée de Mr.
1157 1515 3596 1695 thur Schnitzler par Maurice Vaucaire. Société d'Edi-
1147 1634 3457 1779 tions Littéraires et Aristiques, Paris. Deuxième
1137 1752 1813 1894 Edition, 1905.
954 1972 3673 2178 3. LA RONDE. Dix Scénes Dialoguees. traduction de Maurice
1150 2084 3626 2246 Rémon & Wilhelm Bauer. P.V. Stock,Editeur, Paris, 1912.
967 2317 3345 2476 3a.-/Neue Ausgabe :/ Dix Dialogues. Traduits par M.
1164 2405 3484 2530 Rémon, W.Bauer et Susanne Clauser. Librairie Stock,
1140 2513 1695 2652 Paris,1931.
1164 2828 3640 2977 ANATOLE. Suivi de la Compagne. Traductions de Maurice
957 2899 1120 3021 4.
1170 2909 3660 3081 Rémon & Maurice Vaucaire. P.V.Stock & Cie, Paris. 1913
1109 3173 3562 3406 L'Appel des Teintres - (suivi de la Iliste du Pâtre)
1279 3325 3684 3613 A du Lieutenant Gustel.) the volume
1265 3491 3738 3819 parncheg Stock 1932. traduit parhalerse
1268 3626 3761 3961 Clauser, alle une preface de Paul Gereldy.
