4019 5848
1719 488 1893 632 -6-
727 730 3249 874 21. RENDEZ-VOUS. (Ungedruckte Gedichte aus vergangener
924 858 3124 940 Zeit, 1880-1884.) /Erstdruck :/ "Oesterreichische
910 927 3200 1032 Dichtergabe. Ungedrucktes von Hugo von Hofmanns-
930 999 3111 1094 thal, Max Mell, Arthur Schnitzler, Karl Schönherr,
946 1055 3187 1163 Anton Wildgans. Wiener Bibliophilen-Gesellschaft
917 1140 3298 1244 Wien 1928. S.37. Den Teilnehmern des Wiener Biblio-
917 1241 3115 1323 philentages 29. September bis 2. Oktober 1928 ge-
924 1300 3147 1389 widmet von der Wiener Bibliophilen-Gesellschaft.
924 1389 3206 1477 /Druck vermerk:/ Gedruckt in 500 Exemplaren in der
924 1444 3262 1549 Offizin Christoph Reisser's Söhne, Wien, V., gebunden
924 1533 2266 1651 bei Hermann Scheibe, Wien, III.
720 1723 3337 1870 22. ORCHESTER DES LEBENS. (Ungedruckte Gedichte aus ver-
924 1824 3124 1936 gangener Zeit, 1880-1884.) /Erstdruck:/ "Oester-
924 1900 3311 2021 reichische Dichtergabe.“ Wiener Bibliophilen-Gesell
907 1988 1955 2125 schaft, Wien 1928, S.38.
711 2214 3337 2345 23. THERESE. (Ungedruckte Gedichte aus vergangener Zeit,
910 2289 3301 2374 1880-1884. ) /Erstdruck:/ "Oesterreichische Dichter-
910 2371 3478 2499 gabe." Wiener Bibliophilen-Gesellschaft, Wien 1928, S. 39.
711 2568 2934 2725 24. BALLADE VON LEN DREI BKUÉDERN. /Erstdruck:/
943 2676 2184 2823 "Uranis Täschenbuch, 1921.
