4056 5832
713 1046 2298 1224 F. FRienkrei CH.ERZAEHLENDE WERKE.
1791 1165 2247 1320 (Sterben).
1284 1189 3646 1407 1. MOURIR. Traduit de l'allemand avec l'autorisa-
1490 1300 3661 1458 tion de l'auteur/par Gaspard Valette. Librairi
1490 1426 3194 1577 académique Perrin et Cie.Paris, 1896.
365 1541 3550 1744 la.- MOURIR. Traduit ### de A.Hella et O.Bournac. Rieder.
1530 1664 3471 1823 MADEMOISELLE ELSE. traduit de l'allemand.
590 1704 915 1823 Paris.
1502 1795 2829 1946 Librairie Stock. Paris,1926.
1312 2025 3535 2255 3. LA PENOMBRE DES AMES. Nouvelles traduites de
1518 2160 3428 2298 l'allemand par Susanne Clauser. Librairie
1518 2227 3531 2370 Stock. Parte, ohne Jahr/1929/.XXIMMaltXXXX,
1530 2278 3693 2449 Préface de Félix Bertaux. Inhalt:/ Das Schick
1526 2397 3527 2520 sal des Freiherrn von Leisenbohg - Blumen -
1514 2473 3451 2611 Der blinde Geronimo und sein Bruder - Das
1526 2544 3586 2679 Tagebuch der Redegonda - Der Tod des Jungge-
1518 2615 3590 2758 sellen - Der Mörder - Der tote Gabriel - per
1541 2710 3523 2845 Ehrentag - Die Frau des Weisen. - Die Toten
1518 2825 2013 2940 schweigen.
1530 3031 3511 3214 MADAME BEATE ET SON FILS. Roman. Traduit de
1533 3134 3653 3289 L'allemand par A.Hella et O.Bournac. Editions
1557 3249 3479 3392 Victor Attinger. Paris et Neuchatel, 1929.
1553 3487 3717 3669 LE estour de CASANOVA. Roman. traduit de l'al-
1541 3602 3721 3756 lemand par Maurice Rémon. Editions Victor Atti
1553 3729 2374 3871 ger. Paris, 1930.
1573 3966 3725 4133 THERESE. Chronique d'une vie de femme. Traduit
1569 4077 3693 4208 de l'Allemand par Susanne Clauser. Préface de
1565 4149 3733 4283 Louis Gillet. Albin Michel, Editeur. Paris, ohne
1573 4256 2167 4406 Jahr /1931/.
1585 4501 3749 4664 MADEMOISELLE EISE. Suivie de plusiers nouvelle
1585 4612 3515 4743 Tradmites de l'Allemand. Librairie Stock.
2120 4688 3590 4807 Inhalt:/ gräulein Else (Traduc-
1640 4735 1898 4826 ariset
1957 4731 3602 4870 Clära Pollaczek) -Das Schicksal des
1573 4783 1890 4882 tion d’
1589 4795 3752 4957 Freiherrn von Leisenbohg - Blumen - Der blinde
1597 4914 3618 5032 Geronimo und sein Bruder - Der Mörder - Der
1589 4997 3586 5104 Ehrentag - Die Toten schweigen. (Nouvelles
1597 5068 3059 5234 traduites par Susanne Clauser).
