4033 5832
1070 1049 3456 1248 12. /THE LONELY way. INTERMEZZO./COUTESS Mizzie.
1373 1188 3262 1316 Translated with an introduction by Edwin
1361 1254 3325 1394 Björkmann. M.Kennerley Co., New York, 1915
1391 1343 3256 1492 (seit 1922 im Verlag little, Brown & Co.,
1385 1459 1771 1590 kein! Boston).
1379 1631 3589 1777 ANATOL. Translated by Granville Karker. little,
1031 1667 1254 1827 xx
1379 1744 2454 1884 Brown Co., Boston, 1917.
1798 1866 2214 2003 vorgessen!!
1376 1905 3325 2104 ANATOL. LIVING HOURS. THE GREEN CACKATION.
1090 1985 1295 2133 14.
1396 2012 3378 2151 Translated by Grace Israel Colbron. Boni &
1402 2095 3488 2234 Liverigh Inc., New York, 1917. (In der Serie:
1411 2190 2445 2332 "The Modern Libruary").
1408 2380 3485 2543 COMEDIES OF WORDS AND (OTHER PLAYS) Trandated
1402 2442 3738 2615 by Pierre Loving. Stewart and Kidd Co., Cincinna-
957 2433 1281 2588 15.
1408 2549 3551 2680 ti, 1917. /Inhalt:/ Stunde des Erkennens - Die
1420 2641 3533 2775 grosse Szene - Das Bacchusfest - Literatur -
1402 2739 2089 2885 Die Gefährtin.
1402 2891 3702 3063 HANDS ARCUND. (Reigen). Completely rendered into
1435 3007 3592 3147 English. Authorized translation. private Prin-
1052 2998 1295 3120 16.
1426 3075 3598 3215 ting for subscribers (1475 copies). New York,
1414 3218 1670 3349 1920.
1477 3372 3560 3539 LITERATURE. XEXMXXXUXX. Translated by Pierre
998 3396 1319 3560 17.
1447 3470 3548 3619 Loving. In “Fifty Contemporary One-Act Plays”.
1447 3545 3488 3681 Cincinnatti, 1920. (seit 1925 auch im Verlag
1423 3655 2728 3809 D.Appleton & Co., New York).
1498 3854 3568 3996 LIVING HOURS. Translated by Grace I.Colbron.
1067 3883 1322 4050 18.
1459 3922 3782 4074 In ” Chief Contemporary Dramatists”. Secon series.
1450 4047 3051 4192 Houghton Mifflin Co., Boston, 1921.
1477 4225 3634 4380 Cudeess Mizzie. Translated by Edwin Björkman.
1477 4317 3738 4460 In XR###Kä Moses! "Representative One-Vot Plays
1168 4296 1331 4406 19.
1471 4424 3631 4543 by Continental Author”. Little, Brown and Co.,
1465 4513 2098 4635 Boston, 1922.
1453 4629 3655 4858 LIVING HOURS. Translated by Porter Davitts. In
1165 4727 1405 4894 20.
1578 4807 3616 4914 Ten-minute Plays”. Edited by Pierre Loving.
1465 4879 2760 5042 Brentaness, New York, 1923.
