4170 6166
622 800 3282 959 " Das Clorsaure Kali, seine physiologischen, toxischen und
611 882 3302 1025 therapeutischen Wirkungen“. Von Dr. J. von Mering. Berlin
611 967 3224 1121 1885. Verlag August Hirschwald. Spalten 1666-1669. / Sig-
611 1090 1458 1253 niert: Dr.A.Sch./.
290 1539 3360 1759 Kritische Besprechungen und „Artikel in der“ Internationalle kli-
313 1612 3422 1817 nische Rundschau“. Zentralblatt für die gesammte praktische Heil.
313 1720 3228 1891 kunde, sowie für die Gesammtinteressen des ärztlichen Standes.
313 1844 2339 2003 Druck und Verlag von M. Engel & Söhne, Wien.
646 1976 3348 2177 " Neue Vorlesungen über die Krankheiten des Nervensystems,
2049 2057 3410 2208 Von J.M.Charcod. Autorisierte
653 2142 1995 2266 insbesondere über Hysterie.
665 2173 3364 2339 deutsche Ausgabe von Dr. Sign. Freud. Leipzig und Wien 1886.
673 2254 3271 2401 Verlag Toeplitz & Deutike. I. Jahrg., Nr.1, 2. Jänner 1887,
661 2366 2950 2505 Spalten 19-20.) Signiert Dr. Arthur Schnitzler 7.
669 2559 3348 2768 " Die Behandlung gewisser Formen von Neurasthenie und Hy-
677 2687 3491 2876 sterie“. Von Dr. Weier Mitchels.XXXXXX mit Genehmigung
677 2795 3213 2950 des Verfassers nach der IV. auflage des Originales in's
677 2865 3279 3035 Deutsche übertragen von Dr. S. Klemperer. Mit einem Vor-
669 2923 3282 3078 worte von Prof.E.Leyden. Berlin 1887. Verlag Hirschwald.
669 2996 3499 3166 1. Jahrg., Nr. 6, 6. Februar 1887, Spalten 185-188. / Signiert:
677 3143 1214 3302 Dr. A. Sch./.
2134 3337 3402 3526 Sklerose des Zentralnerven-
684 3429 2103 3569 " Ueber multiple inselförmige
696 3476 3495 3634 systems im Kindesalter. Eine petriatisch-klinische Studie.
708 3553 3333 3712 Von Dr. L.Unger.I###Blan Wien 1887. Verlag von Toeplitz &
708 3646 3379 3859 Deuticke.I.Jahrg., Nr.15. 10.April 1887. Spalten 469-470.
777 3766 1442 3905 Signiert A.S.
704 3998 3224 4164 Die syphilitischen Erkrankungen des Nervensystems
723 4067 3456 4253 Von Dr. Theodor Rumpf. Wiesbaden 1887. Verlag von J.F.Berg.
708 4168 3329 4330 mann. I.Jahrg., Nr.31, 31. udi 1887, Spalten 989-991./ Sig-
711 4276 2084 4442 niert Dr. Arthur Schnitzler /.
2648 4504 3499 4659 Herausgegeben von
731 4524 2629 4682 " Handwörterbuch der gesammten Medizin "
711 4605 3541 4790 Dr. A. Villaret. 2 Bände. Stuttgart 1887. Verlag von Ferdinand
719 4721 3445 4883 Enke. I.Jahrg., Nr. 32, 7. August 1887. Spalte 1023./Nicht
719 4833 1222 4976 signiert.
742 4999 3522 5142 " Handwörterbuch der gesammten Medizin". Herausgegeben von
731 5069 3557 5243 Dr.A.Villaret, 2 Bände. Stuttgart 1887. Verlag von Ferdinand
738 5169 3541 5362 Enke. ( 2.Heft). I.Jahrg., Nr. 36, 4.September 1887, Spalte
738 5293 1782 5440 1155. /Nicht stontant/
