4019 6091
525 709 1041 853 P. POLEN.
870 980 3557 1154 1. W MATNI. (Freiwild). Dramat w. 3 aktach. Przeklad Zofil
1027 1084 3293 1241 Wojoickiej. Makladen i i drukiem Wilhelma Zucker-
1004 1161 2242 1325 kandla. Zloczow, ohne Jahr.
1037 1422 3340 1579 GRECKA TANCERén. Autoryzowany przeklad Dr.Henryka
1027 1536 3460 1663 Monata. Instytut wydawniczy "Renaissance". Warszawa,
1027 1653 3323 1780 ohne Jahr./Inhalt:/ Der blinde Geronimo und sein
1021 1690 3162 1850 Bruder - Die Toten schweigen - Die Weissagung
1021 1800 2958 1924 Das Neue Lied - Die griechische Tänzerin.
816 2024 3316 2198 3. DUSZE Zvaaku. (Dämmerseelen). Instytut wydawniczy
1037 2158 2563 2252 "Renaissance". Warzawa, ohne Jahr.
1084 3052 3283 3179 LALKI. (Der Suppenspieler). Studyum w 1 Akcie.
1091 3149 3433 3293 Uponamienia Autora Przetkomaczyl Gustaw Baumfeld.
1084 3236 2128 3396 FeliksWest,Brody 1904.
566 3614 1251 3785 Qu. RUMANIEN.
1104 3875 3624 4032 HORA DRABOSTEI. — (Der Reigen). Zece Dialoguri. In Romö
1104 4022 3176 4133 neste, ou invoirea Autorului, de I.Tedesgul.
1098 4069 2657 4233 Ateierele deverul.Bukarest, 1922.
555 4273 1382 4451 R. JUGOSLAVIEN.
1091 4484 3400 4628 LJUBAKANJE. (Liebelei). Drama u tri Cina. Preveo:
1084 4601 3497 4722 Viktor D. Sonnenfeld. Knjigotiskara Vinka Vosickog.
1084 4701 1844 4835 Koprivnica, 1921.
1114 4819 3514 4936 MUDRATSCHassA SCH�NA I SUIRALA. (Die Frau des Weisen
1111 4899 3544 5036 und Hirtenflöte). Isdanje "Nove Bibljoteki", (Godin¬
1094 4996 2516 5103 Broj 4, Januara 1914),Beograd.
