4056 5816
677 707 1433 902 UEBERSETZUNGEN.
996 1032 2432 1270 C. ENCLAND.ERZAMHENÄSE WÜERSE.
1211 1289 1521 1459 1.
1579 1273 3904 1540 BERTHA GARLAN. A. Novel. Translated by J.H.Wisdoom
1579 1426 3706 1625 and Marr Murray.Max Goschen Ltd., London, 1914.
1237 1713 1462 1840 2.
1570 1697 3767 1944 THE ROAD TO THE OPEN. Authorised Translation by
1553 1797 3670 2006 Horace Samuel. Howard Latimer Limited, London,
1560 1882 2045 2029 ohne Jahr.
1224 2130 3842 2380 2a.- /Neue Ausgabe :/ George Allen & Unwin Ltd., Lodo
1517 2260 2341 2426 ohne Jahr/1922/.
1143 2507 1413 2654 3.
1504 2543 3820 2784 BEATRICE. a novel and other Stories. Trandated by
1543 2647 3670 2833 ignes Jacques and Elsie M.Lang.T.Werner Laurie
1508 2729 3667 2914 Ltd.,London,1926. /Inhalt:/ Frau Beate und ihr
1501 2794 3761 3009 Sohn-Blumen-Ein Abschied-Die Frau des Weisen-Der
1488 2885 2862 3061 Ehrentag-Die Toten schweigen.
1482 3015 3455 3211 THERESA. The Chroniole of a Womans's Life.
1482 3093 3497 3321 Conitable & Co. Ltd., London, ohne Jahr /1929
1153 3432 1348 3595 5.
1459 3487 3670 3693 FRAEULEIN ElSE. (In der Uebersetzung von Robert
1495 3572 3715 3797 .Simon). Ganäk With drawings by Donia Nachshen.
1439 3654 3575 3826 Conitable, London, 1929. (Of this book only 1000
1449 3738 2670 3872 copies have been printed).
1143 3976 1302 4113 /6
1436 3999 3696 4223 HHAPSODY. A Dream Novel. (In der Übersetzung von
1423 4093 3588 4292 Otto P. Schinnerer). With illustrations by Donia
1416 4168 3595 4389 Nachshen. Constable, London, 1928. (Of this book
1407 4249 3113 4435 only 1000 copies have been printed).
983 4679 1224 4845 /7.
1332 4676 3497 4953 FLIGHT INDO PARKNESS. Translated by William A.
1325 4793 3676 5054 Drake. Casell and Company, Limited, London, Toronto,
1306 4881 3113 5125 Melbourne ans Sydney, ohne Jahr /1932/.
