4024 5800
573 894 1276 1085 SCHULAUSGABEN.
401 1280 3472 1520 DER GRUÈNE KAKADU. LITERATUR. DIELETZTEN MASKEN. Etited with
623 1390 3346 1566 an production, notes and vocabulary by Otto P. Schinnerer.
619 1444 3484 1666 A.A.Knopf, New York, 19200 - Neue Ausgabe: F.S.Crofts
619 1616 1574 1788 & Co. New York, 1930.
588 1826 3354 2059 DERBLINDE GERONIMO UND SEIN BRUDER. Edited with notes and
646 1933 3438 2101 vocabulary by Lawrence M.Price. University of Chicago Press,
653 2074 1272 2227 Chicago, 1929.
661 2204 3442 2430 STORIS UND PLAYSflY ARTHUR SCHNITZLES. Edited with introduc-
665 2311 3392 2491 tion, notes and vocabulary by Allen W.Porterfield.D.C.Heath
665 2353 3465 2567 & Co. Boston, New York, 1930. Inhalt:/Der blinde Geronimo und
665 2452 3449 2636 sein Bruder“- Der Ehrentag - Die Weissagung - Blumen - Leut-
661 2540 3446 2731 nant Gustl XXBäxx### (gekürzt) —/Der Ruppensieler
672 2697 1284 2838 Grosse Szene
672 2922 3514 3113 DIE DREIFACHE MARNUNG. In "Modern German Stories", Edited by
684 3018 3079 3224 llen W.Porterfield. D.C.Heath & Co. New York, 1928.
672 3281 3472 3491 DERbringing, in “Lust und Leid”. Edited by William Di
680 3377 3499 3602 amond and Christel Schomaker. Henry Holt & Co. New York, 1929.
718 3671 3476 3881 /Teildruck:/ LEUTNANT GUSTL. In "Deutsches-Geistesleben der
2724 3763 3522 3912 Epopf/k, New York,
1268 3793 2632 3984 Edited by Otto Koischwitz.
707 3858 1230 3958 Gegenwart“.
707 3931 1627 4080 1928,### S. 101-105.
722 4122 3549 4336 ZWEI TIROLER NOVELLEN. Edited with questions, notes, Exercises
718 4194 3675 4412 and Repreduction by A.S.Macpherson,G.Bell and Sons Ltd., London,
718 4313 3419 4481 1929. Inhalt: Der blinde Geronimo und sein Bruder - Die
737 4473 1272 4592 Weissagung.
653 4649 3576 4928 DERBLINDE GERONIMO UND SEIN BRULER. In "Deutscher Bücherei
737 4786 3400 4997 Für die studierende Jugend Schwedens“, Herausgegeben von
745 4874 3736 5100 Exel Lindqvist und Hans Pollak. VII. Band. C. W. K. Gleerups Förlag
737 5054 1688 5210 Lund, 1927. S. 5-45.
