4024 5112
978 377 2870 678 DIE GEFRERTIN, PARACELSUS, DER GRUME K Conin.
875 795 2192 1227 Nelt, X. 805-08, May 1898
543 792 785 1162 ohne
436 1155 3209 1546 Das Literarische Echo, I. 13, April 1, 1899, Col. 662 ff.
439 1428 2690 1832 Das Literarische Eche, I. 1114-15. June 1, 1899
453 1784 2818 2147 Das Literarische Echo, II, 227, November 15, 1899
439 2109 2839 2372 Preussische Jahrbücher, XVII, 498, September 1899
429 2413 2756 2769 Preussische Jahrbücher, XVVII, 564, October 1899
1556 2676 3468 3036 supplement to Das Magazin für Literatur
446 2738 1819 3081 LKVIII). 85-87, May 18, 1899
439 3184 2832 3371 Das Magazin für Litteratur, LXX, 508, May 25, 1901
429 3502 2355 3686 Bühne und Welt, XII, 50-51, October 1910
405 3655 1812 4056 ackel, Nr. 1, March 1, 1899
411 4083 2175 4356 Ostdeutsche Rundschau. March 2, 1899
405 4443 2147 4695 Neues Wiener Tagblatt, March 2, 1899
380 4692 1957 4975 Neue Freie Presse, March 2, 1899
