3928 5848
578 805 3391 982 Systematisches Verzeichnis der Werke von Arthur SCHNITZLER.
892 971 3218 1116 Zusammengestellt von Otto P.Schinnerer, New York.
614 1260 1217 1434 Vorbemerkung
603 1423 3387 1567 Der Bearbeiter war bestrebt, möglichst vollständig und genau
614 1538 3452 1618 alle Arbeiten von Schnitzler anzuführen, die irgendwo in deut-
618 1607 3488 1701 scher Sprache erschienen sind, obwohl er weiss, dass ein lücken-
592 1672 3492 1809 loses Verzeichnis ein Ding der Unmöglichkeit ist. Es dürfte je-
607 1762 3369 1871 doch wenig von Bedeutung fehlen, am ehesten vielleicht unter
607 1845 2940 1983 den Rubriken "Verschiedenes" und "Uebersetzungen".
596 1975 3409 2087 Das von dem Bearbeiter hier angewandte System schien ihm für
596 2073 3398 2170 diese spezielle Arbeit am übersichtlichsten und zweckmässig
607 2141 3391 2243 sten. So hat jede Einzelarbeit, ob Gedicht, Roman, Drama, Buchbe-
589 2210 3438 2322 sprechung oder Brief, ihre eigene Nummer und unter diesen Num-
578 2275 3409 2383 mern ist alles Einschlägige für diese besondere Arbeit ange-
589 2376 3456 2470 geben. Aus Gründen der Raumersparnis sind Untertitel,Herausge-
589 2452 3405 2535 ber und Verleger von Zeitschriften immer nur ein Mal angege-
589 2513 3387 2625 ben. Ferner konnten unbedeutende bweichungen im Text der Ab-
589 2607 2481 2716 drucke hier nicht berücksichtigt werden.
578 2712 3434 2853 Mit wenigen usnahmen sind alle ungaben vom Bearbeiter eigen-
578 2831 3434 2925 händig gesammelt und nachgeprüft worden. Die Zahlen der späte-
589 2911 3474 3012 ren Auflagen der in Buchform erschienenen Werke sind einer un-
596 2979 3463 3084 veröffentlichten Bibliographie entnommen, die Herr Ernst Metel-
578 3041 3434 3163 mann(Leipzig)dem Bearbeiter im Sommer 1928 für seinen persön-
578 3127 3452 3228 lichen Gebrauch zusammengestellt hat.Die amerikanischen Ueber
314 3084 502 3283 II.7
578 3210 3301 3301 setzungen sind einer gleichfalls unveröffentlichten Studie
607 3265 3485 3369 "The Reception of ‘rthur Schnitzler in the United States” ent-
336 3265 509 3442 II 3
581 3340 3485 3456 nommen, die Fräulein Beatrice Schrumpf im Jahre 1931 der Colum-
589 3434 3478 3561 bis Universität in New York als Magister Arbeit vorgelegt hat.
563 3582 3416 3691 Arthur Schnitzler hat dem Verfasser durch mehrere Sommer hin-
563 3665 3395 3774 durch seine umfangreichen Sammlungen freimütig zur Verfügung
563 3748 3423 3860 gestellt. Auch die Nationalbibliothek und die Universitätsbib.
563 3832 3413 3933 liothek in Wien,sowie die Wiener Stadtbibliothek wurden viel-
563 3900 3434 4005 fach in Anspruch genommen. Für die endgültige Zusammenstellung
578 3965 3463 4084 aber ist der Bearbeiter vornehmlich Herrn Heinrich Schnitzler,
571 4055 3423 4167 des Dichters Sohn und Nachlassverwalter, zu Dank verpflichtet,
553 4135 3337 4229 der es ihm in der zuvorkommendsten Weise ermöglicht hat, das
563 4211 3423 4305 ganze Material nochmals nachzuprüfen und zu vervollständigen.
571 4283 2037 4355 Schliesslich sei hier noch des
2069 4290 3301 4380 Council on Research intlhe
553 4344 3344 4460 Humanities" derflumbia Universität in New York für dessen
560 4438 3005 4557 grossmütige Unterstützung dankbarst Erwähnung getan.
563 4547 1788 4713 Wien, den 1.September 1932.
