4056 5768
1839 433 2047 573 -30-
801 673 3185 804 94 10-0.-36.-40.Tausand,ohne Jahr. /Druckvermerk:
1185 772 3108 878 Von diesem Buche wurden 100 Exemplare auf
1182 852 3060 939 echt Büttenpapier abgezogen,in Leder ge-
1195 932 3066 1044 bunden, handschriftlich numeriert und vom
1182 1012 2396 1121 utor persönlich signiert.
811 1214 3386 1355 99 1000.-59.-68.Tausend. Benjamin Harz Verlag, Berlin.
1182 1310 2851 1451 Wien, ohne Jahr /1914/, 254 S. Kl.80.
827 1493 3060 1647 99100. -Mit 10 Illustrationen nach Radierungen
1182 1621 2986 1724 von Stefan Eggeler. Frisch & Co.Verlag,
1176 1695 3088 1791 Wien, Leipzig, Bern. /Druckvermerk:/ Dieses
1176 1775 3085 1890 Buch wurde im Jahre 1921 vom Frisch & Co.
1163 1849 2989 1945 Verlag in Wien herausgegeben und in der
1163 1925 3130 2031 eigenen Anstalt des Verlages in einer ein-
1160 2009 3133 2105 maligen Zuflage von 3000 numerierten Exem-
1176 2082 3127 2185 plaren hergestellt.Die ersten 150 Exempla-
1160 2163 3181 2252 re sind in Halbleder gebunden und vom Autor
1160 2230 3181 2326 und vom Künstler signiert. Nr. 151-3000 wur-
1169 2303 3175 2409 den in Ganzleinen ausgegeben. 161 S. 10 Ta-
1169 2387 2063 2525 feln, 18.5: 19 cm.
795 2569 3098 2733 99 100f.-Mit 10 Original-Radierungen von Stefan
1153 2691 3313 2800 Eggeler. Ernst Wilhartitz, Wien. 161 S. 10 Ta-
1169 2768 3152 2864 feln, 18.5:19 cm. /Druckvermerk:/ Dieses-
1153 2842 3300 2944 Buch wurde im Jahre Eintausendneunhundert wei-
1169 2935 3136 3021 undzwanzig vom Verlag Ernst Wilhartitz in
1169 2986 3271 3095 Wien herausgegeben und in der eigenen erstalt
1150 3079 3191 3162 des Verlags in einer einmaligen Auflage von
1153 3140 3335 3265 50 römisch numerierten Exemplaren hergestellt.
1153 3226 3120 3316 Die Exemplare enthalten Original-Radierun-
1169 3297 3217 3412 gen, sind in Ganzleder gebunden und vom utor
1150 3390 2361 3515 und vom Künstler signiert.
801 3585 3265 3713 99100g.-Als hundertstes Tausend. Benjamin Harz Ver-
1153 3688 3335 3790 lag, Berlin und Wien. 127 S. 4o. /Druckvermerk:/
1141 3771 3306 3848 In Tausend numerierten Exemplaren als hundert-
1147 3848 3290 3944 stes Tausend dieses Buches für den Verlag Ben-
1153 3918 3210 4014 Jamin Harz in Berlin und Wien unter typogra-
1157 4011 3210 4091 phischer Leitung von Lazarus Goldschmiedt im
1160 4085 3223 4194 Sommer 1923 in der Offizin von W. Drugulin in
1141 4139 2086 4267 Leipzig hergestellt.
788 4331 3258 4482 99 100h. -/Neuausgabe:/ S.Fischer Verlag, Berlin,ohne
1134 4463 3060 4556 Jahr /1931/. 166 S. Gr.8°. (104. Auflage).
