4040 5544
1244 543 2334 941 FINN UED FLINDERBUSCH
2795 909 3436 1283 Kr. 160-163.
1685 909 2818 1169 October - November, 1918.
283 980 2810 1338 Deutsche Rundsch### (Walter Heynen; Journalistenkenso
1488 1303 3365 1563 December 13, 1917, pp. 569-571 (S.J.:
1161 1330 1456 1606 III.
291 1319 1055 1724 Die Schaubahne.
1122 1523 2307 1716 d.i. Siegfried Jacobs ohne
1012 1744 3558 1964 III, 37, December 15, 1917, pp. 432-43d, (M. Kehlhaus:
1012 1882 3149 2059 Der neue Schmeck. Bemerkungen zu Schnitzlers
362 1669 953 2035 Die olecke
1012 2007 1988 2220 Journalistenkomödie)
1441 2149 3495 2409 XXII, 22, August 15, 1920, Col. 1398-1400,
972 2307 3177 2570 (Albert Ludwig; Fliederbusch der Unsterbliche)
346 2295 960 2590 Das literar
386 2464 3306 2712 XXIII, 2, October 15, 1920, Col. 71-73.
2283 2590 3570 2814 1918, Cel. 202-403, (Alexan
1783 2622 2196 2783 January 2
382 2641 1704 2917 -XX, 7
1386 2724 3090 2925 der Weilen: (Fink und Fliederbusch)
374 2783 3547 3070 October 15, 1920 (7) 1921 (7), (Hans Tessmer:
1445 2948 3369 3165 Der Redakteur in der modernen Literatur)
370 3224 2374 3574 Neues Wiener Tagblatt, November 15, 1917
382 3531 1838 3861 Reichspest, November 15, 1917
398 3806 3468 4117 Senn - und Montage Zeitung, November 19, 1917 (Bernhard Neufeld)
398 4165 3102 4448 Neue Fraie Prüsse, November 15, 1917 (R.A.) Feuilleton
405 4416 2716 4838 Die Zeit, (Vien) November 15, 1917 Feuilleten
417 4739 3157 5070 Frundenblatt, November 15, 1917 (Paul Frank) Feuilleton
437 5007 3177 5341 Wiener Allem eine Zeitung. November 18, 1917 (Feuilleten)
