4056 5816
670 830 3585 1081 /Teildruck:/ DIE DUELLFORDERUNG. (aus "Freiwild“ zweiter ükt).
670 993 3515 1159 In “Die Meisterwerke der deutschen Literatur“ (von Klopstock
689 1067 3604 1248 bis zur Gegenwart). In Auszügen. Herausgegeben von G.Burghard.
670 1196 2919 1348 Edouard Cornély et Cie., Paris,1907. S.492-50l.
700 1444 3678 1626 SCHNITZLES NOVELLEN. Zusammengestellt von H.Fujimori.Verlag von
696 1526 3374 1719 Nankodo. Takgo, ohne Jahr. /Inhalt:/ Die Hirtenfläte - Der
711 1611 3444 1785 Ehrentag - Die Frau des Weisen - Andreas Thamayerst letzter
693 1778 1007 1889 Brief.
707 2015 3456 2237 KLEINE SPRUECHE. (aus "Buch der Sprüche und Bedenken"). In
748 2122 3548 2322 "Deutsch für Erwachsene“. II.Teil. Vollständig umgearbeitete
719 2237 2522 2437 Ausgabe. 83. Auflage. M.D.Berlitz, 1929.
