4033 5832
1537 620 3131 802 Medizinische Veröffentlichungen.
1003 914 1333 1060 Artikel
982 1053 3826 1157 Kritischexx der "Wiener Medizinischen Presse
1007 1136 3823 1232 Organ für praktische Aerzte. Herausgegeben und redigiert von
996 1197 3683 1336 Prof. Dr. Joh. Schnitzler. Verlag von Urban & Schwarzenberg.
1085 1311 3722 1447 Von einem zweiten Berichterstatter:)“ Von Amsterdam nach
1096 1429 3815 1515 Ymuiden". ( Ueber einen Ausflug des Internationalen medi-
1103 1501 3851 1591 zinischen Kongresses in Amsterdam ). XX. Jahrg. Nr. 38.21. Sep-
1089 1591 3844 1698 tember 1879, Spalten 1219-1221, /nicht signiert/. Das Aller-
1096 1673 3536 1795 erste von Schnitzler's Feder, das in Druck erschien.
720 1906 2511 2064 u. B. Kritische Besprechungen in der
2522 1917 3797 2064 Wiener Medizinischen Presse
1007 2038 3887 2160 Redigiert von Dr.Joh.Schnitzler. XXVII.Jahrg., 1886. Verlag von
982 2121 2046 2257 Urban & Schwarzenberg.
1179 2293 3880 2440 " Handbuch der speziellen Pathologie und Therapie für prak-
1186 2418 3833 2529 tische Berzte und Studirende.Von Dr. Hermann Eichhorst.
1168 2508 3858 2601 Zweite umgearbeitete und vermehrte Auflage. Wien und Leip-
1168 2590 3851 2712 zig 1885. Verlag von Urban & Schwarzenberg. Spalte 153-15-
1257 2662 2046 2776 Nicht signiert/.
1161 2794 3880 2981 " Grundriss der medizinischen Elektrizitätslehre für Aerzt
1161 2920 3844 3070 und Studirende“.Von Dr. Konrad Rieger, Jena 1886. Verlag
1168 3042 3278 3171 Gustav Koch. Spalte 652. / Signiert: Dr.A--r./
1154 3292 3858 3421 " Taschenbuch der medizinisch- und klinischen Plagnostik
1168 3403 3887 3518 Von Dr. Otto Seifert & Dr. Fl.Müller. Zweite Auflage. Wies
1161 3493 3830 3618 baden 1886. Bergmann Verlag. Spalten 1020-1021./Signiert:
1154 3572 1437 3701 Dr. A.
1150 3805 3708 3987 " Anatomische pathologische und klinische Studien über
1150 3916 3640 4055 Hyperplasie der Rachentonsille, sowie chirurgische Be-
1139 4002 3776 4123 handlung der Hyperplasie zur Verhütung von Erkrankungen
1150 4109 3780 4199 des Gehörorgans“. Von Dr.F.Trautmann. Berlin 1886. Ver-
1139 4177 3625 4306 lag August Hirschwald. Spalte 1341./Nicht signiert /.
1161 4482 3780 4672 " Niemeyer's Lehrbuch der speziellen Pathologie und The-
1150 4639 3815 4736 rapie mit besonderer Rücksicht auf Physiologie und patho-
1143 4725 3726 4822 logische Anatomie". Neu bearbeitet von Dr. Eugen Seitz.
1139 4790 3823 4887 Elfte veränderte und vermehrte Auflage. Berlin 1885. Ver-
1143 4872 3593 5041 lag August Hirschwald. Spalte 1410./Nicht signiert/.
