4056 5816
2283 546 2512 748 G.C.R
512 835 1997 1057 D. ENCLAND. DRAMATISCHE WERKE.
966 1246 3677 1404 1. ANATOL.  Sequence of Dialogues. Paraphrased for the
1236 1334 3634 1465 Emglish stage by Granville Karker. Sidgwick & Jack-
1229 1428 2792 1539 son, Limited, London, MMXIX 1911.
1253 1694 3637 1842 THE GREEN COCKATION. AND OTHER PLAYS. Translated into
950 1748 1179 1869 2.
1236 1792 3751 1913 English by Horace B.Samuel,proay & Hancöck, Ltd., London
1253 1855 3660 1987 and Edinburgh, 1913. /Inhalt:/ Der grüne Kakadu -Die
1236 1980 2347 2108 Gefährtin - Paracelsus.
1246 2189 3458 2361 PLuslING MITH LoVE. (Liebelei). Translated by P.
983 2290 1202 2414 /3.
1236 2340 3381 2458 Morton Shand.proy & Hanoock, Ltd., London, 1914.
1253 2670 3603 2832 PHDEES OR BERNHARDI. I comedy in five acts. Trans¬
933 2738 1206 2886 -4.
1263 2778 3698 2910 late by Hetty Landstone. Faber & Gwyer, London, ohne
1246 2889 1835 3034 Jahr /1927/.
593 3536 2569 3691 E. ENGLISCHE UEBERSETZUNG INangekreich.
1283 3846 3714 3977 COUPLES. (Reigen). Rendered from the German by Lily
940 3876 1202 4065 /1.
1293 3930 3603 4054 Wolfe and E.W.Titus. With ten engravings by Polia
1283 4034 3071 4145 Chentoff. Edward W. Titus, Paris, 1927.
