3672 4440
2948 424 3094 528 82
1328 574 3258 688 (In den Garten weisend) Sieh sie doch
1308 741 2444 843 an. Ein herrlich Paar.
1298 904 2943 988 Anselma: Wann soll die Hochzeit
1306 1063 1596 1158 sein?
1323 1180 3142 1291 Freiherr: Die Hochzeit? Die vor dem
1311 1349 3251 1439 Pfaffen, meinst du? Kommt's darauf an?
1311 1514 3181 1596 Weisst du, dass ich den Kaiser wieder
1318 1667 3157 1756 sah? Auch nach dir hat er wieder ge-
1323 1822 1625 1923 fragt.
1318 1940 2415 2054 Anselma: Fr nach mir?
1306 2098 3091 2207 Freiherr: Mach dich bereit. Crosses
1313 2265 3171 2364 steht bevor,Grösseres als du denkst.
1320 2435 3086 2517 Anselma: Ich hab's geehnt. Du genst
1320 2578 2258 2672 wieder an den Hof.
1328 2706 3132 2817 Freiherr: Gefehlt. Als (Gesandter geh.
1332 2873 3207 2968 ich nach dem Lande, mit dem wir beina.
1320 3023 2510 3123 he Krieg gehalt hätten.
1318 3137 3261 3275 Anselma: Ich geh nicht mit. Mir ist in
1320 3336 2565 3428 solcher Luft nicht wohl.
1323 3469 3212 3576 Freiherr: Du willst allein hier glei.
1320 3641 1560 3738 ben?
1797 3769 3115 3878 Nicht hier. Längst hab ich
1325 3801 1764 3898 Anselma:
3232 3876 3392 4038 re
