3291 4216
790 401 3182 671 Tit. Erre durch das Kind de Valer Hortes nach
847 611 3194 790 Une he nicht doch, -  Un about une trit dut etre tient,
787 710 2706 940 um abnest denk ich, ihm siell und
2440 856 2611 1063 le
763 910 934 1093 t
1733 856 2338 1099 un cet -
748 1054 1844 1284 dre besde liebt:-
650 1353 2919 1548 Dr Vos weis weipt dies... Aber when must do
865 1509 2596 1766 die Kinde remiliens!...
814 1671 2955 1934 Sast ut die nicht? Er lebt u wir!
632 1757 799 1913 D.
871 1874 2997 2102 Und ert frei und – vor allen für mit
916 2060 2060 2269 desp en kromt.
781 2158 3185 2392 L. Dri sont hein leurs der. M lisstelln
997 2341 2404 2584 Une heute in Feierd..
739 2524 2955 2730 (Tit. Roi ein colst. beend Frise den?).
1036 2688 2967 2925 Zu schwert?... Er aber wenn dort gelehrt
1200 2868 2173 3102 Licht in verehren..
1039 3063 3155 3305 Ihr arre vollte er wicht unterhände! -
1132 3242 2281 3425 Weil in Hühle.
1263 3371 2467 3566 son hätste bt ist u xxx
1230 3494 2251 3688 Aufbeschreiben. D. M.
1461 3616 2299 3763 En villet rien et.
1371 3745 2877 3967 der tiefsten ist er in overwirrt
1419 3862 2542 4054 Et fait de Cœlt à Rahvies
