3368 4136
494 540 808 653 Treider.
430 611 3002 805 Form ist nicht Heuchelei, Höflichkeit den Menschen
423 779 1635 956 zuliebe, die wir lieben.
420 898 2934 1154 Habe ich meiner Frau nicht jahrelang den Gläubi-
446 1086 1286 1263 gen vorg spielt?
430 1234 3024 1415 Sie hat nicht geshnt, dass ich mein Lebtag das war,
439 1360 1700 1577 was Toren Ketzer nennen.
430 1567 2527 1706 So wenig als mein Kaiser es ahnte.
436 1690 2795 1881 Wir haben Wichtigeres auf der Welt zu tun, als
439 1819 2737 2097 denen,die wir für Ketzer halten, zu erklären,
443 1978 1997 2233 dass wir frömmer sind als sie.
