3368 4056
2767 311 2889 502 42
828 482 2831 740 Der Freiherr hat einen Sekret채r, dem er
830 685 2308 868 seine Erinnerungen diktiert.
830 816 2883 961 Dieser Sekret채r hat die Philosophie des
830 976 3165 1167 Solipsismus. Er ist der einzige, der existiert,
833 1135 3069 1327 alles andere ist nur in seinem Hirn. Er er-
822 1298 3029 1437 schafft die Welt,er erschafft sie Welt. Er
830 1449 3066 1577 schafft Freunde, Frauen, Eugenden und Laster.
833 1609 2878 1789 Die ich nicht sehe sind nicht; ich rufe
828 1763 1783 1919 sie, dann sind sie.
819 1922 2503 2065 Er geht l채chelnd durch die Welt.
825 2065 1928 2253 Seine Liebe zu Lydia.
828 2198 2930 2393 Er selbst hat den Freiherrn erfunden, den
830 2367 2904 2503 Kaiser, den Krieg, der jetzt gef체hrt wird.
828 2512 2901 2718 Er und der Dichter sich ins Auge sehend.
819 2663 2834 2837 Sein Erwachen.Er erschafft den Schmerz
941 2770 2602 2895 den letzten acht einiges Fichter u Lesselau
990 2872 1948 3063 einande begepen.
