3299 4200
325 328 3068 602 Ein Ründer ernsterer Bolschaft zu erscheinen
239 520 2992 817 Annie Empfing is in, no aaie dein Genisse?
342 766 2654 1108 Wem die bis auch erschluget
2018 906 3044 1187 in aller well.
356 1115 3054 1382 Bekennt ich wich at eine Liest Gefährlich
393 1341 2876 1696 Undschlug en dich - die blige Heim
2151 1539 2828 1806 Aldicc
397 1768 3047 2021 Sie weit in dis celøste, wollt ich können.
386 1987 2904 2264 Ondres. Reis in die Mitteilden des
1648 2196 2880 2438 Au e qui fui.
407 2387 2992 2746 "Er offert selbst die Kne, in diein
2107 2603 3054 2931 Hannu
903 2729 2059 2969 erblick tritt.
961 2938 1105 3304 e
