3384 4200
2837 356 3035 522 109
1018 540 2635 718 13. Freiherr.Leonilda.Sekretär.
1021 718 2870 894 Freiherr: Was willst du? Du schaust
1031 878 1871 1034 sonderbar drein.
1021 945 3020 1197 Sekretär: Wenn Ihr mir-doch gefälligst
1018 1202 3045 1352 folgen wolltet -Fräulein,gnäd'ger Herr.
1034 1327 2141 1500 Leonilda: Was gibt’s?
1024 1441 3048 1647 Sekretär: Ich weiss noch nicht. Diesen
1024 1632 2814 1798 Augen trau ich nicht ganz. Denn Ihr
1021 1754 3058 1968 müsst wissen, die Welt ist nur in me inam
1021 1930 2231 2101 Kopf, der Andre weisses.
1034 2103 2969 2238 Freiherr: Komm zu dir, sprich vernünf-
1029 2271 1237 2378 tig.
1031 2363 3050 2534 Sekretär:Doch war's nicht klarge stellt,
1036 2534 2974 2696 ob er, ob ich - Ist sie in ihm, in mir?
1026 2699 3025 2882 Erfand ich ihn; er mich? Doch ist er’s,
1034 2870 2880 3053 der lebt und ich in seinem Hirn- so
1039 3010 2750 3190 wär auch ich nicht mehr, denn er
1031 3162 3005 3338 Freiherr: Was sprichst du da? Und von
1034 3341 1268 3509 wem?
1031 3448 3078 3649 Sekretär: Von jenem Dichter der einmal-
1039 3623 2521 3817 Leonilda: Was ist's mit ihm?
