3352 4056
2533 260 2672 457 51
527 402 2412 657 Dichter:Lasst mich die Sache ordnen.
521 605 2890 787 Freiherr: Da Ihr aber mit dem Degen ungleiche
539 741 2518 944 Gegener wäret,lieber mit Schusswaffen.
542 929 926 1029 Während
539 914 2830 1108 Sie sich dazu anstellen kommt jedes-
542 1080 2975 1274 falls durch den Sekretär die Nachricht,dass die
542 1201 2839 1419 Feinseligkeiten an der Grenze eröffnet sind.
554 1428 2881 1565 Freiherr: So bin ich also doch zu spät gekom-
554 1625 790 1764 neu?
554 1689 2288 1864 Der Zweikampf findet nicht statt,
557 1858 2957 2031 Freiherr: Ihr dürft nicht, denn Euer Leben ge¬
572 2037 1471 2206 hört nicht Euch.
605 2152 2860 2336 (Ueberdies steht nach den Gesetzen auf Zwei-
578 2336 1356 2506 kampf der Tod).
569 2475 1480 2672 Der Dichter geht.
578 2593 2527 2787 Freiherr und Leonilda bleiben zurück.
578 2708 2932 2990 Der Freiherr will wieder in die Residenz fah-
590 2996 814 3108 ren.
593 3063 2951 3244 Nun da die Sache nun einmal im Gange ist soll
590 3232 2488 3395 sie mit ganzer Kraft geführt werden.
611 3377 2342 3565 Leonilda wird hier zurückbleiben.
