3275 4216
141 261 2635 645 Vos løvres -! Uns wem nach bestimmt er fol
192 456 2745 830 Ich Stätde w rasch-an Er de aller Tage
295 758 2573 968 für xxx zich sollte nächst die
316 913 2772 1235 (Je twis un gecle finhier candelst était,
213 1108 2855 1472 trara. Ni eine dei - die erst' in letzte sei.
350 1342 1791 1575 Paul th wit wis r Hof¬
185 1489 480 1791 11.
1194 1510 2368 1757 We all it don't.
189 1788 2234 1970 to her Vater schrieb Eichsoft
206 2011 498 2175 xx
1537 1987 3047 2313 leichtend, dem Veln
230 2206 2989 2563 Hil neben dah verschlafe. Wirft
1801 2419 2769 2656 Sieben dabei.
244 2549 1125 2807 Sirdaben -fo
1156 2608 3109 2978 ist auf den Tag - weise das nicht:
998 2738 1520 2910 dret, u
288 2820 2917 3081 Nepidt (wil Røm - Hof - à H.ctgstift
226 2989 2882 3253 fo. deffertal. ist unend ar dee heute avit
220 3157 2652 3500 Sie sei in Schlesien ude Hatter notre
