3384 4184
231 311 704 517 25 1/11.1915
2665 341 2804 527 99
965 619 2280 753 Freiherr: Ihr seid toll.
962 791 2837 960 Konrad: Wir aber sind die Herren un-
962 952 2956 1124 seres Schicksals und vielleicht braucht
955 1049 2772 1283 dieser Sommer nicht hinzuschwinden,
947 1261 2168 1375 so bin vielleicht ich
950 1402 2364 1527 Feeiherr: Ein Hochverräter!
950 1544 2688 1725 Konrad: Je nachdem ob es gelingt.
955 1678 2643 1899 Freiherr: Undwenn's gelingt, und
950 1827 2879 2031 wärt Ihr Fürst -dies ist Leonilda,des
947 2036 2879 2193 Freiherrn von Maienau Tochter und wie
935 2156 2740 2335 Euch wohl bekannt, von ebenso edlem
932 2310 2238 2516 Blut und edlerem selbst —
935 2451 2765 2658 Konrad: Mag sein. Ich zweiflenicht.
990 2606 2556 2777 Aber davon ist nicht die Rede,
950 2785 2869 2929 Freiherr: Lasst mich glauben, dass Ihr
1064 2879 1537 2991 toll gens de
947 2941 1666 3113 verwirrt seid.
940 3088 2332 3279 Konrad: Vielleicht zu klar.
932 3222 2819 3409 Freiherr: So seid es auch in Worten.
937 3399 2330 3508 Konrad: Ich denk, ich bin’s.
932 3545 2882 3747 Freiherr: Nicht ganz. Sonst müsst ich
937 3714 2240 3856 nicht noch weiter fragen.
