<?xml version="1.0" encoding="UTF-8" standalone="yes"?>
<PcGts xmlns="http://schema.primaresearch.org/PAGE/gts/pagecontent/2013-07-15" xmlns:xsi="http://www.w3.org/2001/XMLSchema-instance" xsi:schemaLocation="http://schema.primaresearch.org/PAGE/gts/pagecontent/2013-07-15 http://schema.primaresearch.org/PAGE/gts/pagecontent/2013-07-15/pagecontent.xsd">
    <Metadata>
        <Creator>prov=READ-COOP:name=TrHtr:version=2.1.0:model_id=51170:date=30_07_2023_00:03</Creator>
        <Created>2023-05-10T13:22:06.581+02:00</Created>
        <LastChange>2023-07-30T00:03:39.331+02:00</LastChange>
        <TranskribusMetadata docId="1428574" pageId="55411730" pageNr="147" tsid="131471003" status="IN_PROGRESS" userId="64420" imgUrl="https://files.transkribus.eu/Get?id=ZFMARPDKBJMPMSRNCGGBVYEO&amp;fileType=view" xmlUrl="https://files.transkribus.eu/Get?id=NFFZVQVCEQWPPTIVXWVCPRPG" imageId="44685873"/>
    </Metadata>
    <Page imageFilename="1428574_0147.jpg" imageWidth="3384" imageHeight="4072">
        <ReadingOrder>
            <OrderedGroup id="ro_1711792263742" caption="Regions reading order">
                <RegionRefIndexed index="0" regionRef="tr_1"/>
            </OrderedGroup>
        </ReadingOrder>
        <TextRegion id="tr_1" custom="readingOrder {index:0;}">
            <Coords points="617,505 3030,505 3030,3141 617,3141"/>
            <TextLine id="tr_1_tl_1" custom="readingOrder {index:0;}">
                <Coords points="2092,644 2217,638 2274,665 2330,647 2393,673 2461,632 2497,641 2494,468 2464,471 2417,444 2342,447 2318,471 2181,453 2137,474 2086,453"/>
                <Baseline points="2104,558 2149,555 2194,558 2239,561 2283,564 2328,564 2373,567 2418,564 2462,564 2504,573"/>
                <TextEquiv>
                    <Unicode>ad S 35</Unicode>
                </TextEquiv>
            </TextLine>
            <TextLine id="tr_1_tl_2" custom="readingOrder {index:1;}">
                <Coords points="650,724 918,697 1034,742 1198,682 1809,712 1806,557 1618,569 1490,519 1216,596 1013,527 936,572 647,596"/>
                <Baseline points="665,662 710,662 755,665 800,665 844,665 889,668 934,671 979,671 1023,671 1068,677 1113,674 1158,677 1203,674 1247,677 1292,677 1337,680 1382,683 1426,686 1471,689 1516,689 1561,686 1606,689 1650,689 1695,689 1740,692 1785,695 1815,695"/>
                <TextEquiv>
                    <Unicode>Leonilda: Dein Freund?</Unicode>
                </TextEquiv>
            </TextLine>
            <TextLine id="tr_1_tl_3" custom="readingOrder {index:2;}">
                <Coords points="697,837 2980,900 2977,781 2616,668 1362,694 1171,781 694,721"/>
                <Baseline points="713,806 758,812 803,814 847,817 892,817 937,820 982,820 1026,820 1071,823 1116,826 1161,829 1206,829 1250,829 1295,832 1340,832 1385,835 1429,835 1474,835 1519,838 1564,838 1609,838 1653,841 1698,844 1743,841 1788,844 1832,847 1877,850 1922,850 1967,853 2012,853 2056,856 2101,859 2146,862 2191,862 2236,865 2280,865 2325,865 2370,868 2415,868 2459,868 2504,868 2549,871 2594,874 2639,874 2683,874 2728,877 2773,877 2818,877 2862,880 2907,880 2952,880 2988,880"/>
                <TextEquiv>
                    <Unicode>ich freu mich um deinetwillen,dass er kommtt</Unicode>
                </TextEquiv>
            </TextLine>
            <TextLine id="tr_1_tl_4" custom="readingOrder {index:3;}">
                <Coords points="682,992 885,1004 963,974 1052,1031 1210,989 1436,1025 1535,989 1636,1007 1630,849 1573,840 1430,876 1371,843 1213,873 1040,840 834,915 679,885"/>
                <Baseline points="698,961 743,961 788,961 832,964 877,964 922,967 967,967 1012,970 1056,973 1101,973 1146,976 1191,976 1235,979 1280,982 1325,982 1370,982 1415,982 1459,985 1504,985 1549,991 1594,994 1638,997 1644,997"/>
                <TextEquiv>
                    <Unicode>Du bist so allein.</Unicode>
                </TextEquiv>
            </TextLine>
            <TextLine id="tr_1_tl_5" custom="readingOrder {index:4;}">
                <Coords points="691,1135 3025,1177 2941,1046 2575,995 2345,1073 2029,986 685,974"/>
                <Baseline points="704,1089 749,1089 794,1089 838,1089 883,1089 928,1089 973,1092 1018,1095 1062,1098 1107,1098 1152,1101 1197,1104 1241,1104 1286,1104 1331,1107 1376,1107 1421,1110 1465,1110 1510,1113 1555,1116 1600,1116 1644,1119 1689,1119 1734,1116 1779,1116 1824,1119 1868,1122 1913,1122 1958,1122 2003,1125 2047,1125 2092,1125 2137,1125 2182,1128 2227,1131 2271,1131 2316,1131 2361,1134 2406,1137 2450,1137 2495,1137 2540,1140 2585,1143 2630,1146 2674,1146 2719,1143 2764,1146 2809,1146 2853,1146 2898,1149 2943,1149 2988,1152 3030,1155"/>
                <TextEquiv>
                    <Unicode>Sehust dich gewiss dich einmal auszusprechen.</Unicode>
                </TextEquiv>
            </TextLine>
            <TextLine id="tr_1_tl_6" custom="readingOrder {index:5;}">
                <Coords points="682,1249 1100,1311 1231,1261 2658,1308 2655,1195 2423,1144 679,1177"/>
                <Baseline points="698,1235 743,1235 788,1235 832,1235 877,1238 922,1238 967,1241 1012,1241 1056,1244 1101,1247 1146,1247 1191,1250 1235,1250 1280,1250 1325,1253 1370,1253 1415,1253 1459,1256 1504,1256 1549,1259 1594,1259 1638,1259 1683,1259 1728,1259 1773,1262 1818,1262 1862,1265 1907,1265 1952,1268 1997,1268 2041,1268 2086,1271 2131,1271 2176,1274 2221,1274 2265,1277 2310,1280 2355,1280 2400,1280 2444,1283 2489,1283 2534,1286 2579,1286 2624,1292 2665,1298"/>
                <TextEquiv>
                    <Unicode>Ich weiss, er war dein einziger Freund.</Unicode>
                </TextEquiv>
            </TextLine>
            <TextLine id="tr_1_tl_7" custom="readingOrder {index:6;}">
                <Coords points="682,1413 2396,1469 2393,1317 2146,1362 1570,1356 1258,1281 679,1311"/>
                <Baseline points="698,1394 743,1388 788,1388 832,1391 877,1391 922,1391 967,1391 1012,1394 1056,1394 1101,1400 1146,1400 1191,1403 1235,1403 1280,1406 1325,1406 1370,1403 1415,1403 1459,1406 1504,1406 1549,1409 1594,1409 1638,1409 1683,1412 1728,1412 1773,1415 1818,1415 1862,1415 1907,1415 1952,1418 1997,1418 2041,1421 2086,1424 2131,1424 2176,1424 2221,1426 2265,1426 2310,1429 2355,1432 2400,1438"/>
                <TextEquiv>
                    <Unicode>Ich bin froh, dass er wiederkommt.</Unicode>
                </TextEquiv>
            </TextLine>
            <TextLine id="tr_1_tl_8" custom="readingOrder {index:7;}">
                <Coords points="1484,1490 1499,1490 1514,1478 1529,1493 1538,1484 1573,1490 1600,1478 1609,1487 1648,1487 1645,1433 1606,1433 1585,1454 1553,1448 1544,1439 1529,1448 1520,1439 1481,1439"/>
                <Baseline points="1501,1474 1546,1477 1591,1477 1635,1480 1656,1480"/>
                <TextEquiv>
                    <Unicode>n</Unicode>
                </TextEquiv>
            </TextLine>
            <TextLine id="tr_1_tl_9" custom="readingOrder {index:8;}">
                <Coords points="665,1636 1353,1562 2807,1612 2804,1511 2077,1448 662,1448"/>
                <Baseline points="677,1537 722,1540 767,1537 812,1537 856,1543 901,1543 946,1546 991,1546 1035,1549 1080,1546 1125,1549 1170,1558 1215,1555 1259,1555 1304,1552 1349,1555 1394,1555 1438,1558 1483,1558 1528,1561 1573,1561 1618,1564 1662,1564 1707,1564 1752,1567 1797,1570 1841,1570 1886,1570 1931,1573 1976,1573 2021,1576 2065,1576 2110,1579 2155,1579 2200,1579 2244,1579 2289,1582 2334,1585 2379,1585 2424,1588 2468,1585 2513,1585 2558,1588 2603,1588 2647,1591 2692,1591 2737,1594 2782,1597 2815,1603"/>
                <TextEquiv>
                    <Unicode>Freiherr: (Freund?) Was soll er mir nützen?</Unicode>
                </TextEquiv>
            </TextLine>
            <TextLine id="tr_1_tl_10" custom="readingOrder {index:9;}">
                <Coords points="670,1782 1776,1719 2897,1785 2828,1624 2596,1675 1457,1570 668,1633"/>
                <Baseline points="683,1692 728,1692 773,1692 817,1695 862,1695 907,1698 952,1701 997,1704 1041,1704 1086,1704 1131,1707 1176,1707 1221,1707 1265,1707 1310,1710 1355,1710 1400,1710 1444,1713 1489,1713 1534,1716 1579,1716 1624,1716 1668,1716 1713,1716 1758,1719 1803,1722 1847,1722 1892,1725 1937,1728 1982,1728 2027,1728 2071,1728 2116,1731 2161,1731 2206,1734 2250,1734 2295,1734 2340,1737 2385,1737 2430,1740 2474,1740 2519,1743 2564,1743 2609,1746 2653,1746 2698,1746 2743,1746 2788,1749 2833,1749 2877,1749 2904,1752"/>
                <TextEquiv>
                    <Unicode>Leonilda: Dich retten vor der Unendlichkeit</Unicode>
                </TextEquiv>
            </TextLine>
            <TextLine id="tr_1_tl_11" custom="readingOrder {index:10;}">
                <Coords points="656,1871 2372,1937 2366,1788 2280,1767 653,1782"/>
                <Baseline points="671,1850 716,1844 761,1847 806,1847 850,1850 895,1850 940,1853 985,1853 1029,1856 1074,1859 1119,1859 1164,1862 1209,1862 1253,1862 1298,1862 1343,1862 1388,1865 1432,1865 1477,1868 1522,1871 1567,1871 1612,1874 1656,1874 1701,1871 1746,1871 1791,1874 1835,1874 1880,1877 1925,1880 1970,1880 2015,1883 2059,1883 2104,1883 2149,1883 2194,1886 2239,1886 2283,1889 2328,1892 2373,1895 2376,1895"/>
                <TextEquiv>
                    <Unicode>der Welt. Er fasst sie in Rahmen.</Unicode>
                </TextEquiv>
            </TextLine>
            <TextLine id="tr_1_tl_12" custom="readingOrder {index:11;}">
                <Coords points="644,2023 2307,2080 2304,1931 641,1934"/>
                <Baseline points="659,1994 704,1994 749,1994 794,1997 838,2000 883,2003 928,2003 973,2006 1018,2006 1062,2009 1107,2012 1152,2012 1197,2015 1241,2015 1286,2015 1331,2015 1376,2015 1421,2018 1465,2021 1510,2024 1555,2024 1600,2024 1644,2024 1689,2024 1734,2027 1779,2027 1824,2030 1868,2030 1913,2033 1958,2033 2003,2036 2047,2036 2092,2038 2137,2038 2182,2041 2227,2047 2271,2050 2313,2053"/>
                <TextEquiv>
                    <Unicode>Freiherr: Rahmen schon ist Lüge.</Unicode>
                </TextEquiv>
            </TextLine>
            <TextLine id="tr_1_tl_13" custom="readingOrder {index:12;}">
                <Coords points="602,2205 1645,2178 2765,2292 2992,2232 2989,2160 2563,2065 599,2053"/>
                <Baseline points="617,2149 662,2149 707,2149 752,2155 797,2155 841,2158 886,2155 931,2155 976,2155 1020,2158 1065,2158 1110,2164 1155,2161 1200,2161 1244,2164 1289,2167 1334,2170 1379,2173 1424,2173 1468,2173 1513,2173 1558,2176 1603,2176 1647,2179 1692,2179 1737,2182 1782,2182 1827,2185 1871,2185 1916,2185 1961,2188 2006,2191 2050,2191 2095,2191 2140,2191 2185,2194 2230,2194 2274,2194 2319,2197 2364,2197 2409,2200 2453,2200 2498,2203 2543,2203 2588,2206 2633,2209 2677,2215 2722,2215 2767,2215 2812,2218 2856,2221 2901,2221 2946,2221 2991,2227 3000,2227"/>
                <TextEquiv>
                    <Unicode>Leonilda: Gibts Höheres als aufbewahren,was ge-</Unicode>
                </TextEquiv>
            </TextLine>
            <TextLine id="tr_1_tl_14" custom="readingOrder {index:13;}">
                <Coords points="632,2321 2047,2372 2014,2235 1594,2247 1275,2193 733,2196 629,2241"/>
                <Baseline points="647,2307 692,2304 737,2304 782,2307 826,2307 871,2310 916,2310 961,2310 1006,2316 1050,2316 1095,2316 1140,2313 1185,2316 1229,2319 1274,2319 1319,2319 1364,2322 1409,2325 1453,2325 1498,2328 1543,2331 1588,2334 1632,2334 1677,2334 1722,2334 1767,2334 1812,2334 1856,2337 1901,2337 1946,2337 1991,2340 2036,2343 2053,2346"/>
                <TextEquiv>
                    <Unicode>schehen (für die Ewigkeit)?</Unicode>
                </TextEquiv>
            </TextLine>
            <TextLine id="tr_1_tl_15" custom="readingOrder {index:14;}">
                <Coords points="659,2509 2971,2533 2929,2408 2736,2464 1913,2366 656,2366"/>
                <Baseline points="674,2462 719,2459 764,2459 809,2462 853,2465 898,2462 943,2465 988,2465 1032,2465 1077,2468 1122,2468 1167,2471 1212,2471 1256,2471 1301,2474 1346,2474 1391,2477 1435,2477 1480,2480 1525,2483 1570,2486 1615,2486 1659,2486 1704,2486 1749,2489 1794,2486 1838,2486 1883,2486 1928,2489 1973,2495 2018,2495 2062,2495 2107,2498 2152,2504 2197,2504 2241,2504 2286,2504 2331,2507 2376,2510 2421,2510 2465,2510 2510,2510 2555,2513 2600,2516 2645,2516 2689,2519 2734,2519 2779,2519 2824,2519 2868,2522 2913,2522 2958,2525 2979,2522"/>
                <TextEquiv>
                    <Unicode>Freiherr: Höheres ist die vat,wenn man zu ihr</Unicode>
                </TextEquiv>
            </TextLine>
            <TextLine id="tr_1_tl_16" custom="readingOrder {index:15;}">
                <Coords points="629,2616 966,2676 1216,2625 1436,2649 1433,2533 1380,2521 1246,2551 769,2512 626,2560"/>
                <Baseline points="644,2612 689,2612 734,2615 779,2618 823,2618 868,2621 913,2621 958,2621 1003,2621 1047,2621 1092,2621 1137,2624 1182,2624 1226,2627 1271,2627 1316,2630 1361,2633 1406,2639 1444,2642"/>
                <TextEquiv>
                    <Unicode>zugelasen wird.</Unicode>
                </TextEquiv>
            </TextLine>
            <TextLine id="tr_1_tl_17" custom="readingOrder {index:16;}">
                <Coords points="638,2804 2983,2846 2891,2718 1693,2616 635,2685"/>
                <Baseline points="650,2764 695,2764 740,2767 785,2770 829,2773 874,2773 919,2773 964,2773 1009,2773 1053,2776 1098,2776 1143,2779 1188,2776 1232,2779 1277,2782 1322,2785 1367,2788 1412,2788 1456,2791 1501,2791 1546,2791 1591,2794 1635,2794 1680,2794 1725,2797 1770,2797 1815,2800 1859,2800 1904,2803 1949,2806 1994,2803 2038,2806 2083,2806 2128,2806 2173,2809 2218,2815 2262,2815 2307,2818 2352,2818 2397,2818 2442,2821 2486,2824 2531,2824 2576,2821 2621,2821 2665,2824 2710,2827 2755,2824 2800,2827 2845,2827 2889,2827 2934,2827 2979,2827 2991,2827"/>
                <TextEquiv>
                    <Unicode>Leonilda: Für dich erwart ich ihn,er ist dein</Unicode>
                </TextEquiv>
            </TextLine>
            <TextLine id="tr_1_tl_18" custom="readingOrder {index:17;}">
                <Coords points="629,3016 679,3013 721,2986 754,2992 822,2950 897,2983 912,2962 998,2971 989,2831 933,2834 918,2819 870,2846 846,2828 775,2840 745,2816 697,2843 620,2840"/>
                <Baseline points="638,2910 683,2913 728,2913 773,2916 817,2919 862,2922 907,2922 952,2925 997,2928 1000,2928"/>
                <TextEquiv>
                    <Unicode>Freund.</Unicode>
                </TextEquiv>
            </TextLine>
            <TextLine id="tr_1_tl_19" custom="readingOrder {index:18;}">
                <Coords points="870,3099 2661,3183 2658,3078 2283,3004 1913,3069 1335,2944 867,2989"/>
                <Baseline points="886,3089 931,3086 976,3086 1020,3086 1065,3086 1110,3089 1155,3089 1200,3092 1244,3092 1289,3095 1334,3098 1379,3101 1424,3101 1468,3104 1513,3104 1558,3104 1603,3104 1647,3107 1692,3107 1737,3107 1782,3110 1827,3113 1871,3113 1916,3116 1961,3116 2006,3116 2050,3116 2095,3116 2140,3119 2185,3116 2230,3116 2274,3116 2319,3119 2364,3122 2409,3125 2453,3125 2498,3125 2543,3128 2588,3125 2633,3128 2668,3131"/>
                <TextEquiv>
                    <Unicode>trauie precht dich die dich – Weil auchit in den</Unicode>
                </TextEquiv>
            </TextLine>
        </TextRegion>
    </Page>
</PcGts>
