3400 4184
2636 380 2819 511 101
917 498 2775 676 Güte und Liebe. Aber war von Heirat
920 713 2106 858 zwischen uns die Rede?
947 814 2738 994 Leonilda: Lasst ihn gehn Vater.Ich
925 1026 2863 1194 hab kein pecht an ihn,so wenig wie er
925 1125 2905 1315 an mich. Ich will ihn nicht. Für's Leben
927 1302 2878 1462 hab ich niemals ihn gewollt.. und wer¬
937 1423 2770 1625 de niemanden fürs Leben wollen. (Zur
932 1608 2703 1778 Treue bin ich wohl nicht geboren.
937 1739 2631 1929 Lasst ihn gehen, Vater. 21 je
952 1934 2886 2099 Konrad: Ich gehe, doch nicht als einer
940 2082 2728 2222 dem man seine Freiheit schenkt.Sie
954 2225 2624 2382 gehört mir, hat mir immer gehört.
947 2353 2905 2575 Sylvester: Doch geht Ihr als ein Bube.
940 2518 2126 2728 Konrad: Wer sprach da?
952 2656 2918 2918 Sylvester: Sylvester Klang - ein Bube,
962 2829 2678 3011 wenn Ihr es nochmals hören wollt.
952 2972 2903 3125 Konrad: Nun,wenn es sein muss,so viel
950 3107 2777 3322 Zeit hab ich wohl noch, um mit Euch
974 3300 2271 3455 Leonilda: Ich verbiet es.
964 3492 2723 3598 Freiherr: In diesem Hause nicht.
964 3586 1966 3781 Leonilda: Virgends.
