3352 4072
2772 350 2904 612 31
1425 491 2645 686 Zur näheren Ausführung.
751 677 2842 864 Zum zweiten Akt.Seite 15. Lydia, Dichter.
756 793 2684 1005 Dichter: Nun also heisst es scheiden.
785 954 1871 1140 Lydia: Warum so bald?
754 1118 2986 1327 Dichter: Nur auf einen Tag war mein Aufent-
745 1256 1513 1454 haltberechnet?
754 1423 2326 1600 Lydia: Seid Ihr so pedantisch?
737 1578 2458 1767 Dichter: Ich muss fort,Pflichten.
751 1716 2933 1922 Lydia: Wer weiss ob sie so streng sind,als
734 1902 2924 2052 Ihr sie glaubt. Lächelt nicht. Ich bin nicht
723 2060 2817 2252 gar so jung.Ich weiss gar viel. Ich kenne
720 2216 2492 2368 Euere Werke, so kenn ich das Leben.
720 2345 2168 2520 Dichter: Was für ein Irrtum.
734 2515 2684 2653 Lydia: Immerhin,habt Vertrauen zu mir.
708 2628 2729 2803 Sprecht Euch aus wie zu einer Freundin.
706 2794 2814 2992 Dichter: Meine Geliebte, die Sängerin, sie
711 2950 1646 3125 erwartet ein Kind.
686 3082 2780 3277 Ich habe es gegen meinen Willen erzählt,
697 3266 2520 3449 aber mir ist, als hätt ichs müssen.
694 3432 2964 3649 Nun erst im weiteren Gespräch zeigt es sich,
686 3573 2766 3751 dass Lydia den Dichter zurückhalten will
