3299 4232
623 291 1905 649 M. Thutmeau -
581 478 3129 807 Nachdem wenn Rad in schule Stimmacht
607 739 2974 1049 Ein Bitte Bad jeunier, sich sodann
584 952 3064 1217 durch hrebe in Brein vor Erhältung erahalt.
591 1124 2890 1421 S.ch endlich für einlverliche bürgestrecht
662 1366 3071 1601 drieoeile pai -, so dans en cetteit est
2418 1530 2822 1672 wieder
613 1614 3213 1931 Mein Kluges Bied. Hlupft in wis Nachtglnand
655 1798 3151 2170 Und schreibt zu was der bey - den es gebenen
620 2005 1869 2218 Wie - recht ertrecht:
1321 2157 2815 2467 Gensp -i. &c. that die wertel
491 2160 756 2493 Ao
704 2354 3142 2625 In diess tnt, - so gibt in her henlandly
710 2554 1837 2793 Rein R. Crelmeli.
1262 2699 2893 2970 Hoch hattst di ne gerehr
649 2867 3113 3187 tere this one man, we are inpte
2560 3061 2964 3238 -ned
639 3258 3022 3574 We will bee out in diesen morrenha
562 3494 3113 3887 Un trifak hunher. dep. de Gott ne
2761 3803 2987 3991 7th
