3291 4168
192 210 2801 623 (tudm.) Mir aus de ram. Brug wieder
2182 462 2948 794 1 eiderflav
1116 584 2046 920 (kommt ab.)
143 815 2847 1161 Nost indeber erfruchtet nicht zugleich
199 1060 2686 1378 treshenjeurile. Nie n'est et geloi est
1416 1266 2119 1451 es ist liebge
210 1305 2756 1602 me Arbeit. und fast zweif ich Sekler
1458 1507 1689 1598 my
168 1504 2329 1773 Ob Eure Tode heute flut jeune
623 1700 2214 1864 Ob Eine Teil bleibt ist ich mir trist
115 1773 2927 1976 (Dem Eilsbritt meiner Worte nachsijagen.)
689 1927 2301 2214 (Le Nédite beurite)
836 2144 2620 2501 mit der welchen zweige
189 2459 2396 2753 Tres Gergibt l.a. hwil the de.
1626 2679 2990 3036 Verwelkte zweige mods
224 2679 706 2997 umlau
315 2959 3022 3326 pre jostus deme fast uusføvres wllten
322 3281 2739 3550 Mit früher so befahl es bemeldes
297 3445 3029 3879 hard eben Trefft und Gemäß geschmiet.
