3320 4216
2752 441 2907 574 112
882 591 2023 739 14. Sekretär. Freiherr.
877 764 2772 885 Sekretär: Nun, was denkt Ihr,gnäd'ger
1135 865 2789 1055 War ich's? Dies wäre sonderbar.
885 950 1075 1058 Herr
885 1030 2000 1185 Wenn alles nur in mir
885 1195 2283 1343 Freiherr: Komm zu dir. Narr.
885 1333 2779 1534 Sekretär: Ein Narr. Hrn. Und doch der
885 1494 2835 1652 einzige. Ja, das erklärte viel. Die Welt
885 1639 2769 1804 muss wohl ein närrisch Ansehn haben,
897 1797 2910 1942 wenn ein Narr sie schuf. Es ist der Mühe
895 1950 2363 2153 wert darnach zu sinnen.
1075 2093 2223 2261 Nun die schal nicht ich
