3352 4216
662 100 2249 263 U.c.estil ou gebat. d fehl
306 200 2719 459 Und sat me dintre Hart al Rilendiau
313 353 2542 622 Uitlungheit als Kläger Verbedacht.
389 532 2835 858 Scher achteit u fieh; - nur seiner so an¬
1940 722 2622 922 velfler & stills
326 742 2506 1038 Sil et ferettligkeit geberück
336 952 2905 1185 Nov iag die Weltel. Um tenliebspre
789 1098 1088 1181 not,
576 1121 1910 1258 V. m cochen la delu au bien
373 1165 2669 1454 Von seine Sippen hebrijch werden für den
416 1378 3095 1617 Ce leipte au seinen lieb verlangnen Bl. A.
569 1537 1025 1700 not pasiger
496 1561 2805 1857 Ausfrait verhaupten Blickes heiße an
576 1747 3051 2020 Ein kann begniogner Ehel wir entgegen.
732 1910 2602 2110 So halt id & erkom (1. Anasten... der
609 1987 3005 2256 so sich ich - konnte ite;- und cciditui
186 2193 1125 2359 (aapbloit intyluant)
2419 2203 2725 2339 voir
619 2266 3008 2579 Nie zugelten und sein Herren bei Zschl
659 2482 3068 2709 tort er, je weck mais lune ils durchdron
685 2682 2868 2965 Als hätteiten Scheinweiter unterz. aus.
829 2912 2556 3115 (Bert ei- at hatt ich leichisch
922 3015 3068 3304 ern Scheinners aber unter andt – ein Spoll
785 3301 3081 3594 So kehrt er trotzes kalt sich um eine
2808 3530 3021 3713 an
