3432 4136
656 505 2857 681 Dichter: Der Weiher warf mir mein Bild zu-
656 690 2900 850 rück. Der Himmel auch, dies aber sah nur ich.
656 858 2754 1041 So stand ich zwischen Zeit und Ewigkeit.
1762 1006 2287 1172 in d der Baï, 14
656 1115 2706 1277 Und wenn’s die Blume nicht und wenn es
661 1269 2806 1474 nicht das Unkraut weiss,du Erde weisst's,
661 1409 1873 1639 dass ich zu dir gehöre.
661 1731 2700 1905 Du Erde weisst's, ihr Wiesen,Wälder ihr.
650 2022 2940 2195 Er war nicht verbannt, aber er verkannte sich
650 2238 1086 2441 selbst.
