<?xml version="1.0" encoding="UTF-8" standalone="yes"?>
<PcGts xmlns="http://schema.primaresearch.org/PAGE/gts/pagecontent/2013-07-15" xmlns:xsi="http://www.w3.org/2001/XMLSchema-instance" xsi:schemaLocation="http://schema.primaresearch.org/PAGE/gts/pagecontent/2013-07-15 http://schema.primaresearch.org/PAGE/gts/pagecontent/2013-07-15/pagecontent.xsd">
    <Metadata>
        <Creator>prov=READ-COOP:name=TrHtr:version=2.1.0:model_id=51170:date=30_07_2023_00:04</Creator>
        <Created>2023-05-10T13:22:08.634+02:00</Created>
        <LastChange>2023-07-30T00:04:07.183+02:00</LastChange>
        <TranskribusMetadata docId="1428574" pageId="55411810" pageNr="160" tsid="131471030" status="IN_PROGRESS" userId="64420" imgUrl="https://files.transkribus.eu/Get?id=EPOWURYSYDGYZEOBWGODHJMU&amp;fileType=view" xmlUrl="https://files.transkribus.eu/Get?id=EWQNVJUIDEJHDDUSILEKUARV" imageId="44685953"/>
    </Metadata>
    <Page imageFilename="1428574_0160.jpg" imageWidth="3352" imageHeight="4056">
        <ReadingOrder>
            <OrderedGroup id="ro_1711792274967" caption="Regions reading order">
                <RegionRefIndexed index="0" regionRef="tr_1"/>
                <RegionRefIndexed index="1" regionRef="tr_2"/>
            </OrderedGroup>
        </ReadingOrder>
        <TextRegion id="tr_1" custom="readingOrder {index:0;}">
            <Coords points="731,469 2996,469 2996,1618 731,1618"/>
            <TextLine id="tr_1_tl_1" custom="readingOrder {index:0;}">
                <Coords points="2643,566 2668,564 2680,550 2694,558 2711,558 2748,530 2765,533 2765,408 2750,408 2728,388 2702,391 2694,382 2685,382 2668,394 2660,385 2637,382"/>
                <Baseline points="2656,522 2701,519 2745,522 2772,522"/>
                <TextEquiv>
                    <Unicode>43</Unicode>
                </TextEquiv>
            </TextLine>
            <TextLine id="tr_1_tl_2" custom="readingOrder {index:1;}">
                <Coords points="717,736 2490,714 2490,586 2269,544 1920,617 717,600"/>
                <Baseline points="731,686 752,689 796,689 841,689 886,689 931,689 975,689 1020,689 1065,686 1110,686 1155,686 1199,686 1244,686 1289,686 1334,686 1378,686 1423,683 1468,683 1513,683 1557,686 1602,686 1647,686 1692,683 1737,683 1781,680 1826,680 1871,683 1916,680 1960,680 2005,677 2050,677 2095,677 2139,677 2184,677 2229,677 2274,677 2318,677 2363,677 2408,677 2453,680 2498,677"/>
                <TextEquiv>
                    <Unicode>Der Freiherr verachtet die Frauen.</Unicode>
                </TextEquiv>
            </TextLine>
            <TextLine id="tr_1_tl_3" custom="readingOrder {index:2;}">
                <Coords points="736,881 1008,935 1289,858 1428,921 1997,841 2637,898 2816,855 2818,748 1867,700 1733,770 739,787"/>
                <Baseline points="755,841 764,844 808,844 853,844 898,844 943,844 987,844 1032,841 1077,841 1122,841 1166,841 1211,838 1256,838 1301,838 1346,838 1390,841 1435,841 1480,841 1525,841 1569,841 1614,838 1659,838 1704,841 1748,838 1793,838 1838,838 1883,838 1928,838 1972,835 2017,832 2062,832 2107,832 2151,832 2196,832 2241,832 2286,832 2330,832 2375,832 2420,832 2465,832 2510,832 2554,829 2599,829 2644,829 2689,826 2733,826 2778,826 2823,829"/>
                <TextEquiv>
                    <Unicode>In gewissem Sinn auch seine Tochter. Oder</Unicode>
                </TextEquiv>
            </TextLine>
            <TextLine id="tr_1_tl_4" custom="readingOrder {index:3;}">
                <Coords points="731,1034 1003,1054 1074,1017 1243,1048 1442,1000 1677,1014 1680,875 1243,932 1076,895 884,963 824,918 734,918"/>
                <Baseline points="746,999 784,996 829,999 874,1002 919,999 964,999 1008,996 1053,996 1098,993 1143,993 1187,993 1232,993 1277,993 1322,993 1366,993 1411,996 1456,999 1501,996 1545,990 1590,993 1635,990 1680,993"/>
                <TextEquiv>
                    <Unicode>er glaubt es.</Unicode>
                </TextEquiv>
            </TextLine>
            <TextLine id="tr_1_tl_5" custom="readingOrder {index:4;}">
                <Coords points="717,1192 2841,1161 2841,1079 2563,1014 2351,1088 1654,1006 719,1071"/>
                <Baseline points="734,1155 743,1155 787,1149 832,1152 877,1152 922,1152 966,1149 1011,1149 1056,1149 1101,1149 1146,1149 1190,1149 1235,1149 1280,1146 1325,1146 1369,1149 1414,1146 1459,1146 1504,1143 1548,1143 1593,1143 1638,1143 1683,1143 1728,1146 1772,1143 1817,1143 1862,1140 1907,1140 1951,1140 1996,1140 2041,1137 2086,1137 2130,1137 2175,1137 2220,1137 2265,1137 2310,1140 2354,1140 2399,1137 2444,1137 2489,1140 2533,1137 2578,1137 2623,1134 2668,1137 2712,1137 2757,1134 2802,1137 2847,1143"/>
                <TextEquiv>
                    <Unicode>Sie war durch viele Jahre nicht zu Hause</Unicode>
                </TextEquiv>
            </TextLine>
            <TextLine id="tr_1_tl_6" custom="readingOrder {index:5;}">
                <Coords points="734,1374 1878,1365 2045,1303 2824,1345 2872,1178 734,1238"/>
                <Baseline points="749,1304 770,1304 814,1304 859,1304 904,1304 949,1301 993,1301 1038,1301 1083,1301 1128,1304 1172,1304 1217,1304 1262,1304 1307,1301 1352,1301 1396,1298 1441,1301 1486,1301 1531,1301 1575,1301 1620,1301 1665,1301 1710,1298 1754,1301 1799,1298 1844,1298 1889,1301 1933,1301 1978,1298 2023,1295 2068,1295 2113,1295 2157,1295 2202,1295 2247,1292 2292,1292 2336,1292 2381,1292 2426,1292 2471,1292 2515,1292 2560,1289 2605,1289 2650,1289 2695,1289 2739,1289 2784,1289 2829,1286 2874,1286"/>
                <TextEquiv>
                    <Unicode>in einer Klosterschule (nicht Kloster) er</Unicode>
                </TextEquiv>
            </TextLine>
            <TextLine id="tr_1_tl_7" custom="readingOrder {index:6;}">
                <Coords points="725,1501 756,1513 770,1498 793,1498 853,1521 915,1507 960,1515 1054,1490 1054,1402 1020,1382 994,1394 983,1382 960,1394 940,1377 833,1394 759,1371 725,1382"/>
                <Baseline points="740,1459 784,1459 829,1459 874,1459 919,1459 964,1459 1008,1459 1053,1462 1062,1462"/>
                <TextEquiv>
                    <Unicode>zogen.</Unicode>
                </TextEquiv>
            </TextLine>
            <TextLine id="tr_1_tl_8" custom="readingOrder {index:7;}">
                <Coords points="736,1626 2716,1651 2988,1620 2991,1473 2504,1547 739,1513"/>
                <Baseline points="752,1602 758,1602 802,1605 847,1608 892,1608 937,1608 981,1608 1026,1608 1071,1608 1116,1608 1160,1608 1205,1608 1250,1608 1295,1608 1340,1605 1384,1605 1429,1602 1474,1602 1519,1602 1563,1602 1608,1602 1653,1602 1698,1602 1742,1605 1787,1605 1832,1602 1877,1602 1922,1602 1966,1599 2011,1599 2056,1599 2101,1599 2145,1599 2190,1596 2235,1596 2280,1596 2324,1596 2369,1596 2414,1596 2459,1596 2504,1599 2548,1599 2593,1596 2638,1596 2683,1593 2727,1593 2772,1593 2817,1593 2862,1590 2906,1590 2951,1587 2996,1587"/>
                <TextEquiv>
                    <Unicode>Wie sie nun wiederkommt, verlebt er gewisser-</Unicode>
                </TextEquiv>
            </TextLine>
        </TextRegion>
        <TextRegion id="tr_2" custom="readingOrder {index:1;}">
            <Coords points="737,1695 3011,1695 3011,3463 737,3463"/>
            <TextLine id="tr_2_tl_1" custom="readingOrder {index:0;}">
                <Coords points="722,1793 2093,1756 2637,1818 2801,1787 2801,1694 2354,1637 722,1714"/>
                <Baseline points="737,1763 746,1763 790,1760 835,1760 880,1760 925,1760 969,1760 1014,1760 1059,1760 1104,1760 1149,1757 1193,1760 1238,1760 1283,1760 1328,1760 1372,1757 1417,1757 1462,1757 1507,1757 1551,1757 1596,1754 1641,1754 1686,1754 1731,1754 1775,1754 1820,1751 1865,1754 1910,1754 1954,1754 1999,1754 2044,1751 2089,1751 2133,1751 2178,1751 2223,1751 2268,1748 2313,1751 2357,1748 2402,1748 2447,1748 2492,1748 2536,1748 2581,1748 2626,1748 2671,1748 2715,1748 2760,1745 2805,1754"/>
                <TextEquiv>
                    <Unicode>massen väterliche Flitterwochen mit ihr.</Unicode>
                </TextEquiv>
            </TextLine>
            <TextLine id="tr_2_tl_2" custom="readingOrder {index:1;}">
                <Coords points="722,1946 2609,1954 2801,1937 2804,1827 725,1835"/>
                <Baseline points="740,1913 749,1916 793,1913 838,1913 883,1910 928,1910 972,1913 1017,1913 1062,1913 1107,1913 1152,1913 1196,1913 1241,1913 1286,1910 1331,1913 1375,1913 1420,1910 1465,1910 1510,1913 1554,1913 1599,1910 1644,1907 1689,1907 1734,1907 1778,1907 1823,1907 1868,1907 1913,1907 1957,1904 2002,1904 2047,1904 2092,1904 2136,1904 2181,1904 2226,1904 2271,1901 2316,1904 2360,1901 2405,1901 2450,1901 2495,1904 2539,1904 2584,1904 2629,1901 2674,1901 2718,1901 2763,1904 2808,1910"/>
                <TextEquiv>
                    <Unicode>Seine Frau starb früh oder verliess ihn.</Unicode>
                </TextEquiv>
            </TextLine>
            <TextLine id="tr_2_tl_3" custom="readingOrder {index:2;}">
                <Coords points="722,2099 2136,2105 2136,1991 1935,2005 1833,1949 1564,2028 1453,1977 722,2011"/>
                <Baseline points="737,2071 752,2071 796,2068 841,2068 886,2065 931,2065 975,2065 1020,2065 1065,2065 1110,2065 1155,2065 1199,2065 1244,2065 1289,2062 1334,2065 1378,2065 1423,2065 1468,2065 1513,2065 1557,2065 1602,2065 1647,2065 1692,2062 1737,2062 1781,2059 1826,2059 1871,2059 1916,2056 1960,2056 2005,2059 2050,2059 2095,2059 2139,2059"/>
                <TextEquiv>
                    <Unicode>Seine Beziehung zum Kaiser.</Unicode>
                </TextEquiv>
            </TextLine>
            <TextLine id="tr_2_tl_4" custom="readingOrder {index:3;}">
                <Coords points="731,2258 2139,2252 2490,2221 2490,2124 731,2158"/>
                <Baseline points="746,2229 752,2229 796,2226 841,2223 886,2220 931,2220 975,2217 1020,2217 1065,2217 1110,2217 1155,2217 1199,2217 1244,2214 1289,2214 1334,2214 1378,2214 1423,2214 1468,2214 1513,2214 1557,2211 1602,2211 1647,2211 1692,2208 1737,2208 1781,2208 1826,2208 1871,2208 1916,2208 1960,2205 2005,2208 2050,2208 2095,2208 2139,2208 2184,2208 2229,2205 2274,2205 2318,2205 2363,2205 2408,2205 2453,2208 2498,2208"/>
                <TextEquiv>
                    <Unicode>Er hielt sich für einen Patrioten.</Unicode>
                </TextEquiv>
            </TextLine>
            <TextLine id="tr_2_tl_5" custom="readingOrder {index:4;}">
                <Coords points="725,2396 2699,2416 2909,2365 2912,2272 728,2283"/>
                <Baseline points="740,2372 767,2372 811,2372 856,2372 901,2372 946,2372 990,2372 1035,2369 1080,2369 1125,2369 1169,2369 1214,2369 1259,2366 1304,2366 1349,2366 1393,2363 1438,2366 1483,2363 1528,2366 1572,2363 1617,2363 1662,2363 1707,2363 1751,2363 1796,2363 1841,2366 1886,2363 1931,2363 1975,2360 2020,2360 2065,2360 2110,2360 2154,2360 2199,2360 2244,2360 2289,2357 2333,2357 2378,2357 2423,2357 2468,2357 2512,2357 2557,2354 2602,2354 2647,2354 2692,2354 2736,2354 2781,2354 2826,2354 2871,2351 2915,2354"/>
                <TextEquiv>
                    <Unicode>Für 5 Jahren verliess er den Hof,merkt,die</Unicode>
                </TextEquiv>
            </TextLine>
            <TextLine id="tr_2_tl_6" custom="readingOrder {index:5;}">
                <Coords points="734,2538 2821,2546 2847,2450 734,2444"/>
                <Baseline points="749,2524 790,2524 835,2524 880,2524 925,2524 969,2527 1014,2527 1059,2524 1104,2524 1149,2524 1193,2524 1238,2521 1283,2521 1328,2521 1372,2521 1417,2521 1462,2521 1507,2524 1551,2521 1596,2521 1641,2521 1686,2518 1731,2521 1775,2518 1820,2518 1865,2518 1910,2515 1954,2518 1999,2515 2044,2515 2089,2515 2133,2512 2178,2512 2223,2512 2268,2512 2313,2510 2357,2512 2402,2510 2447,2510 2492,2510 2536,2510 2581,2507 2626,2510 2671,2510 2715,2510 2760,2510 2805,2515 2850,2518"/>
                <TextEquiv>
                    <Unicode>Weltgeschichte geht auch ohne ihn weiter,</Unicode>
                </TextEquiv>
            </TextLine>
            <TextLine id="tr_2_tl_7" custom="readingOrder {index:6;}">
                <Coords points="731,2697 2957,2705 3011,2583 734,2617"/>
                <Baseline points="746,2680 772,2680 817,2680 862,2680 907,2680 952,2680 996,2680 1041,2680 1086,2677 1131,2677 1175,2677 1220,2674 1265,2674 1310,2674 1354,2677 1399,2674 1444,2674 1489,2674 1534,2677 1578,2674 1623,2674 1668,2671 1713,2671 1757,2671 1802,2671 1847,2671 1892,2668 1936,2671 1981,2668 2026,2668 2071,2668 2116,2668 2160,2668 2205,2668 2250,2665 2295,2665 2339,2662 2384,2662 2429,2662 2474,2662 2518,2662 2563,2662 2608,2659 2653,2659 2698,2662 2742,2662 2787,2662 2832,2662 2877,2662 2921,2659 2966,2659 3011,2662"/>
                <TextEquiv>
                    <Unicode>ertappt sich darauf, dass er seinem Vaterland,</Unicode>
                </TextEquiv>
            </TextLine>
            <TextLine id="tr_2_tl_8" custom="readingOrder {index:7;}">
                <Coords points="731,2838 2892,2849 2988,2841 2988,2705 731,2779"/>
                <Baseline points="746,2832 758,2832 802,2835 847,2835 892,2835 937,2832 981,2829 1026,2832 1071,2832 1116,2832 1160,2829 1205,2829 1250,2829 1295,2829 1340,2829 1384,2826 1429,2826 1474,2826 1519,2826 1563,2826 1608,2826 1653,2826 1698,2826 1742,2826 1787,2826 1832,2823 1877,2823 1922,2823 1966,2823 2011,2823 2056,2823 2101,2823 2145,2823 2190,2823 2235,2823 2280,2820 2324,2820 2369,2817 2414,2817 2459,2817 2504,2814 2548,2814 2593,2817 2638,2817 2683,2817 2727,2814 2772,2814 2817,2814 2862,2817 2906,2814 2951,2814 2996,2817"/>
                <TextEquiv>
                    <Unicode>das ihn nicht mehr braucht,Schlimmes wünscht</Unicode>
                </TextEquiv>
            </TextLine>
            <TextLine id="tr_2_tl_9" custom="readingOrder {index:8;}">
                <Coords points="731,3008 2753,2994 2631,2875 731,2909"/>
                <Baseline points="746,2987 790,2987 835,2984 880,2984 925,2987 969,2984 1014,2984 1059,2984 1104,2984 1149,2987 1193,2984 1238,2984 1283,2984 1328,2981 1372,2981 1417,2981 1462,2981 1507,2981 1551,2981 1596,2981 1641,2981 1686,2981 1731,2981 1775,2978 1820,2978 1865,2975 1910,2978 1954,2978 1999,2975 2044,2975 2089,2975 2133,2975 2178,2975 2223,2972 2268,2972 2313,2972 2357,2972 2402,2972 2447,2969 2492,2972 2536,2969 2581,2969 2626,2969 2671,2969 2715,2972 2760,2975"/>
                <TextEquiv>
                    <Unicode>Hier beginnt er an sich irre zu werden.</Unicode>
                </TextEquiv>
            </TextLine>
            <TextLine id="tr_2_tl_10" custom="readingOrder {index:9;}">
                <Coords points="734,3161 2954,3150 2983,3042 734,3062"/>
                <Baseline points="749,3142 752,3142 796,3142 841,3142 886,3142 931,3139 975,3139 1020,3139 1065,3139 1110,3139 1155,3139 1199,3136 1244,3136 1289,3136 1334,3136 1378,3136 1423,3133 1468,3133 1513,3133 1557,3133 1602,3133 1647,3133 1692,3133 1737,3133 1781,3133 1826,3130 1871,3130 1916,3130 1960,3127 2005,3130 2050,3130 2095,3127 2139,3127 2184,3127 2229,3127 2274,3127 2318,3127 2363,3127 2408,3127 2453,3127 2498,3124 2542,3124 2587,3121 2632,3121 2677,3121 2721,3124 2766,3124 2811,3121 2856,3121 2900,3121 2945,3118 2990,3121"/>
                <TextEquiv>
                    <Unicode>Er soll Gesandter an dem Hof des Staats wer-</Unicode>
                </TextEquiv>
            </TextLine>
            <TextLine id="tr_2_tl_11" custom="readingOrder {index:10;}">
                <Coords points="734,3325 2799,3334 2920,3311 2923,3187 734,3226"/>
                <Baseline points="749,3291 778,3294 823,3294 868,3297 913,3300 958,3297 1002,3297 1047,3294 1092,3291 1137,3291 1181,3291 1226,3291 1271,3288 1316,3291 1360,3288 1405,3288 1450,3288 1495,3288 1540,3291 1584,3291 1629,3291 1674,3288 1719,3285 1763,3285 1808,3285 1853,3285 1898,3285 1942,3285 1987,3285 2032,3285 2077,3285 2122,3283 2166,3283 2211,3283 2256,3283 2301,3283 2345,3280 2390,3280 2435,3280 2480,3277 2524,3277 2569,3277 2614,3277 2659,3277 2704,3277 2748,3277 2793,3277 2838,3274 2883,3274 2927,3271"/>
                <TextEquiv>
                    <Unicode>den,mit dem eben Frieden geschlossen wurde</Unicode>
                </TextEquiv>
            </TextLine>
            <TextLine id="tr_2_tl_12" custom="readingOrder {index:11;}">
                <Coords points="759,3504 918,3543 1258,3456 1620,3541 2260,3441 2640,3461 2640,3371 2425,3323 2014,3391 759,3351"/>
                <Baseline points="775,3453 811,3453 856,3453 901,3453 946,3450 990,3450 1035,3450 1080,3447 1125,3447 1169,3447 1214,3447 1259,3447 1304,3447 1349,3447 1393,3444 1438,3444 1483,3444 1528,3444 1572,3441 1617,3444 1662,3441 1707,3441 1751,3441 1796,3441 1841,3438 1886,3438 1931,3438 1975,3438 2020,3438 2065,3438 2110,3435 2154,3435 2199,3432 2244,3435 2289,3435 2333,3432 2378,3432 2423,3432 2468,3432 2512,3432 2557,3435 2602,3438 2647,3438"/>
                <TextEquiv>
                    <Unicode>(mit seiner Tochter nach Frankreich).</Unicode>
                </TextEquiv>
            </TextLine>
        </TextRegion>
    </Page>
</PcGts>
