3384 4056
334 299 737 551 18./11.1913.
2801 435 2923 641 40
763 522 1560 763 Zum ersten Akt.
815 687 1810 905 Freiherr und Lydia.
812 864 2851 1044 Freiherr:Was bewegt dich so sehr an des
803 992 1670 1186 Dichters Kommen?
832 1122 2938 1346 Lydia: Gibts Höheres als aufzubewahren,zu
812 1296 2842 1505 erhöhen.Taten der Ewigkeit zu bewahren?
798 1464 2923 1665 Freiherr: Es gibt Höheres, die Tat selbst.
800 1633 1801 1804 Lydia: Sie vergeht.
792 1801 2668 1960 Freiherr: Sie wirkt weiter.namenlos.
812 1963 2914 2100 Lydia: Nur im grossen Ganzen. Ihr Gedächt-
789 2108 3054 2250 nis ist dahin.Die Welt ist allzu vielfältig.
786 2245 3115 2407 per Dichter hebt heraus,ordnet,wählt,umreist.
795 2401 3028 2572 Freiherr: Form trügt und fälscht. Der Rahmen
780 2566 1267 2712 ist Lüge.
783 2659 2813 2854 Lydia: Der Rahmen ist nicht Lüge,er ist
771 2851 1757 3039 Grenze und Rettung.
760 3033 2996 3181 Hat Gott uns nicht vor dem Schauer der Un-
760 3164 3036 3341 endlichkeit bewahrt, indem er unser Blickfeld
763 3309 2941 3515 umgrenzte? Was hinter uns ist, das ahnen wir
751 3477 2364 3668 nur, was fern ist ahnen wir nur.
