3640 4472
3005 386 3151 506 90
1320 545 3082 710 Un/d nun verzeih mir. Ich weiss ich
1327 667 3134 881 hab dir einen Schmerz bereitet, doch
1330 859 3149 1018 och kann nicht anders. Aber sieh, du
1327 1006 2424 1190 bist ja nicht allein.
1322 1154 3142 1346 Sylvester: Vielleicht willst du mir
1342 1308 2628 1500 noch von Pflichten reden.
1349 1454 3115 1642 Leonilda: Wie könnt ich das, da ich
1349 1606 3278 1778 doch selbst dir riet sie zu vergessen.
1337 1733 3127 1918 Nicht von Pflichten sprech ich, von
1342 1908 3271 2076 Hoffnungen eher. Von Menschen, die dein
1351 2028 3245 2254 sind, denen du wirklich zugehörst.Sie,
1354 2242 2390 2388 Teessa und das Kind.
1361 2335 3238 2546 Sylvester: Das Kind, das du zu deinem
1349 2518 3101 2693 machen wolltest, das Kind ist tot.
1370 2671 2854 2861 Leonilda: Mein armer Freund -
1370 2806 3034 3000 Sylvester: Beklag mich nicht, ich
1375 2971 3302 3137 selbst hab es getötet um deinetwillen.
1553 3084 2138 3194 Laut den très
1373 3125 2880 3302 Leonilda: Was sprichst du da?
1370 3274 3127 3458 Sylvester: Gedanken Wünsche töten -
1375 3406 3050 3602 weisst du das nicht? Wie hätt es
1378 3576 3209 3754 sonst sterben können. Frei wollt ich
