3352 4040
2832 257 2968 396 50
614 429 3010 662 Wollt nur die Einwilligung Eures Vaters holen.
611 586 2862 786 Anselm: Mein Vater? Er würde sich bedanken.
629 750 2760 946 Freiherr: Ihr seid wohl nicht bei Sinnen.
620 877 3032 1103 Anselm: Unser Geschlecht ist älter wie das des
635 1052 3032 1257 Kaisers, der reine Zufall, dass ich nicht dieses
635 1260 1224 1436 Reich erbe.
638 1342 2630 1560 Freiherr: Das ist fast Hochverräterei.
647 1502 3074 1684 Anselm: Ihr seid eine Familie von Emporkömmlin
713 1656 3071 1862 gen. Meint Ihr, ich hab Euch nicht durchschaut?
650 1826 3013 2025 Es war ja nicht übel angezettelt.Aber so jung
671 2007 1490 2197 ich bin,so klug,
656 2143 1617 2318 Freiherr: Ein Narr
662 2273 3074 2506 Anselm: Nehmt mir's nicht übel, Leonilda, so war
668 2412 2868 2621 es meine Art von Jugend an,Prinzessin oder
659 2599 2705 2790 Nixe gilt mir gleich. Der Herr bin ich.
671 2723 3038 2929 Freiherr: Und glaubt,dass Ihr so gehen könnt?
668 2859 2941 3089 Anselm: Mein Degen ist für Euresgleichen zu
671 3125 913 3264 gut.
680 3162 2932 3397 Freiherr: So lass ich Euch hier einsperren,
692 3340 3080 3576 Anselm: Mit welchem Recht? Wollt Ihr die Grün.
692 3509 1922 3739 de dem Gericht angeben?
