3384 4184
2698 336 2871 488 100
970 468 2825 692 Konrad Gestattet vorerst mir eine
973 673 2874 863 Frage. (Wer war es nur, der den Weg zum
973 787 2849 980 Weiher mich gewiesen? Nun, ich nehme,
985 1012 2866 1143 was sich bietet,Nixen,Prinzessinnen,
985 1138 2769 1292 Teufelinnen, doch zum Weib nehm ich
975 1302 2866 1443 nur, wen’s mir beliebt,Es mag noch so
977 1450 2138 1618 fein eingefädelt sein.
982 1601 2874 1801 Freiherr: Bursche! Knabe! (nach sei¬
970 1755 2927 1909 nem Degen) Doch nein.Das nicht.He,Do-
970 1899 2547 2062 minik und Knechte, ihr,herbei
982 2035 2559 2233 Leonilda: Was willst du Vater?
977 2196 2452 2396 Freiherr: In Ketten mit ihm.
980 2374 2876 2581 Leonilda: Das darfst du nicht.Es war
977 2530 1967 2696 mein freier Wille.
990 2628 2669 2815 Freiherr: Was geht’s dich an.Den
973 2830 2352 2974 Hochverräter ins Verliess!
982 2971 2779 3186 Konrad: Den Ihr doch hättet laufen
992 3108 2925 3300 lassen, wenn er sich bequemt hätte das
982 3269 2837 3434 holde Fräulein von Maienau zur Frau
990 3398 2942 3646 zu nehmen. Verzeiht, Leonilda, Ihr seid
992 3615 2957 3759 sehr schön. Ich danke Fuch für all Eure
807 3778 1082 3905 de mon ami
