3400 4136
734 480 2800 670 Dichter: (zum Freiherrn) Manchmal strömt
731 651 2883 844 mir, wenn ich alle in bin Zärtl ich keit ent-
753 786 2971 977 gegen so rein, xx wie ich sie niemals früher
753 946 2955 1134 gefühlt. Sie kommt von Ungeborenem, die noch
353 924 615 1120 dans
750 1117 2745 1286 im Schoss der Ahnen schlafen, die jetzt
767 1299 1490 1470 lebendig sind.
756 1548 2913 1746 Zu denen red ich, die da kommen werden. Nur
764 1719 2866 1898 dort sind meine Freunde. Dass ich noch da
770 1879 2916 2053 bin stört Euch. Mit Recht. Das Dasein ver
770 2022 2944 2232 fälscht uns auch. Unser Leben ist eine Mas-
764 2185 2872 2348 ke, die an uns klebt. Doch reissen wir sie
770 2331 2977 2502 herunter, so ist das, was übrig bleibt, nicht
433 2334 670 2458 1.° an
764 2466 2883 2679 mehr für uns, nur xxxe hr für euch. Aber auch
775 2657 2935 2842 alle, die uns kannten,müssen fort sein aus
825 2781 3007 2993 ler Welt.Ihr habt unser Bild,unsere Stimme,
792 2966 2941 3164 Ihr könnt von uns als Lebendigen träumen.
