3291 4184
819 241 2932 516 als, der man mit solchen Glanz empfangen.
132 223 830 450 Ande Weig
272 485 2601 739 und der so lange auf sich warten länst.
146 624 2942 927 Von Ein Freund der Freitere, die man, so wir recht
254 889 2740 1185 Verschollen, wie nicht von verstorben wahrte
241 1049 2876 1374 Seir Neve: schlichtweg: Klang. Kin Hers
1886 1248 2663 1482 Mr Stande.
1259 1381 1377 1635 be
1394 1363 1646 1754 be
171 1450 1154 1705 Etude Silveste
1175 1663 2768 1966 Sylvester. I. The Rent to
188 1673 593 1949 Hin
209 1924 3023 2315 Ou dr. Vrs Nauer hier. It will in Augsicht.
268 2130 3047 2496 Mr. V. Mlleicht. Villeicht auch nicht. Wie wllte ich
2308 2423 2695 2650 wirt
202 2611 2799 2932 La hemeble all - troh und jenig jehme
230 2876 2855 3110 Die u 10 vielen Zehils - verwärts nach
241 3061 2977 3406 Sapit in unies Freiherrs Hender & Diebe
1977 3295 2203 3455 Cette
216 3308 2747 3629 Wohnheit bösendes gerechtes wird.
