3432 4184
2790 361 2987 516 105
1127 533 2881 685 bei. Jetzt hat das Vaterland, mein
1120 734 2866 860 Kaiser hat, dem ich von Neuem mich
1132 823 3073 1005 beuge, die höhern Rechte. Und nun sieht
1127 982 2948 1147 die ganze Welt anders aus. Leonilda,
1130 1135 2989 1329 verzeiht. Auch Euch, Freiherr von Mai.
1123 1304 2965 1484 enau, bitt ich um Verzeihung und zu¬
1137 1464 2648 1626 gleich um Eurer Tochter Hand.
1137 1633 3019 1781 Leonilda: Was auch mein Vater sagt,
1132 1786 2928 1972 nie werd ich Euer Weib. Jeilen de
1130 1901 2948 2095 Konrad: Ihr zürnt mir noch.
1132 2080 2975 2216 Leonilda: Ich zürne Euch nicht.Auch
1127 2233 3031 2375 wenn Ihr als ein Sieger wiederkommt.
1125 2385 1582 2545 niemals.
1135 2547 2783 2756 Konrad: Wir sprechen uns wieder.
1140 2663 3024 2884 Leonilda: Gern,worüber Ihr wollt,nur
1137 2832 1852 3014 darüber nicht.
2277 2879 2417 3029 lui
1137 3016 3060 3183 Konrad: Noch einmal, Freiherr von Mai-
1132 3151 2852 3326 enau, bitt ich Euch um Verzeihung.
1132 3306 3060 3458 Denkt nur, ein halbes Jahr mit gezück-
1140 3473 2930 3611 tem Degen dazustehen,angefüllt mit
1135 3569 3105 3795 Hass.Es hat mich toll gemacht.Nun aber
