3323 4248
2754 107 2935 249 39
231 164 2369 413 Was himnest went: he, dine Blickes. T.
221 302 2223 512 Mr Vite alle. - Sir: hi en dis schmste de
89 416 2821 633 Ich. Nov und die an ders-riever mitslos welke:
128 544 2985 857 den Bietstabe die Wiesen - wissen pflnicht ist, binnen
1174 704 1829 829 tés eloède.
142 772 2252 964 Nur jeder Morgen Erf in bis er ertheilt.
2565 786 2999 996 Crain veder o'
1441 864 2053 993 -den being -
160 907 2223 1138 Frl. (trélist di induber wen kundt.)
2672 939 2974 1085 it in!
2693 1060 2914 1167 4° et
1928 1021 2476 1192 Crain
2593 1092 3049 1316 1) dein Feund
167 1156 487 1309 en
2707 1281 3052 1391 21 ct ct.
213 1234 2768 1594 Tils. Depotideit ein nimmt, daß ich schon
224 1494 2526 1718 Kiel daß die er über die entgegen gebenst
1551 1658 2643 1793 werkt wir beim Beivel
210 1711 2739 1953 Lass mich justete, - das remplijt weil bevit!
125 1910 2533 2163 Les. - Emmeurez -! Trie coeurs avec de
1942 2021 2569 2117 Kas. Kain
2590 1928 2995 2174 the care
1252 2060 1772 2223 a schon d
253 2088 2949 2380 Et - lebt in ue. Il chusit t'en - herait
2334 2209 2771 2369 I have the
181 2266 2842 2579 nicht leid) giellt: Ja wir ist Fried. allein
2515 2501 2771 2625 no
594 2504 886 2714 .S.
260 2611 2270 2896 Was macht die Äwptt, mein Verleist
1661 2771 2721 3056 Hofe de Ruit
317 2839 551 3131 Pr
640 3042 2842 3333 on ehe ist at der der dienanlass
292 3102 512 3383 Ers
534 3276 1946 3440 Und die die Kolz verührte, ist
331 3280 2942 3575 Und dass den Stolz der gebeten. das ja sehr
754 3497 2682 3796 Uu et di dir. cjensi vous aussit jestérale
548 3622 2352 3974 hier Eigenweitung desselben zu zu sehen.
