3512 4184
2847 267 3222 442 1510 (?)
800 506 1447 611 Doppelleben
805 647 3033 753 Er und sie verbringen immer gemeinsam eine
828 803 2958 925 gewisse Zeit. Dann gehen sie auseinander,
819 953 2775 1078 jedes sein Abenteuer erleben. Es darf
800 1064 3025 1217 nich ts gefragt werden, nur an einem betimm¬
811 1267 2941 1361 ten Tag müssen sie einander wieder begeg¬
800 1450 1022 1533 nen.
794 1583 2877 1672 Allmählich beginnen sie nun diese Jahre
794 1725 2986 1819 der Trennung ganz einsam und nur in Sehn¬
794 1894 2494 1980 sucht nach einander zu verleben.
822 2014 2850 2164 Aber sie haben eine fleissige Schei es einen
872 2141 2900 2300 gestoten - bis sie einander in diesem sch.
869 2264 2819 2378 da sie angeblich abentenem sollten-
894 2436 2580 2533 in eenen stillei Ort besepen.
1008 2466 2914 2672 Emmerium.  An die Bekennts kath.
875 2647 2736 2850 die erste mehr Zeit, die Eifernicht
886 2800 2705 2933 der Nacht aus einander kennen"
894 2927 2419 3127 Sichbeiterder, der Vertrag...
694 3277 1297 3444 Nun Freche.
