3299 4232
63 238 2141 522 Tit. So lass an ihrer Schönheit Vermeld¬
182 434 2551 753 An ihrem Arbeit mit die Fotter frei¬
109 585 2929 950 Le nord, partout, sind stien, und sind u. verheblich
144 778 2456 1118 had  Sewalde derfach so entrichnt
133 999 2835 1321 Werk immertig - auch in einem wollen im
189 1202 2628 1570 Bepbeld in fitte leeben dipliebt.
133 1416 2505 1801 Von Gottier - aus selber in berichte
179 1664 2778 2025 Toberge - Cass: i heer Andacht nt -
179 1941 2645 2284 So verreich it is tenlye and di-
126 2148 2912 2561 - Lapue gevrähre! - Euerman kint de C
2922 2442 3041 2596 P.
182 2421 2992 2796 Der Gertre Kain, die hier in Schlesse davon
147 2586 371 2828 Ao
746 2663 1282 2940 lle gibt
967 2852 2663 3178 Dies nare auch ein wieder
228 2870 427 3115 Pd
259 3094 1910 3455 im Aik troeder gibt.
1307 3458 2701 3731 The gibt and an claim.
