<?xml version="1.0" encoding="UTF-8" standalone="yes"?>
<PcGts xmlns="http://schema.primaresearch.org/PAGE/gts/pagecontent/2013-07-15" xmlns:xsi="http://www.w3.org/2001/XMLSchema-instance" xsi:schemaLocation="http://schema.primaresearch.org/PAGE/gts/pagecontent/2013-07-15 http://schema.primaresearch.org/PAGE/gts/pagecontent/2013-07-15/pagecontent.xsd">
    <Metadata>
        <Creator>prov=READ-COOP:name=TrHtr:version=2.1.0:model_id=51170:date=30_07_2023_00:02</Creator>
        <Created>2023-05-10T13:21:49.904+02:00</Created>
        <LastChange>2023-07-30T00:02:08.865+02:00</LastChange>
        <TranskribusMetadata docId="1428574" pageId="55411087" pageNr="52" tsid="131470870" status="IN_PROGRESS" userId="64420" imgUrl="https://files.transkribus.eu/Get?id=UNFWYNPUAFUWDCTJFKSJDPXQ&amp;fileType=view" xmlUrl="https://files.transkribus.eu/Get?id=KMZCUYLAOCALLAYUENHXVAPE" imageId="44685230"/>
    </Metadata>
    <Page imageFilename="1428574_0052.jpg" imageWidth="3275" imageHeight="4184">
        <ReadingOrder>
            <OrderedGroup id="ro_1711792176997" caption="Regions reading order">
                <RegionRefIndexed index="0" regionRef="tr_2"/>
                <RegionRefIndexed index="1" regionRef="tr_1"/>
            </OrderedGroup>
        </ReadingOrder>
        <TextRegion id="tr_2" custom="readingOrder {index:0;}">
            <Coords points="149,254 3079,254 3079,1952 149,1952"/>
            <TextLine id="tr_2_tl_1" custom="readingOrder {index:0;}">
                <Coords points="1364,341 1775,306 2060,397 2229,316 2390,401 2503,337 2879,422 2981,387 2974,218 2872,264 2053,172 1736,250 1557,165 1357,162"/>
                <Baseline points="1384,304 1429,304 1474,304 1519,304 1563,307 1608,304 1653,304 1698,304 1742,304 1787,307 1832,310 1877,310 1921,310 1966,313 2011,316 2056,316 2100,316 2145,319 2190,316 2235,322 2280,319 2324,319 2369,319 2414,319 2459,319 2503,322 2548,322 2593,325 2638,325 2682,328 2727,334 2772,340 2817,346 2861,352 2906,352 2951,352 2987,355"/>
                <TextEquiv>
                    <Unicode>Ihr dacht wohl, er versdlief</Unicode>
                </TextEquiv>
            </TextLine>
            <TextLine id="tr_2_tl_2" custom="readingOrder {index:1;}">
                <Coords points="127,492 415,411 872,513 1030,408 1111,436 1114,214 977,239 893,197 823,239 738,197 527,264 359,236 130,337"/>
                <Baseline points="149,414 193,411 238,408 283,402 328,402 373,399 417,399 462,399 507,399 552,402 596,405 641,405 686,405 731,411 775,408 820,408 865,408 910,408 954,402 978,390 981,390 1026,373 1071,355 1116,352"/>
                <TextEquiv>
                    <Unicode>Ducht the. der St</Unicode>
                </TextEquiv>
            </TextLine>
            <TextLine id="tr_2_tl_3" custom="readingOrder {index:2;}">
                <Coords points="1062,594 1543,601 1786,496 2432,499 2759,580 2833,559 2837,376 2485,425 2221,320 1765,429 1452,309 1065,376"/>
                <Baseline points="1083,498 1128,498 1172,498 1217,498 1262,498 1307,498 1351,498 1396,495 1441,495 1486,492 1530,492 1575,489 1620,492 1665,492 1710,492 1754,489 1799,489 1844,492 1889,489 1933,492 1978,492 2023,489 2068,483 2112,483 2157,483 2202,486 2247,486 2291,483 2336,480 2381,480 2426,477 2471,477 2515,477 2560,477 2605,474 2650,480 2694,486 2739,489 2784,492 2829,495 2847,501"/>
                <TextEquiv>
                    <Unicode>heut ihr meu Herr verschlief</Unicode>
                </TextEquiv>
            </TextLine>
            <TextLine id="tr_2_tl_4" custom="readingOrder {index:3;}">
                <Coords points="204,569 236,562 278,587 302,562 337,576 348,562 380,573 429,555 482,555 482,439 453,443 415,411 355,432 330,425 299,457 204,475"/>
                <Baseline points="223,552 268,558 313,555 358,558 402,555 447,558 489,555"/>
                <TextEquiv>
                    <Unicode>Dem:</Unicode>
                </TextEquiv>
            </TextLine>
            <TextLine id="tr_2_tl_5" custom="readingOrder {index:4;}">
                <Coords points="250,858 1209,738 2408,826 2766,745 2770,573 1951,496 1469,654 1023,580 924,668 513,534 257,583"/>
                <Baseline points="274,749 280,752 325,755 370,752 414,749 459,752 504,755 549,755 593,755 638,752 683,746 728,743 772,737 817,737 862,728 907,725 951,725 996,719 1041,719 1086,716 1131,716 1175,710 1220,713 1265,713 1310,713 1354,713 1399,713 1444,713 1489,713 1533,710 1545,704 1590,698 1635,698 1680,698 1724,695 1769,692 1814,689 1859,692 1903,692 1948,695 1993,695 2038,695 2083,701 2127,701 2172,701 2217,704 2262,710 2306,710 2351,710 2396,707 2441,704 2485,704 2530,707 2575,713 2620,713 2664,719 2709,719 2754,716 2775,713"/>
                <TextEquiv>
                    <Unicode>Schöne toinsuurgh! Solle qui fient</Unicode>
                </TextEquiv>
            </TextLine>
            <TextLine id="tr_2_tl_6" custom="readingOrder {index:5;}">
                <Coords points="489,833 562,833 601,847 657,826 717,837 742,815 805,819 808,745 763,745 717,763 699,752 654,784 591,766 541,801 492,798"/>
                <Baseline points="507,823 549,823 593,820 638,820 683,820 728,817 772,814 817,811"/>
                <TextEquiv>
                    <Unicode>holde</Unicode>
                </TextEquiv>
            </TextLine>
            <TextLine id="tr_2_tl_7" custom="readingOrder {index:6;}">
                <Coords points="232,1009 1227,1072 1982,924 2858,1002 2865,787 1866,847 1670,738 236,861"/>
                <Baseline points="250,975 274,975 319,978 364,978 408,978 453,981 498,978 543,975 587,972 632,972 677,972 722,972 766,969 811,969 856,966 901,966 946,963 990,957 1035,954 1080,951 1125,946 1169,946 1214,943 1259,940 1304,940 1348,937 1393,934 1438,934 1483,934 1527,934 1572,931 1617,928 1662,925 1707,922 1751,919 1796,913 1841,910 1886,907 1930,904 1975,907 2020,907 2065,910 2109,913 2154,913 2199,916 2244,919 2288,919 2333,919 2378,922 2423,922 2468,919 2512,916 2557,913 2602,916 2647,916 2691,919 2736,919 2781,922 2826,925 2870,919"/>
                <TextEquiv>
                    <Unicode>n'est ablief de jaare Hous, dieser n'Pferd</Unicode>
                </TextEquiv>
            </TextLine>
            <TextLine id="tr_2_tl_8" custom="readingOrder {index:7;}">
                <Coords points="246,1206 3069,1188 3044,977 2063,953 1923,1047 1090,1097 253,1019"/>
                <Baseline points="268,1166 304,1169 349,1175 393,1175 438,1181 483,1178 528,1178 572,1175 617,1175 662,1175 707,1175 752,1175 796,1175 841,1175 886,1175 931,1172 975,1172 1020,1172 1065,1172 1110,1172 1154,1166 1199,1166 1244,1160 1289,1160 1333,1154 1378,1151 1423,1151 1468,1151 1513,1148 1557,1142 1602,1142 1647,1137 1692,1137 1736,1134 1781,1131 1826,1131 1871,1131 1915,1125 1960,1125 2005,1125 2050,1125 2094,1125 2139,1125 2184,1122 2229,1119 2274,1116 2318,1113 2363,1113 2408,1113 2453,1113 2497,1110 2542,1113 2587,1116 2632,1113 2676,1116 2721,1122 2766,1122 2811,1125 2855,1131 2900,1134 2945,1140 2990,1142 3035,1148 3079,1154"/>
                <TextEquiv>
                    <Unicode>Und sprengt nicht durch die Cine, die weilenweg</Unicode>
                </TextEquiv>
            </TextLine>
            <TextLine id="tr_2_tl_9" custom="readingOrder {index:8;}">
                <Coords points="236,1434 2383,1476 2816,1378 2819,1213 236,1251"/>
                <Baseline points="256,1375 271,1375 316,1375 361,1375 405,1372 450,1372 495,1372 540,1369 584,1369 629,1366 674,1363 719,1360 763,1357 808,1363 853,1363 898,1363 943,1363 987,1366 1032,1363 1077,1360 1122,1363 1166,1360 1211,1357 1256,1354 1301,1354 1345,1351 1390,1348 1435,1348 1480,1342 1524,1342 1569,1342 1614,1345 1659,1342 1704,1336 1748,1336 1793,1333 1838,1333 1883,1333 1927,1331 1972,1331 2017,1333 2062,1333 2106,1336 2151,1336 2196,1342 2241,1348 2285,1348 2330,1348 2375,1348 2420,1342 2465,1345 2509,1342 2554,1345 2599,1345 2644,1348 2688,1348 2733,1348 2778,1351 2823,1366"/>
                <TextEquiv>
                    <Unicode>Wes Flisse Leif in Land binnen begleitet</Unicode>
                </TextEquiv>
            </TextLine>
            <TextLine id="tr_2_tl_10" custom="readingOrder {index:9;}">
                <Coords points="218,1645 281,1617 302,1627 348,1592 390,1606 422,1582 538,1606 583,1585 654,1596 650,1448 601,1438 531,1455 503,1441 394,1462 327,1420 288,1438 214,1424"/>
                <Baseline points="238,1587 283,1584 328,1581 373,1581 417,1581 462,1584 507,1584 552,1584 596,1584 641,1587 662,1590"/>
                <TextEquiv>
                    <Unicode>A.M.</Unicode>
                </TextEquiv>
            </TextLine>
            <TextLine id="tr_2_tl_11" custom="readingOrder {index:10;}">
                <Coords points="292,1814 1058,1838 1251,1726 2309,1670 2636,1736 2819,1705 2826,1511 2636,1578 2408,1469 1972,1473 1276,1656 299,1673"/>
                <Baseline points="313,1757 322,1757 367,1763 411,1766 456,1766 501,1769 546,1766 590,1766 635,1763 680,1763 725,1760 769,1757 814,1754 859,1748 904,1745 949,1739 993,1733 1038,1727 1083,1721 1128,1718 1172,1718 1217,1715 1262,1712 1307,1710 1351,1710 1396,1710 1441,1710 1486,1704 1530,1701 1575,1695 1620,1695 1665,1692 1710,1692 1754,1692 1799,1689 1844,1692 1889,1689 1933,1686 1978,1686 2023,1683 2068,1680 2112,1671 2157,1671 2202,1668 2247,1668 2291,1668 2336,1668 2381,1671 2426,1674 2471,1674 2515,1677 2560,1680 2605,1680 2650,1677 2694,1683 2739,1686 2784,1689 2829,1692"/>
                <TextEquiv>
                    <Unicode>(Wahrleit.) pue cette bel  à très cher hier,</Unicode>
                </TextEquiv>
            </TextLine>
            <TextLine id="tr_2_tl_12" custom="readingOrder {index:11;}">
                <Coords points="302,2060 1244,1926 1399,2032 1824,1888 2422,1852 2854,1923 2865,1715 2313,1666 1937,1824 1220,1754 1097,1838 482,1835 316,1758"/>
                <Baseline points="325,1930 358,1927 402,1927 447,1933 492,1939 537,1942 581,1942 626,1942 671,1939 716,1939 760,1942 805,1936 850,1936 895,1933 940,1930 984,1924 1029,1921 1074,1918 1119,1915 1163,1912 1208,1912 1253,1912 1298,1909 1342,1903 1387,1901 1432,1901 1477,1895 1521,1895 1566,1892 1611,1889 1656,1886 1701,1886 1745,1883 1790,1880 1835,1883 1880,1880 1924,1877 1969,1877 2014,1871 2059,1859 2103,1856 2148,1856 2193,1850 2238,1844 2282,1844 2327,1841 2372,1841 2417,1844 2462,1844 2506,1844 2551,1847 2596,1847 2641,1847 2685,1853 2730,1859 2775,1856 2820,1862 2864,1865"/>
                <TextEquiv>
                    <Unicode>(Zwei Trubllekow), ich is in Nächter sei</Unicode>
                </TextEquiv>
            </TextLine>
        </TextRegion>
        <TextRegion id="tr_1" custom="readingOrder {index:1;}">
            <Coords points="292,1994 3055,1994 3055,3594 292,3594"/>
            <TextLine id="tr_1_tl_1" custom="readingOrder {index:0;}">
                <Coords points="316,2214 1852,2130 2591,2200 3048,2134 3055,1933 1859,1881 1395,2035 1248,1923 661,2095 323,2042"/>
                <Baseline points="340,2127 384,2133 429,2133 474,2136 519,2139 564,2142 608,2142 651,2138 651,2138 683,2139 728,2142 772,2133 817,2127 862,2124 907,2124 951,2121 996,2121 1041,2115 1086,2112 1131,2106 1175,2109 1220,2106 1265,2106 1310,2103 1354,2103 1399,2100 1444,2100 1489,2097 1533,2094 1578,2092 1623,2092 1668,2092 1712,2092 1757,2092 1802,2092 1847,2092 1892,2092 1936,2083 1981,2083 2026,2080 2071,2080 2115,2080 2160,2077 2205,2077 2250,2068 2294,2059 2339,2053 2384,2053 2429,2050 2473,2050 2518,2044 2563,2047 2608,2050 2653,2047 2697,2047 2742,2050 2787,2053 2832,2056 2876,2062 2921,2068 2966,2071 3011,2077 3055,2086"/>
                <TextEquiv>
                    <Unicode>Brs n der fernste Hile da geliede</Unicode>
                </TextEquiv>
            </TextLine>
            <TextLine id="tr_1_tl_2" custom="readingOrder {index:1;}">
                <Coords points="267,2513 1624,2362 2573,2369 2816,2306 2823,2172 281,2243"/>
                <Baseline points="292,2381 319,2387 364,2387 408,2381 453,2381 498,2375 543,2375 587,2372 632,2369 677,2366 722,2366 766,2366 811,2366 856,2363 901,2363 946,2363 990,2360 1035,2363 1080,2360 1125,2351 1169,2348 1214,2348 1259,2345 1304,2342 1348,2339 1393,2339 1438,2336 1483,2333 1527,2330 1572,2327 1617,2321 1662,2318 1707,2318 1751,2312 1796,2309 1841,2306 1886,2303 1930,2300 1975,2297 2020,2294 2065,2294 2109,2288 2154,2288 2199,2285 2244,2285 2288,2285 2333,2285 2378,2285 2423,2285 2468,2285 2512,2282 2557,2280 2602,2282 2647,2282 2691,2282 2736,2280 2781,2282 2826,2274"/>
                <TextEquiv>
                    <Unicode>(Veld werth Blick. Quit dacht cit will</Unicode>
                </TextEquiv>
            </TextLine>
            <TextLine id="tr_1_tl_3" custom="readingOrder {index:2;}">
                <Coords points="2288,2475 2383,2485 2482,2453 2566,2492 2685,2457 2766,2492 2791,2475 2854,2506 2907,2499 2896,2274 2763,2306 2745,2288 2541,2373 2436,2337 2369,2369 2285,2359"/>
                <Baseline points="2309,2441 2354,2438 2399,2441 2444,2438 2488,2438 2533,2438 2578,2438 2623,2438 2667,2444 2712,2450 2757,2456 2802,2462 2847,2465 2891,2465 2912,2471"/>
                <TextEquiv>
                    <Unicode>das schlesen</Unicode>
                </TextEquiv>
            </TextLine>
            <TextLine id="tr_1_tl_4" custom="readingOrder {index:3;}">
                <Coords points="373,2728 1557,2742 1954,2615 2591,2657 2650,2524 2446,2545 2067,2390 1670,2541 889,2559 714,2475 380,2541"/>
                <Baseline points="396,2656 417,2659 462,2659 507,2662 552,2664 596,2664 641,2664 686,2664 731,2664 775,2662 820,2664 865,2664 910,2664 954,2664 999,2664 1044,2659 1089,2656 1134,2656 1178,2653 1223,2653 1268,2653 1313,2650 1357,2647 1402,2644 1447,2644 1492,2638 1536,2635 1581,2629 1626,2623 1671,2623 1715,2623 1760,2620 1805,2620 1850,2617 1895,2614 1939,2614 1984,2614 2029,2614 2074,2614 2118,2614 2163,2611 2208,2617 2253,2617 2297,2620 2342,2620 2387,2623 2432,2626 2476,2629 2521,2629 2566,2632 2611,2635 2656,2635"/>
                <TextEquiv>
                    <Unicode>Erhebe sich so best in Efers Roide.</Unicode>
                </TextEquiv>
            </TextLine>
            <TextLine id="tr_1_tl_5" custom="readingOrder {index:4;}">
                <Coords points="355,2974 942,3076 1849,2932 2060,3033 2432,2970 2661,3048 2752,3019 2759,2703 2436,2798 2243,2714 1476,2717 1016,2851 861,2759 362,2749"/>
                <Baseline points="376,2924 393,2921 438,2924 483,2924 528,2924 572,2927 617,2924 662,2921 707,2924 752,2924 796,2927 841,2924 886,2924 931,2924 975,2924 1020,2927 1065,2927 1110,2927 1154,2924 1199,2930 1244,2927 1289,2927 1333,2924 1378,2912 1423,2906 1468,2906 1513,2906 1557,2903 1602,2897 1647,2894 1692,2891 1736,2891 1781,2891 1826,2891 1871,2888 1915,2888 1960,2885 2005,2885 2050,2885 2094,2888 2139,2885 2184,2879 2229,2879 2274,2879 2318,2882 2363,2882 2408,2885 2453,2888 2497,2888 2542,2888 2587,2888 2632,2891 2676,2885 2721,2879 2766,2867"/>
                <TextEquiv>
                    <Unicode>Ein nothgeleper Rührile! Zuglerandt</Unicode>
                </TextEquiv>
            </TextLine>
            <TextLine id="tr_1_tl_6" custom="readingOrder {index:5;}">
                <Coords points="306,3188 735,3287 1972,3153 2735,3283 2735,3079 2457,2981 1958,3090 1789,3002 1656,3083 306,3062"/>
                <Baseline points="325,3175 370,3169 414,3166 459,3166 504,3163 549,3163 593,3163 638,3157 683,3157 728,3157 772,3157 817,3157 862,3151 907,3151 951,3145 996,3148 1041,3148 1086,3151 1131,3148 1175,3148 1220,3148 1265,3148 1310,3151 1354,3148 1399,3154 1444,3154 1489,3157 1533,3151 1578,3151 1623,3154 1668,3154 1712,3151 1757,3151 1802,3148 1847,3148 1892,3151 1936,3148 1981,3148 2026,3151 2071,3148 2115,3151 2160,3148 2205,3148 2250,3145 2294,3145 2339,3142 2384,3145 2429,3145 2473,3148 2518,3151 2563,3151 2608,3151 2653,3154 2697,3154 2742,3148"/>
                <TextEquiv>
                    <Unicode>der gelbgedetuter i besiedler Karte</Unicode>
                </TextEquiv>
            </TextLine>
            <TextLine id="tr_1_tl_7" custom="readingOrder {index:6;}">
                <Coords points="295,3441 2812,3378 2812,3276 2506,3213 1919,3269 1765,3164 1582,3251 647,3294 295,3206"/>
                <Baseline points="313,3351 358,3354 402,3357 447,3360 492,3363 537,3363 581,3369 626,3369 671,3369 716,3369 760,3366 805,3363 850,3366 895,3366 940,3363 984,3363 1029,3360 1074,3360 1119,3360 1163,3360 1208,3360 1253,3363 1298,3363 1342,3366 1387,3366 1432,3366 1477,3366 1521,3363 1566,3363 1611,3360 1656,3354 1701,3354 1745,3354 1790,3354 1835,3354 1880,3354 1924,3354 1969,3354 2014,3354 2059,3357 2103,3357 2148,3357 2193,3357 2238,3357 2282,3354 2327,3357 2372,3357 2417,3357 2462,3366 2506,3366 2551,3366 2596,3366 2641,3369 2685,3369 2730,3369 2775,3366 2817,3375 2820,3378"/>
                <TextEquiv>
                    <Unicode>Aufhebend überlegen Berpald angeletet.</Unicode>
                </TextEquiv>
            </TextLine>
            <TextLine id="tr_1_tl_8" custom="readingOrder {index:7;}">
                <Coords points="327,3568 534,3575 721,3698 1325,3649 1624,3715 1772,3687 1768,3427 953,3448 745,3519 327,3445"/>
                <Baseline points="346,3542 390,3545 435,3551 480,3560 525,3563 570,3569 614,3572 659,3572 704,3575 749,3575 793,3578 838,3578 883,3575 928,3575 972,3575 1017,3572 1062,3575 1107,3578 1151,3578 1196,3581 1241,3581 1286,3584 1331,3578 1375,3575 1420,3575 1465,3575 1510,3575 1554,3575 1599,3578 1644,3575 1689,3569 1733,3566 1778,3566"/>
                <TextEquiv>
                    <Unicode>Hier weilt nich get.</Unicode>
                </TextEquiv>
            </TextLine>
        </TextRegion>
    </Page>
</PcGts>
