3307 4200
1114 239 1695 481 Eister Aufsind
2651 274 2877 552 912.
232 565 2441 804 Großer Seal im Schlondes Freih v. Mayenau.
1569 759 2399 988 n lnft eine
210 746 1482 985 Thine rechts.
210 917 2715 1091 Sespe Evendelles Werdeltuppe (Huplanger
2037 1046 2189 1137 tres
236 1095 2438 1324 Thine links - Werte Eiker wil haben
207 1243 2599 1518 Bosenflustein; Blut auf die Landschaft
229 1469 2693 1643 Hofgegend, nicht nichtbar den Hufs. Verdauernd
171 1576 2767 1844 Hügel in der Ferne. Bis an die Teilen bereit
207 1805 2289 1999 wägen die Bauernspfel des Tanks-
242 1999 2441 2157 Ia 2. die hille de Stad ist leer
207 2102 2444 2302 On der wärden Familien belebt.
210 2292 2602 2467 R links in Romie, dom in mopin
200 2431 2690 2664 Titl. Liviels, nie mit will on der Wände
168 2615 2512 2896 stet.. In like in Tisch wil Lessel
207 2790 2586 3077 dens: Auf dem Tisch liegen Bücher im
190 3022 1824 3248 Schriften.. (Bibliothek) -
287 3193 1924 3445 Später Morgen, in Man.
