3416 4136
587 491 1692 766 Weiher (aus dem 2. Akt.)
614 721 2589 959 (Unseliger Gemeinschaft zu verlöschen)
587 909 1126 1099 Sylvester:
587 1013 2979 1239 Du spriehst von einer Frau, die du nicht kennst
593 1194 2446 1370 Willst du vermessen über Fernen hin
605 1358 2496 1525 In eine fremde Menschenseele schaun?
599 1525 1093 1725 Loonilda:
593 1614 2496 1847 So wenig fremd mir als ihr Angesicht
617 1823 2732 2011 Drin ihre Seel ich treu sich spiegeln sah,
608 1999 1159 2172 Sylvester:
608 2130 2544 2317 Ein einziges Mal und einen Abend lang.
623 2297 2404 2454 Mit Kinderaugen hat du sie gesehn.
620 2440 1102 2553 Leonilda:
623 2463 2160 2639 Jedoch an einem Abend angetan
614 2562 2630 2794 Aus Kinderträumen jähmich auf zuwecken.
614 2770 1162 2955 Sylvest er:
631 2845 2723 3080 Der Abend war's,an dem ein Trennungswort
700 3062 2615 3226 -Für ewig sollt es gelten,dachten wir
631 3214 2559 3396 mit Herbe von mir ausgesprochen ward.
631 3333 2645 3530 Und sie aus wundem Herzen Lied um Lied
637 3524 1939 3741 Ins Dämmer klingen liess.
1892 3643 2785 3831 Ich hört es wohl.
634 3712 1135 3881 Loonilda:
