<?xml version="1.0" encoding="UTF-8" standalone="yes"?>
<PcGts xmlns="http://schema.primaresearch.org/PAGE/gts/pagecontent/2013-07-15" xmlns:xsi="http://www.w3.org/2001/XMLSchema-instance" xsi:schemaLocation="http://schema.primaresearch.org/PAGE/gts/pagecontent/2013-07-15 http://schema.primaresearch.org/PAGE/gts/pagecontent/2013-07-15/pagecontent.xsd">
    <Metadata>
        <Creator>prov=READ-COOP:name=TrHtr:version=2.1.0:model_id=51170:date=30_07_2023_00:03</Creator>
        <Created>2023-05-10T13:22:03.320+02:00</Created>
        <LastChange>2023-07-30T00:03:23.241+02:00</LastChange>
        <TranskribusMetadata docId="1428574" pageId="55411605" pageNr="127" tsid="131470967" status="IN_PROGRESS" userId="64420" imgUrl="https://files.transkribus.eu/Get?id=OJMUHITJPQAULOZKVOBFAOEN&amp;fileType=view" xmlUrl="https://files.transkribus.eu/Get?id=COBWGCUOZOLJRHIUZJNWDJRH" imageId="44685748"/>
    </Metadata>
    <Page imageFilename="1428574_0127.jpg" imageWidth="3368" imageHeight="4120">
        <ReadingOrder>
            <OrderedGroup id="ro_1711792246005" caption="Regions reading order">
                <RegionRefIndexed index="0" regionRef="tr_1"/>
            </OrderedGroup>
        </ReadingOrder>
        <TextRegion id="tr_1" custom="readingOrder {index:0;}">
            <Coords points="137,550 2910,550 2910,2174 137,2174"/>
            <TextLine id="tr_1_tl_1" custom="readingOrder {index:0;}">
                <Coords points="662,635 2778,648 2781,521 665,513"/>
                <Baseline points="677,618 680,618 725,618 770,618 815,618 859,618 904,618 949,618 994,618 1038,618 1083,620 1128,618 1173,618 1218,615 1262,615 1307,615 1352,615 1397,612 1442,615 1486,612 1531,612 1576,612 1621,612 1665,612 1710,612 1755,612 1800,615 1845,615 1889,615 1934,612 1979,612 2024,612 2068,612 2113,609 2158,609 2203,609 2248,606 2292,606 2337,606 2382,606 2427,606 2472,606 2516,606 2561,606 2606,603 2651,603 2695,600 2740,600 2785,606"/>
                <TextEquiv>
                    <Unicode>Anselm: (zum Freiherrn) Sie stehen an den</Unicode>
                </TextEquiv>
            </TextLine>
            <TextLine id="tr_1_tl_2" custom="readingOrder {index:1;}">
                <Coords points="662,883 1112,844 1195,886 1531,850 1669,886 1669,723 1630,709 1382,720 1170,681 1079,731 662,695"/>
                <Baseline points="677,776 722,770 767,770 812,770 856,770 901,773 946,770 991,773 1035,773 1080,773 1125,773 1170,770 1215,770 1259,770 1304,770 1349,770 1394,770 1439,770 1483,767 1528,770 1573,770 1618,770 1662,776 1677,776"/>
                <TextEquiv>
                    <Unicode>Grenzen, sie warten.</Unicode>
                </TextEquiv>
            </TextLine>
            <TextLine id="tr_1_tl_3" custom="readingOrder {index:2;}">
                <Coords points="665,1123 2770,1092 2855,1076 2855,921 2389,1015 665,990"/>
                <Baseline points="680,1086 710,1083 755,1080 800,1080 844,1077 889,1080 934,1080 979,1080 1024,1080 1068,1080 1113,1083 1158,1083 1203,1080 1247,1077 1292,1080 1337,1080 1382,1080 1427,1077 1471,1077 1516,1074 1561,1074 1606,1074 1650,1071 1695,1074 1740,1074 1785,1071 1830,1068 1874,1071 1919,1071 1964,1074 2009,1071 2054,1068 2098,1068 2143,1065 2188,1065 2233,1065 2277,1065 2322,1065 2367,1068 2412,1065 2457,1065 2501,1062 2546,1065 2591,1065 2636,1062 2680,1059 2725,1059 2770,1062 2815,1065 2860,1065"/>
                <TextEquiv>
                    <Unicode>Leonilda: (zu Anselm) Wie schnell dies kam.</Unicode>
                </TextEquiv>
            </TextLine>
            <TextLine id="tr_1_tl_4" custom="readingOrder {index:3;}">
                <Coords points="657,1250 2800,1264 2800,1167 2668,1131 657,1178"/>
                <Baseline points="671,1238 701,1236 746,1236 791,1236 835,1236 880,1236 925,1236 970,1236 1015,1236 1059,1236 1104,1236 1149,1233 1194,1233 1238,1233 1283,1230 1328,1230 1373,1230 1418,1233 1462,1230 1507,1230 1552,1227 1597,1227 1642,1227 1686,1230 1731,1230 1776,1230 1821,1233 1865,1233 1910,1233 1955,1230 2000,1227 2045,1227 2089,1224 2134,1221 2179,1224 2224,1221 2268,1221 2313,1221 2358,1221 2403,1221 2448,1221 2492,1218 2537,1218 2582,1215 2627,1215 2672,1215 2716,1218 2761,1224 2806,1227"/>
                <TextEquiv>
                    <Unicode>Anselm; Ob in einen Tag,ob in einem Jahr,</Unicode>
                </TextEquiv>
            </TextLine>
            <TextLine id="tr_1_tl_5" custom="readingOrder {index:4;}">
                <Coords points="662,1418 756,1404 850,1462 1161,1393 1291,1401 1490,1495 1705,1443 1782,1481 1782,1297 662,1335"/>
                <Baseline points="677,1391 713,1385 758,1385 803,1388 847,1388 892,1388 937,1388 982,1388 1027,1388 1071,1388 1116,1388 1161,1388 1206,1388 1250,1388 1295,1388 1340,1388 1385,1391 1430,1391 1474,1385 1519,1385 1564,1385 1609,1385 1653,1382 1698,1382 1743,1382 1788,1382"/>
                <TextEquiv>
                    <Unicode>ist das nicht gleich?</Unicode>
                </TextEquiv>
            </TextLine>
            <TextLine id="tr_1_tl_6" custom="readingOrder {index:5;}">
                <Coords points="657,1763 2792,1699 2775,1600 2326,1561 2039,1630 1561,1564 1181,1639 1021,1570 657,1589"/>
                <Baseline points="671,1707 695,1713 740,1710 785,1704 829,1704 874,1704 919,1704 964,1704 1009,1701 1053,1701 1098,1701 1143,1698 1188,1698 1233,1698 1277,1701 1322,1698 1367,1698 1412,1698 1456,1698 1501,1695 1546,1695 1591,1695 1636,1695 1680,1692 1725,1695 1770,1692 1815,1692 1859,1692 1904,1695 1949,1695 1994,1692 2039,1689 2083,1689 2128,1689 2173,1689 2218,1689 2263,1689 2307,1689 2352,1686 2397,1686 2442,1686 2486,1689 2531,1689 2576,1686 2621,1686 2666,1683 2710,1683 2755,1680 2800,1680"/>
                <TextEquiv>
                    <Unicode>Im dritten Akt,eben wie Anselm den Degen</Unicode>
                </TextEquiv>
            </TextLine>
            <TextLine id="tr_1_tl_7" custom="readingOrder {index:6;}">
                <Coords points="259,1708 276,1708 292,1724 301,1721 314,1732 326,1724 361,1724 370,1567 348,1567 334,1553 317,1564 301,1556 268,1553"/>
                <Baseline points="274,1695 277,1698 322,1692 367,1692"/>
                <TextEquiv>
                    <Unicode>m</Unicode>
                </TextEquiv>
            </TextLine>
            <TextLine id="tr_1_tl_8" custom="readingOrder {index:7;}">
                <Coords points="687,1909 2613,1840 2775,1917 2800,1796 690,1782"/>
                <Baseline points="701,1859 746,1856 791,1854 835,1854 880,1856 925,1856 970,1856 1015,1854 1059,1854 1104,1854 1149,1854 1194,1854 1238,1854 1283,1854 1328,1851 1373,1851 1418,1848 1462,1848 1507,1851 1552,1851 1597,1848 1642,1848 1686,1848 1731,1848 1776,1848 1821,1848 1865,1845 1910,1845 1955,1845 2000,1845 2045,1848 2089,1845 2134,1845 2179,1845 2224,1845 2268,1842 2313,1845 2358,1842 2403,1842 2448,1842 2492,1842 2537,1839 2582,1836 2627,1836 2672,1836 2716,1836 2761,1836 2806,1839"/>
                <TextEquiv>
                    <Unicode>zieht, kommt die Kunde vom ausgebrochenen</Unicode>
                </TextEquiv>
            </TextLine>
            <TextLine id="tr_1_tl_9" custom="readingOrder {index:8;}">
                <Coords points="121,1920 141,1917 166,1895 188,1893 212,1873 223,1879 237,1873 246,1881 270,1876 270,1755 237,1757 218,1768 204,1763 185,1768 168,1782 138,1768 121,1771"/>
                <Baseline points="137,1839 182,1839 226,1839 271,1839 274,1839"/>
                <TextEquiv>
                    <Unicode>re</Unicode>
                </TextEquiv>
            </TextLine>
            <TextLine id="tr_1_tl_10" custom="readingOrder {index:9;}">
                <Coords points="690,2025 1115,2088 1338,2008 1506,2061 2902,2003 2902,1928 2786,1906 690,1906"/>
                <Baseline points="704,2012 716,2009 761,2009 806,2009 850,2009 895,2012 940,2012 985,2012 1030,2012 1074,2009 1119,2009 1164,2009 1209,2006 1253,2006 1298,2003 1343,2006 1388,2006 1433,2003 1477,2003 1522,2003 1567,2003 1612,2003 1656,2000 1701,2000 1746,2000 1791,2000 1836,1997 1880,2000 1925,1997 1970,1997 2015,1997 2060,1997 2104,2000 2149,2000 2194,1997 2239,1997 2283,1997 2328,1997 2373,1997 2418,1997 2463,1997 2507,1994 2552,1994 2597,1994 2642,1994 2686,1994 2731,1991 2776,1991 2821,1991 2866,1988 2910,1991"/>
                <TextEquiv>
                    <Unicode>Krieg. Nun hat er nicht mehr das pecht sein</Unicode>
                </TextEquiv>
            </TextLine>
            <TextLine id="tr_1_tl_11" custom="readingOrder {index:10;}">
                <Coords points="690,2177 1007,2224 1432,2166 1870,2246 2086,2204 2088,2086 2006,2066 1699,2110 1426,2058 1217,2099 692,2069"/>
                <Baseline points="704,2161 749,2161 794,2161 838,2161 883,2161 928,2161 973,2164 1018,2164 1062,2161 1107,2161 1152,2158 1197,2158 1241,2161 1286,2164 1331,2164 1376,2161 1421,2158 1465,2161 1510,2161 1555,2161 1600,2161 1645,2161 1689,2158 1734,2161 1779,2158 1824,2158 1868,2155 1913,2155 1958,2155 2003,2155 2048,2155 2092,2158"/>
                <TextEquiv>
                    <Unicode>Leben aufs Spiel zu setzen.</Unicode>
                </TextEquiv>
            </TextLine>
        </TextRegion>
    </Page>
</PcGts>
