3283 4232
2336 375 2829 569 luddert.
639 338 1845 588 Frh. Lisabstuën! -
944 499 3109 798 one fellt dir bei!) The Ouse n'ar is tell.
682 691 2902 974 Ihr Lächeln so gefällig, wes der Welt
676 968 3042 1285 Von Frau verlangt, die ihrer Gaben gleich
1608 1142 2354 1285 in B’hveuspel chez
807 1185 3075 1471 Tour de Sang in freiem Butneuspul
764 1449 3103 1641 Um Kloijer des jeniers de menge hebben
566 1596 2832 1815 den. Glaubst die, sie Kniet mit oben zurück:-
600 1775 877 1994 1rt
2065 1787 2777 2022 Nul schellte
1309 1912 1650 2125 forren
618 1985 2801 2192 Aus hundert Hädten laut ihr Name.
591 2138 2798 2409 In der längst in ein seiner Stille und
627 2317 2835 2619 Und eher & anderen Hoff in Liebe; - Tete
636 2533 2893 2756 Und Td jenemann eine Stipetin.
636 2707 2887 2938 As diese zwei: Verschollenheit i Rübst.
658 2914 2978 3124 Er k mit allein - u. näre all der Jahre. -
655 3048 3106 3359 mod - sollt' u sein. - Cellein i heiaatfen.
585 3252 1891 3441 Sevr. Er veietter wohl.
630 3356 850 3517 Tit
1574 3404 3121 3602 Nos hat ihn vieverbauert.
652 3535 1620 3767 ten. Verfogt: -
661 3739 877 3901 1st
1331 3639 3115 3949 Nie durch ihm willich gefahr
