3656 4408
2952 372 3093 559 87
1274 596 3226 734 zurück. Nimm sie für ewig, wenn sie dich
1272 729 3195 931 noch will. Aber ich rate dir gut.Kehre
1289 931 1889 1067 wieder he im
1291 1053 2127 1230 Sylvester: Heim?
2028 1152 2227 1240 alhil
1281 1162 3054 1386 Freiherr: Zu Teresa.Sie nimmt dich
1284 1315 3187 1529 sicher wieder auf, wie sie's so oft ge
1301 1483 3236 1658 tan. Hier hast du nichts mehr zu such###
1306 1656 3054 1816 Ich seh's ja an deinem Blicke, dass
1306 1809 2346 1950 du's weisst Junker
1318 1904 3114 2052 Sylvester: Der xxx Konrad...Mein
1964 2042 2091 2113 G.C.F.P.
1264 2035 3068 2208 Blick geht über ihn hinweg. "Kannst
1313 2186 3170 2339 du das wirklich glauben? Ihr seid ja
1306 2341 3131 2477 alle - der Sekretär und du - in den
1310 2490 3141 2638 wenigen Stunden, zwei Nächte und ein
1335 2699 1641 2818 Tag,...
1327 2752 3265 2966 Freiherr: Man weiss von Wandlungen, die
1318 2915 3241 3119 in kürzerer Zeit geschehen sind.Kehre
1330 3095 2208 3268 heim, mein Freund.
1330 3221 3027 3452 Sylvester: Ich will sie sprechen.
1201 3421 3037 3615 Freiherr: Wozu? Sieh sie doch an.
1357 3567 3200 3717 Sylvester: Sprechen will ich sie. Das
1342 3722 3197 3895 kannst du, das kann sie mir nichtver-
