3368 4072
2778 255 2933 470 33
775 458 1864 730 Freiherr und Dichter.
775 659 1870 888 Der Freiherr gläubig.
778 795 2982 982 Der Dichter:Determinist: Alles Zufall. Dies
778 911 2882 1171 geschah weil jenes geschah,dies muss ich
781 1064 2778 1327 tun, weil ich so bin. Ich habe nicht die
781 1293 1061 1460 Wahl.
784 1375 2829 1601 Freiherr: Du hast die Wahl. Und dass du
784 1519 2826 1791 schwankst zeigt,dass du wählst. Von dir
789 1720 3052 1955 hängt der Lauf der Welt in jedem Augenblick
789 1887 962 2090 ab.
786 1952 2837 2252 Dichter: Wäre es so,so wär ich Gott und
789 2209 1525 2399 mehr als Gott.
795 2271 3069 2523 Freiherr: Du bist es. Immer um etwas grösser
801 2450 2885 2684 als dein Gott.Er ist in dir.Du aber bist
801 2608 2936 2809 Gott und die Welt und alle Fäden, die zwi-
798 2778 2783 3001 schen Welt und Gott hin und herlaufen.
