3352 4072
2685 376 2818 500 48
503 597 888 762 zieren.
503 694 2871 924 Der Freiherr und die Schwägerin.Sie berichtet
515 871 2621 1071 ihm, was sich während dieser zwei Tage im
500 1059 1518 1224 Schlæs zugetragen.
515 1194 2665 1379 Freiherr: Was tut's? Sie wird seine Frau.
515 1324 2774 1529 Schwägerin: Hat er schon um sie angehalten?
518 1503 1782 1665 Freinerr: Er wird es tun.
526 1609 2859 1841 Seine erhöhee Stimmung.Er spricht vom Kaiser.
518 1756 2094 1985 Der Freiherr und der Sekretär.
506 1959 2009 2147 Freiherr: Komust du mit mir?
538 2077 2682 2294 Der Sekretär schwankt, denn es ist ihm, als
535 2288 2518 2444 würde nun das Schicksal Herr über ihn.
538 2529 2803 2750 Der Dichter kommt zurück, zum Freiherrn: Ich
547 2694 2809 2900 löse mein Wort ein, ich bin frei,Gott selbst
550 2800 2891 3074 hat es gewollt.Was geht mich Ludovika an? Das
553 3059 1235 3206 Kind ist tot.
544 3171 2862 3368 Der Freiherr zögert beinahe ihn aufzuklären.
559 3306 2871 3506 Endlich sagt er: Du kommst zu spät.Frage sie
568 3503 938 3700 selbst.
