3315 4232
201 348 2137 696 Trib. Den ungern feuer fast - :/
1338 570 2711 843 Nod der erwiessten.
136 810 2926 1119 Th. Il weiß weht, wer die Vater overige V.
2984 929 3167 1183 me
280 1065 1395 1323 Ihn - oder mich.
1079 1234 2858 1546 Nicht wie viele Voll sagte
219 1280 423 1510 P.
2299 1449 2435 1574 de
240 1578 2930 1840 Seil Ehr de Hof verliept botz diener Revole
251 1736 2661 2026 Vere oist sei hies tlet. die hosede
273 1990 3131 2267 Ein an - verdronen - sehr art - auf alle horend
190 2173 2887 2475 du chameau d'aller. Je deux ou martlen
240 2392 2959 2665 a me es mornbval, beiver will - ik ults
1069 2564 1567 2740 me not.
258 2604 3134 2880 The seeds - gar womnt ager i nys in Lood-
1252 2772 2209 2944 was allez retlev
251 2815 2944 3116 tres eenige, der den Reiser Telfes Bruck
244 3041 2844 3360 Und dem gelang, -in seine sehr anbe Sec.
2822 3159 2948 3400 le
251 3346 1531 3601 notwenden ent
1553 3274 2693 3672 chlusser R. G. R.
2708 3443 3099 3708 - reply
