3307 4216
923 266 1165 458 sud
830 355 2877 597 dann eine Inoder noch unbeschickt.
796 548 3060 780 Ou dus beschriebenen Valle Hand.
621 743 1533 1006 Ist. Naturleit
1208 886 3000 1201 and in standen ever parts.
481 956 870 1211 and
654 1148 2788 1483 For. Karilite Fines gegenk.
514 1334 3110 1570 Pre test in.. "Hie letzte Sätge aus, daß it
558 1540 3213 1915 In der Zusammenhang wich weder finde
594 1779 3259 2064 Oud; Vn eenre blord in flomen Ruebenslan
541 2031 2914 2316 the boten eviter (allquirast benat
571 2214 3057 2579 Tir une dahre - u petitte eilf wie ist.)
591 2509 3043 2791 Begrifte ouil - so u et prie ersten Mal
607 2751 2854 3037 En Glanz in angebener Majestät
664 2891 3169 3193 Und als er huldreich lähelnd zuar; jedoch
627 3123 3136 3405 Mit fürstlicher Gebäude nur der Hand
604 3299 3023 3601 I'm home bot - iech went inedubengh
624 3498 2824 3734 Sie bin mit der Tippes je ben tage
654 3700 3063 3946 Schmölf und das Herz- und will es
2293 3886 2612 4029 be vt
