3384 4184
2665 239 2804 405 97.
994 375 2896 574 Konrad: Hochzeit? Ist jetzt die Zeit
1009 579 2071 748 von derlei zu reden?
997 701 2976 898 Freiherr: Ich denke wohl, da schon Ver¬
1009 885 1596 1059 lobung war.
1012 1024 2829 1238 Leonilda: Das sind wir nicht Vater.
1019 1164 2926 1360 Freiherr; Nun, wie Ihr’s nennen wollt.
997 1335 2790 1502 Da Ihr vor Gott vermählt, so soll's
1007 1474 2849 1646 doch, denk ich mir, wie’s üblich war,
1009 1646 2377 1835 vor dem Priester geschehn.
1009 1790 2854 1954 Konrad: Vor Gott vermählt? Hat Gott
1004 1939 2934 2146 Euch das verraten? Wie ich ihn kenne,
1014 2101 2795 2295 plaudert er Geheimnisse nicht aus.
1022 2240 2857 2469 Freiherr: Ich denke Konrad,Ihr seid
1019 2402 2809 2576 Eures Vaters Sohn und der Mann auf
1009 2546 2479 2742 Euch zu nehmen Wert und Tat.
1009 2710 2914 2869 Konrad: Ist’s so gemeint. Ihr findet
1019 2911 2966 3051 also,- nun, verzeiht, ich nehme wohl auf
1019 3001 2884 3195 mich, was ich sprach und tat,doch tu
1024 3165 2988 3361 ich immer, was mir just beliebt. Rechen-
1027 3322 2959 3506 schaft mit Worten geb ich nie. Den Tag
1022 3498 2974 3675 meiner Hochzeit festzusetzen überlass
1037 3640 3001 3824 ich keinem Andern und wenn ich niemals
1027 3799 3028 3995 Hochzeit feiere, kümmert's keinen- und
