3416 4072
675 528 2642 763 Nicht mehr als Abenteuer auf dem Weg,
660 725 2721 904 Dies Eine, das - Euch Frauen vorbehalten
666 910 2712 1042 Gehe imnisvoll den flücht 'gen Augenblick
666 1024 2768 1180 Vom Glanz der Ewigkeiten leuchten lässt
657 1162 3017 1341 Dem ist ’s - wenn keinem andern dem - verliehn
652 1321 2850 1485 Die Frau, an der es sich erfüllt, zu wandeln.
660 1476 1153 1638 Le onilda:
693 1603 3011 1793 Das glaub ich wohl. Und weiss auch: ehrfurchts-
2471 1770 2688 1878 voll
655 1817 2835 1966 Beugt ich vor jeder Mutterschaft das Knie,
637 1928 2530 2128 Die, ob ersehnte Gnade heiss bedankt,
649 2125 2700 2301 Ob ohne Freude, ja als schmach getrage“,
637 2280 2586 2439 Die als ein Schicksal, ungerufen kommt
634 2433 2774 2571 Doch wenn, was eine Jugend lang verschmäht
628 2589 2829 2732 Wohl gar gefürchtet war - ein später Segen
616 2744 2788 2923 Zu allzu rechter Zeit erscheint, vor allem
613 2867 2809 3061 Darum gepriesen, weil die „raft ihm eignet,
619 3035 2812 3184 Den einst geliebten,stets bewährten Freund
622 3223 2694 3358 Mit neuem Band unlöslich fest zu ketten,
619 3369 2812 3525 Wahrlich, was mich vor solcher Mutterschaft
628 3507 2891 3631 zur Ehrfurcht rühre sollte, weiss ich nicht,
619 3595 1556 3701 Sylvester: (heftig)
625 3663 2298 3868 su sprichstewas zu Licht darfst.
