3368 4056
2667 386 2782 523 44
692 546 2719 789 Dichter: Mir ist, als hätte ich Freunde.
412 626 575 883 .1.
689 735 2847 912 Doch die einen sind längst tot,die andenn
706 852 2810 1049 kommen erst,wenn ich längst verschwunden
706 1055 938 1224 bin.
706 1181 3005 1352 Gespenster der Vergange nheit und der Zukunft.
715 1326 2982 1538 Und wie mancher ging dahin und wusste nicht
726 1507 2030 1681 wie sehr ich ihn geliebt.
732 1672 2461 1855 Lydia scheint ihm nur ein Symbol.
723 1798 2702 2044 Freiherr: Das ist Eure letzte Ausrede.
