3307 4216
455 319 1846 630 Le Heuvel en dit né
1594 585 2928 904 V. ellert die Holl.
361 592 651 883 An
455 830 3198 1212 Dr. Und wie entchendets:- Ob wir gleichbet
2749 1107 3149 1257 mir
420 1229 3166 1552 Ob elevd - eines tres.. Kist ob verdamne
427 1503 3082 1776 nul ob gesepet - ich Gulden aus das
490 1702 2984 1979 El in an ende in one C andries det.
448 1926 3268 2175 Uor ob wisdom hap wieder kw jenst
441 2189 1881 2480 An Erilders kind
1433 2378 2834 2630 dit mevie tritte. Je
522 2462 693 2672 T.
382 2616 3163 2963 Un end ein Weib - wie andre Mädchen amt.
410 2893 3184 3219 It will a we vergene. Bls 1. vers oud chef
483 3128 3180 3411 Trägt in der Blich zu leicht. Curelau, diese
483 3348 3275 3695 He is the week as some two shald as if
434 3520 2781 3769 Um eie efuhr og - de this ori
560 3671 3159 4031 ich auf das Scheidung offenlas un beide
