3400 4136
541 519 1036 702 Freiherr:
550 574 2895 869 Eher erringt der Bettler ungeahnten Reichtum,
574 768 2883 996 eher ein Unbekannter Unsterblichkeit, eher er-
571 914 2925 1163 lebt der Nüchterne einen Rausch, den er nie ge-
574 1060 2934 1306 ahnt, all dies im Bereich der Möglichkeit, doch
580 1179 2880 1464 nie erringst du ein Herz,so sehr es einstds
583 1440 1962 1671 deine war, das du verloren.
611 1686 2585 1935 Verwesung hinter uns, vor uns Geheimnis
611 1835 2709 2114 Pflicht ist’s inmitten beider,ohne Graun
614 1965 2658 2284 Zu Arbeit und Genuss sich einzurichten.
650 2497 1801 2716 (Der Brief des Kaisers)
659 2548 2886 2855 Kannst du vergessen, dass ich dich gekränkt,
668 2779 2703 3025 So wisse, dass in schicksalsvoller Nahht
668 2877 2776 3171 Nicht einen Edlen seines Reichs der Herr
683 3047 3132 3381 Jedoch der Freund den Freund zu sich bescheidet,
