3432 4200
2803 362 3009 526 106
1100 488 2889 684 lockt es mich mit dem Jüngling, der
1087 619 3042 825 beinah mein Freund geworden, gründlich
1079 833 2919 976 abzurechnen. Er soll der Erste sein.
1079 1014 2982 1135 Eben er. Und glaubt mir, ich bin kein
1074 1157 3007 1366 Verräter. Doch dies war eine schlimme
1052 1276 3075 1439 Zeit, als Fürst- und Vaterland nicht das
1054 1464 3020 1595 selbe für mich bedeuteten Was immerhin
1054 1633 2999 1787 nun geschehen möge,viel Glück für die
1049 1782 3070 1915 Zukunft Euch, Leonilda, und Euch, Freiherr
1057 1917 3002 2086 von Maienau. (er geht) (Vuwenst Glocle
1044 2081 3007 2234 Sylvester: (war schon früher verschwun-
1034 2219 1293 2383 den).
1555 2255 2541 2418 sagt du même
