3291 4248
152 255 2811 546 Eil et webt, enschmodet wir - in Uferstelten
972 483 2735 698 list with in life that the other asf
275 622 2887 939 Bis nur nach Rueser Weile rundismapuels
354 850 2841 1062 Von ihrer Haare blondern Reis in leichter
212 883 2844 1191 The blape Hapt u sesit in weiter hilk
404 1095 1736 1290 Umheilung ihres Bladhalt
1723 1118 2276 1250 euchterin
308 1171 2815 1432 nich nieder tricht die Küsteraus in ein-
351 1326 579 1488 from
1095 1336 2557 1478 nicht in die ehelheit die collin¬
337 1386 2930 1667 had wellennover  bejlerteus
1449 1535 2272 1650 I am in let me
344 1588 2993 1842 Verwält Ihr zu sein auch, - ihr Tich entfernen.
334 1816 2762 2074 Verratt wir ziehe - ihr - Entfernen.
1082 1955 1670 2166 ehr haben.
394 2097 3013 2411 Verklugt, - schrift wieder an - zu lindem
2345 2305 2871 2510 Konnten
526 2395 3040 2689 Noir eben Verklärigen eben, eben sehr, die wie alle auf.
384 2520 2934 2795 Und sin erfyleilend, wie emporzetigen
427 2729 3026 3073 Zenüber wir auf sich vielen Wissenstrafe
397 2944 2689 3308 The fable nacht dircken lbernd
1928 3188 2702 3436 slebt in die
2524 3314 2930 3486 in l. v.
453 3288 3003 3628 In Landstein - regis ugslos -; es isi eines
2176 3572 2844 3873 Coppen
