<?xml version="1.0" encoding="UTF-8" standalone="yes"?>
<PcGts xmlns="http://schema.primaresearch.org/PAGE/gts/pagecontent/2013-07-15" xmlns:xsi="http://www.w3.org/2001/XMLSchema-instance" xsi:schemaLocation="http://schema.primaresearch.org/PAGE/gts/pagecontent/2013-07-15 http://schema.primaresearch.org/PAGE/gts/pagecontent/2013-07-15/pagecontent.xsd">
    <Metadata>
        <Creator>prov=READ-COOP:name=TrHtr:version=2.1.0:model_id=51170:date=30_07_2023_00:01</Creator>
        <Created>2023-05-10T13:21:41.533+02:00</Created>
        <LastChange>2023-07-30T00:01:38.527+02:00</LastChange>
        <TranskribusMetadata docId="1428574" pageId="55410878" pageNr="19" tsid="131470835" status="IN_PROGRESS" userId="64420" imgUrl="https://files.transkribus.eu/Get?id=BGHNPLXVCTTXGBBOZRXANKIT&amp;fileType=view" xmlUrl="https://files.transkribus.eu/Get?id=EZEBPQJIULIPDGEJZFCYXXZX" imageId="44685021"/>
    </Metadata>
    <Page imageFilename="1428574_0019.jpg" imageWidth="3400" imageHeight="4184">
        <ReadingOrder>
            <OrderedGroup id="ro_1711792145162" caption="Regions reading order">
                <RegionRefIndexed index="0" regionRef="tr_2"/>
                <RegionRefIndexed index="1" regionRef="tr_1"/>
            </OrderedGroup>
        </ReadingOrder>
        <TextRegion id="tr_2" custom="readingOrder {index:0;}">
            <Coords points="1017,448 2972,448 2972,1755 1017,1755"/>
            <TextLine id="tr_2_tl_1" custom="readingOrder {index:0;}">
                <Coords points="2793,545 2813,543 2818,548 2845,533 2862,543 2887,543 2894,535 2919,540 2926,533 2939,533 2939,437 2919,437 2907,424 2899,427 2894,422 2885,427 2835,424 2820,434 2793,429"/>
                <Baseline points="2808,501 2852,501 2897,498 2942,504"/>
                <TextEquiv>
                    <Unicode>98</Unicode>
                </TextEquiv>
            </TextLine>
            <TextLine id="tr_2_tl_2" custom="readingOrder {index:1;}">
                <Coords points="1036,718 1717,753 2951,681 2934,572 2085,580 1863,489 1683,555 1036,575"/>
                <Baseline points="1050,647 1095,647 1140,650 1184,647 1229,650 1274,650 1319,653 1363,653 1408,656 1453,653 1498,650 1542,650 1587,653 1632,653 1677,653 1721,653 1766,656 1811,656 1856,659 1901,653 1945,656 1990,659 2035,659 2080,659 2124,659 2169,659 2214,662 2259,662 2303,662 2348,659 2393,665 2438,659 2482,656 2527,656 2572,653 2617,656 2662,656 2706,659 2751,659 2796,659 2841,656 2885,656 2930,656 2957,653"/>
                <TextEquiv>
                    <Unicode>wie man mit mir spricht, geb ich’s zu-</Unicode>
                </TextEquiv>
            </TextLine>
            <TextLine id="tr_2_tl_3" custom="readingOrder {index:2;}">
                <Coords points="1017,869 2672,896 2823,869 2823,703 2628,765 2430,701 2196,762 1017,738"/>
                <Baseline points="1029,802 1074,805 1119,805 1163,805 1208,808 1253,808 1298,808 1342,808 1387,808 1432,808 1477,808 1521,808 1566,808 1611,811 1656,808 1701,808 1745,808 1790,811 1835,808 1880,808 1924,808 1969,811 2014,808 2059,808 2103,808 2148,808 2193,814 2238,814 2282,814 2327,814 2372,814 2417,814 2462,811 2506,808 2551,808 2596,808 2641,808 2685,808 2730,811 2775,811 2820,808 2829,808"/>
                <TextEquiv>
                    <Unicode>rück. Frägt man mich was, so hab ich</Unicode>
                </TextEquiv>
            </TextLine>
            <TextLine id="tr_2_tl_4" custom="readingOrder {index:3;}">
                <Coords points="1024,1031 2966,1054 2966,886 1295,918 1024,859"/>
                <Baseline points="1038,954 1083,954 1128,957 1172,957 1217,957 1262,957 1307,960 1351,960 1396,960 1441,960 1486,963 1530,960 1575,963 1620,960 1665,963 1710,963 1754,963 1799,963 1844,963 1889,963 1933,960 1978,960 2023,963 2068,963 2112,960 2157,963 2202,963 2247,963 2291,963 2336,963 2381,963 2426,963 2471,963 2515,963 2560,963 2605,963 2650,966 2694,966 2739,966 2784,969 2829,966 2873,966 2918,963 2963,963 2972,963"/>
                <TextEquiv>
                    <Unicode>ebenso das Recht Ja wie Nein zu sagen</Unicode>
                </TextEquiv>
            </TextLine>
            <TextLine id="tr_2_tl_5" custom="readingOrder {index:4;}">
                <Coords points="1012,1175 2892,1170 2889,1036 2796,1017 2337,1068 2238,1019 2073,1068 1009,1034"/>
                <Baseline points="1026,1110 1071,1113 1116,1113 1160,1113 1205,1113 1250,1116 1295,1113 1339,1113 1384,1113 1429,1116 1474,1116 1519,1113 1563,1116 1608,1113 1653,1113 1698,1116 1742,1116 1787,1119 1832,1113 1877,1113 1921,1116 1966,1116 2011,1116 2056,1116 2100,1119 2145,1122 2190,1119 2235,1119 2280,1119 2324,1119 2369,1116 2414,1116 2459,1116 2503,1119 2548,1119 2593,1119 2638,1125 2682,1122 2727,1125 2772,1125 2817,1122 2861,1122 2897,1122"/>
                <TextEquiv>
                    <Unicode>und diesmal, in diesem Augenblick,ge</Unicode>
                </TextEquiv>
            </TextLine>
            <TextLine id="tr_2_tl_6" custom="readingOrder {index:5;}">
                <Coords points="1019,1335 1954,1365 2524,1273 2810,1315 2810,1212 2741,1184 2302,1226 1730,1175 1626,1226 1542,1177 1019,1179"/>
                <Baseline points="1032,1268 1077,1265 1122,1265 1166,1265 1211,1265 1256,1268 1301,1265 1345,1268 1390,1268 1435,1268 1480,1268 1524,1268 1569,1268 1614,1268 1659,1268 1704,1268 1748,1268 1793,1265 1838,1265 1883,1268 1927,1268 1972,1268 2017,1268 2062,1271 2106,1271 2151,1274 2196,1274 2241,1274 2285,1274 2330,1274 2375,1271 2420,1271 2465,1271 2509,1271 2554,1274 2599,1274 2644,1274 2688,1274 2733,1274 2778,1274 2817,1277"/>
                <TextEquiv>
                    <Unicode>fällt's mir eben Nein zu sagen. Ich</Unicode>
                </TextEquiv>
            </TextLine>
            <TextLine id="tr_2_tl_7" custom="readingOrder {index:6;}">
                <Coords points="1004,1453 1323,1503 1678,1441 1999,1510 2756,1461 2857,1448 2857,1305 2366,1369 2223,1330 2105,1399 2001,1335 1567,1379 1004,1335"/>
                <Baseline points="1017,1420 1062,1417 1107,1417 1151,1420 1196,1420 1241,1420 1286,1420 1331,1420 1375,1423 1420,1423 1465,1423 1510,1423 1554,1423 1599,1423 1644,1423 1689,1423 1733,1423 1778,1423 1823,1426 1868,1426 1912,1426 1957,1426 2002,1426 2047,1423 2092,1423 2136,1423 2181,1426 2226,1426 2271,1426 2315,1426 2360,1426 2405,1429 2450,1429 2494,1429 2539,1429 2584,1429 2629,1426 2673,1426 2718,1426 2763,1426 2808,1426 2852,1426 2864,1429"/>
                <TextEquiv>
                    <Unicode>küsse Euch die Hände, edles Fräulein</Unicode>
                </TextEquiv>
            </TextLine>
            <TextLine id="tr_2_tl_8" custom="readingOrder {index:7;}">
                <Coords points="1012,1604 2273,1683 2971,1601 2968,1505 2334,1555 1915,1485 1009,1485"/>
                <Baseline points="1023,1572 1068,1572 1113,1575 1157,1575 1202,1575 1247,1575 1292,1575 1336,1575 1381,1575 1426,1578 1471,1578 1516,1578 1560,1578 1605,1578 1650,1578 1695,1578 1739,1578 1784,1578 1829,1578 1874,1578 1918,1578 1963,1578 2008,1578 2053,1578 2097,1578 2142,1578 2187,1578 2232,1581 2277,1578 2321,1578 2366,1581 2411,1581 2456,1581 2500,1581 2545,1581 2590,1581 2635,1581 2679,1581 2724,1581 2769,1581 2814,1581 2858,1581 2903,1581 2948,1581 2972,1581"/>
                <TextEquiv>
                    <Unicode>Leonilda, auf Wiedersehen - vielleicht!</Unicode>
                </TextEquiv>
            </TextLine>
            <TextLine id="tr_2_tl_9" custom="readingOrder {index:8;}">
                <Coords points="1009,1786 2931,1762 2894,1670 2507,1638 1991,1693 1009,1658"/>
                <Baseline points="1023,1724 1068,1727 1113,1730 1157,1733 1202,1733 1247,1730 1292,1730 1336,1733 1381,1733 1426,1733 1471,1733 1516,1733 1560,1730 1605,1733 1650,1733 1695,1733 1739,1733 1784,1733 1829,1733 1874,1733 1918,1733 1963,1733 2008,1733 2053,1730 2097,1730 2142,1733 2187,1733 2232,1733 2277,1736 2321,1736 2366,1736 2411,1733 2456,1736 2500,1733 2545,1733 2590,1733 2635,1733 2679,1736 2724,1736 2769,1736 2814,1736 2858,1736 2903,1739 2936,1745"/>
                <TextEquiv>
                    <Unicode>Ich hoffe, doch ich verspreche nichts.</Unicode>
                </TextEquiv>
            </TextLine>
        </TextRegion>
        <TextRegion id="tr_1" custom="readingOrder {index:1;}">
            <Coords points="987,1836 2969,1836 2969,3919 987,3919"/>
            <TextLine id="tr_1_tl_1" custom="readingOrder {index:0;}">
                <Coords points="1009,1947 1503,1974 1989,1890 2208,1957 2364,1893 2623,1984 2936,1986 2936,1841 2727,1789 2352,1838 1009,1806"/>
                <Baseline points="1023,1889 1068,1886 1113,1886 1157,1889 1202,1889 1247,1889 1292,1892 1336,1889 1381,1886 1426,1889 1471,1889 1516,1889 1560,1889 1605,1892 1650,1889 1695,1889 1739,1889 1784,1889 1829,1889 1874,1889 1918,1889 1963,1889 2008,1889 2053,1889 2097,1886 2142,1892 2187,1889 2232,1892 2277,1892 2321,1892 2366,1892 2411,1889 2456,1892 2500,1892 2545,1895 2590,1892 2635,1889 2679,1895 2724,1892 2769,1892 2814,1892 2858,1892 2903,1895 2942,1901"/>
                <TextEquiv>
                    <Unicode>Leonilda: Auch ich verspreche nichts.</Unicode>
                </TextEquiv>
            </TextLine>
            <TextLine id="tr_1_tl_2" custom="readingOrder {index:1;}">
                <Coords points="999,2110 1303,2112 1379,2085 1599,2125 1740,2095 1898,2120 1898,1979 1782,1979 1717,1944 1653,1981 1587,1954 1372,1989 999,1959"/>
                <Baseline points="1014,2038 1059,2038 1104,2038 1148,2041 1193,2044 1238,2041 1283,2041 1328,2041 1372,2041 1417,2041 1462,2044 1507,2041 1551,2044 1596,2047 1641,2047 1686,2044 1730,2044 1775,2044 1820,2047 1865,2044 1901,2047"/>
                <TextEquiv>
                    <Unicode>Geht, Konrad,geht.</Unicode>
                </TextEquiv>
            </TextLine>
            <TextLine id="tr_1_tl_3" custom="readingOrder {index:2;}">
                <Coords points="1009,2240 1162,2265 1202,2240 1305,2258 1337,2228 1426,2238 1426,2132 1394,2142 1352,2120 1315,2127 1253,2097 1147,2139 1046,2105 1009,2115"/>
                <Baseline points="1023,2196 1026,2196 1071,2193 1116,2196 1160,2196 1205,2199 1250,2196 1295,2193 1339,2193 1384,2196 1429,2193"/>
                <TextEquiv>
                    <Unicode>Freiherr</Unicode>
                </TextEquiv>
            </TextLine>
            <TextLine id="tr_1_tl_4" custom="readingOrder {index:3;}">
                <Coords points="1461,2265 1685,2238 1902,2287 2132,2245 2250,2297 2729,2258 2729,2137 2633,2097 2534,2127 2334,2097 2218,2152 2070,2112 1905,2157 1782,2110 1461,2132"/>
                <Baseline points="1474,2193 1519,2193 1563,2196 1608,2196 1653,2196 1698,2196 1742,2199 1787,2199 1832,2199 1877,2199 1921,2199 1966,2199 2011,2202 2056,2199 2100,2202 2145,2202 2190,2205 2235,2202 2280,2202 2324,2205 2369,2205 2414,2202 2459,2202 2503,2202 2548,2199 2593,2199 2638,2199 2682,2199 2727,2196 2736,2199"/>
                <TextEquiv>
                    <Unicode>Nicht so. Wo glaubt Ihr</Unicode>
                </TextEquiv>
            </TextLine>
            <TextLine id="tr_1_tl_5" custom="readingOrder {index:4;}">
                <Coords points="997,2403 1653,2413 1700,2391 1700,2280 1626,2295 1540,2250 1446,2278 1342,2265 1251,2307 1135,2253 1081,2292 997,2282"/>
                <Baseline points="1011,2351 1056,2348 1101,2348 1145,2348 1190,2351 1235,2351 1280,2351 1325,2354 1369,2354 1414,2354 1459,2351 1504,2348 1548,2351 1593,2351 1638,2351 1683,2351 1707,2351"/>
                <TextEquiv>
                    <Unicode>denn zu sein?</Unicode>
                </TextEquiv>
            </TextLine>
            <TextLine id="tr_1_tl_6" custom="readingOrder {index:5;}">
                <Coords points="997,2569 2786,2596 2875,2564 2875,2364 1962,2438 997,2403"/>
                <Baseline points="1011,2506 1056,2506 1101,2506 1145,2506 1190,2506 1235,2503 1280,2506 1325,2509 1369,2506 1414,2506 1459,2506 1504,2506 1548,2506 1593,2503 1638,2503 1683,2503 1727,2503 1772,2503 1817,2506 1862,2506 1906,2509 1951,2509 1996,2506 2041,2506 2086,2506 2130,2506 2175,2506 2220,2509 2265,2506 2309,2506 2354,2506 2399,2509 2444,2509 2488,2509 2533,2509 2578,2512 2623,2512 2667,2512 2712,2512 2757,2512 2802,2509 2847,2509 2882,2509"/>
                <TextEquiv>
                    <Unicode>Konrad: Ich weiss. wo ich bin. Im Haus</Unicode>
                </TextEquiv>
            </TextLine>
            <TextLine id="tr_1_tl_7" custom="readingOrder {index:6;}">
                <Coords points="985,2665 1670,2670 2004,2741 2571,2746 2759,2682 2759,2613 2606,2576 2268,2608 2073,2542 985,2593"/>
                <Baseline points="999,2653 1044,2656 1089,2656 1134,2656 1178,2659 1223,2659 1268,2659 1313,2659 1357,2656 1402,2659 1447,2659 1492,2659 1536,2659 1581,2659 1626,2656 1671,2659 1715,2659 1760,2662 1805,2662 1850,2664 1895,2664 1939,2662 1984,2662 2029,2662 2074,2662 2118,2662 2163,2659 2208,2662 2253,2659 2297,2662 2342,2664 2387,2662 2432,2662 2476,2662 2521,2662 2566,2664 2611,2664 2656,2664 2700,2667 2745,2664 2763,2664"/>
                <TextEquiv>
                    <Unicode>des Freiherrn Leopold von Maienau.</Unicode>
                </TextEquiv>
            </TextLine>
            <TextLine id="tr_1_tl_8" custom="readingOrder {index:7;}">
                <Coords points="989,2867 1160,2885 1328,2813 1572,2885 2083,2847 2588,2904 2692,2850 2825,2882 2825,2736 989,2754"/>
                <Baseline points="1002,2820 1041,2814 1086,2811 1131,2814 1175,2814 1220,2814 1265,2814 1310,2814 1354,2811 1399,2814 1444,2814 1489,2814 1533,2814 1578,2814 1623,2817 1668,2820 1712,2820 1757,2820 1802,2823 1847,2823 1892,2823 1936,2820 1981,2820 2026,2817 2071,2817 2115,2817 2160,2817 2205,2817 2250,2814 2294,2817 2339,2820 2384,2820 2429,2820 2473,2817 2518,2817 2563,2817 2608,2817 2653,2817 2697,2814 2742,2817 2787,2817 2832,2814"/>
                <TextEquiv>
                    <Unicode>Ein edles Haus., von Jugend auf war</Unicode>
                </TextEquiv>
            </TextLine>
            <TextLine id="tr_1_tl_9" custom="readingOrder {index:8;}">
                <Coords points="989,3020 1212,3075 1374,2998 1772,2973 1860,3033 2157,2973 2875,2998 2860,2892 2033,2870 1737,2922 1498,2847 1320,2914 989,2865"/>
                <Baseline points="1002,2963 1047,2960 1092,2963 1137,2963 1181,2966 1226,2963 1271,2963 1316,2966 1360,2966 1405,2966 1450,2966 1495,2966 1539,2966 1584,2966 1629,2966 1674,2966 1718,2969 1763,2969 1808,2969 1853,2969 1898,2969 1942,2969 1987,2969 2032,2969 2077,2966 2121,2969 2166,2969 2211,2969 2256,2969 2300,2966 2345,2969 2390,2972 2435,2972 2479,2972 2524,2972 2569,2972 2614,2972 2659,2969 2703,2969 2748,2969 2793,2966 2838,2969 2882,2972 2885,2969"/>
                <TextEquiv>
                    <Unicode>ich gewöhnt es zu verehren. Ich aber</Unicode>
                </TextEquiv>
            </TextLine>
            <TextLine id="tr_1_tl_10" custom="readingOrder {index:9;}">
                <Coords points="982,3176 2966,3153 2963,3033 982,3052"/>
                <Baseline points="996,3118 1041,3121 1086,3121 1131,3121 1175,3121 1220,3121 1265,3121 1310,3121 1354,3121 1399,3121 1444,3121 1489,3121 1533,3121 1578,3121 1623,3124 1668,3121 1712,3121 1757,3121 1802,3121 1847,3121 1892,3124 1936,3124 1981,3124 2026,3124 2071,3124 2115,3124 2160,3127 2205,3124 2250,3124 2294,3124 2339,3121 2384,3124 2429,3124 2473,3127 2518,3127 2563,3127 2608,3127 2653,3127 2697,3127 2742,3124 2787,3124 2832,3124 2876,3124 2921,3121 2966,3127 2969,3127"/>
                <TextEquiv>
                    <Unicode>heisse Konrad von Raginsfeld. Auch kein</Unicode>
                </TextEquiv>
            </TextLine>
            <TextLine id="tr_1_tl_11" custom="readingOrder {index:10;}">
                <Coords points="987,3341 2529,3346 2941,3306 2963,3205 2695,3186 2581,3247 985,3173"/>
                <Baseline points="999,3270 1044,3270 1089,3273 1134,3276 1178,3276 1223,3276 1268,3276 1313,3273 1357,3273 1402,3276 1447,3276 1492,3276 1536,3279 1581,3276 1626,3276 1671,3276 1715,3276 1760,3276 1805,3276 1850,3276 1895,3279 1939,3279 1984,3276 2029,3279 2074,3279 2118,3279 2163,3279 2208,3276 2253,3276 2297,3276 2342,3276 2387,3276 2432,3279 2476,3279 2521,3279 2566,3282 2611,3282 2656,3282 2700,3279 2745,3279 2790,3279 2835,3282 2879,3282 2924,3282 2969,3285"/>
                <TextEquiv>
                    <Unicode>übles Haus! Aelter als das des Kaisers</Unicode>
                </TextEquiv>
            </TextLine>
            <TextLine id="tr_1_tl_12" custom="readingOrder {index:11;}">
                <Coords points="977,3445 1989,3509 2265,3437 2571,3501 2941,3450 2941,3356 2791,3334 977,3336"/>
                <Baseline points="990,3420 1035,3423 1080,3425 1125,3428 1169,3428 1214,3428 1259,3428 1304,3428 1348,3428 1393,3431 1438,3431 1483,3431 1527,3431 1572,3431 1617,3434 1662,3431 1707,3431 1751,3431 1796,3431 1841,3431 1886,3431 1930,3431 1975,3431 2020,3437 2065,3437 2109,3437 2154,3437 2199,3437 2244,3434 2288,3431 2333,3434 2378,3434 2423,3431 2468,3431 2512,3431 2557,3431 2602,3434 2647,3434 2691,3431 2736,3431 2781,3431 2826,3434 2870,3434 2915,3431 2948,3431"/>
                <TextEquiv>
                    <Unicode>Und mein Blut ist so gut wie kaiserli-</Unicode>
                </TextEquiv>
            </TextLine>
            <TextLine id="tr_1_tl_13" custom="readingOrder {index:12;}">
                <Coords points="980,3644 1579,3669 1962,3593 2243,3674 2922,3679 2922,3499 2867,3494 980,3509"/>
                <Baseline points="993,3581 1038,3584 1083,3584 1128,3584 1172,3584 1217,3587 1262,3584 1307,3587 1351,3587 1396,3587 1441,3584 1486,3584 1530,3584 1575,3587 1620,3587 1665,3584 1710,3584 1754,3584 1799,3584 1844,3584 1889,3587 1933,3587 1978,3587 2023,3587 2068,3587 2112,3587 2157,3587 2202,3590 2247,3587 2291,3584 2336,3587 2381,3584 2426,3584 2471,3587 2515,3590 2560,3587 2605,3587 2650,3587 2694,3587 2739,3587 2784,3587 2829,3587 2873,3590 2918,3587 2927,3590"/>
                <TextEquiv>
                    <Unicode>ches. Und ist’s mein Blut - wer weiss-</Unicode>
                </TextEquiv>
            </TextLine>
            <TextLine id="tr_1_tl_14" custom="readingOrder {index:13;}">
                <Coords points="977,3820 1806,3780 2011,3857 2421,3748 2894,3810 2894,3674 2727,3647 977,3644"/>
                <Baseline points="990,3736 1020,3733 1065,3736 1110,3736 1154,3736 1199,3736 1244,3733 1289,3736 1333,3736 1378,3736 1423,3736 1468,3739 1513,3739 1557,3736 1602,3736 1647,3739 1692,3739 1736,3742 1781,3739 1826,3739 1871,3739 1915,3739 1960,3742 2005,3742 2050,3742 2094,3742 2139,3739 2184,3742 2229,3739 2274,3742 2318,3742 2363,3742 2408,3742 2453,3739 2497,3739 2542,3739 2587,3739 2632,3739 2676,3739 2721,3739 2766,3739 2811,3736 2855,3736 2900,3727"/>
                <TextEquiv>
                    <Unicode>die Zeiten sind sonderbar.Schicksale</Unicode>
                </TextEquiv>
            </TextLine>
            <TextLine id="tr_1_tl_15" custom="readingOrder {index:14;}">
                <Coords points="975,3906 1197,3911 1310,3963 1555,3904 1705,3955 1841,3911 2013,3918 2011,3852 1848,3815 1328,3839 1083,3773 972,3817"/>
                <Baseline points="987,3891 1032,3897 1077,3897 1122,3897 1166,3900 1211,3897 1256,3900 1301,3900 1345,3903 1390,3903 1435,3903 1480,3903 1524,3903 1569,3906 1614,3909 1659,3906 1704,3903 1748,3903 1793,3906 1838,3906 1883,3906 1927,3903 1972,3906 2017,3906 2020,3906"/>
                <TextEquiv>
                    <Unicode>ohnegleichen gibt's.</Unicode>
                </TextEquiv>
            </TextLine>
        </TextRegion>
    </Page>
</PcGts>
