3640 4472
3008 393 3147 532 92
1340 535 3137 730 Sylvester: Leonilda (du ahnst nicht,
1850 671 2224 786 ich dir
1328 681 3283 879 welches Opfer zu bringen bereit w채re.
1321 901 3242 1047 Schenk mir nur ein Jahr, ein paar Tage
1338 974 3301 1221 nur. Dann magst du gehn wohin du willst
1333 1196 2424 1321 zu ihm zur체ckkehren -
1348 1299 3186 1511 Leonilda: Bist du es, der so spricht,
1348 1506 1882 1689 Sylvester?
1345 1662 3088 1819 Sylvester: Ja ich. Sieh wie Liebe,
1345 1789 3193 1997 Verlangen mich toll macht. Doch nein,
1350 1933 3203 2134 es ist ja nicht Tollheit.Denke doch,
1348 2075 3164 2244 was ist er, den du liebst. Nichts. Ich
1350 2214 3210 2417 bin Sylvester. Mit mir zusammen gehst
1357 2383 3196 2571 in Unsterblichkeit du ein.Nein spot
1362 2536 3227 2678 te nicht, noch hab ich mir den wahren
1360 2659 3181 2829 Ruhm nicht verdient. In deinen Armen
1960 2783 2939 2930 tweill beit il sont
2756 2851 3132 2973 at d Tod
1968 2895 2724 3030 Wie ein Antwort.
1365 2868 1614 3000 erst
2327 2956 2734 3052 sibile in
1377 3017 3100 3132 Leonilda: Och bitte dich, schweige
1370 3159 3242 3359 Sylbester: Und ich will nicht streng
1370 3318 3242 3486 sein.Gefallen andere dir,so wie Kon-
1382 3415 3325 3650 rad dir gef채llt, nimm sie.F체r eine Stun-
1384 3579 2817 3845 de nimm sie; nur bleibe mir.
