3336 4184
2653 459 2846 605 110
887 579 1948 749 Freiherr: Wo ist er?
900 754 2559 905 Leonilda: Er stand noch eben da.
877 915 2825 1079 Sekretär: Ich sah ihn gehen. Ich folg-
890 1072 2877 1241 te ihm. Er verliess den Garten und dann
879 1192 2128 1356 schritt er immer weiter.
877 1361 1777 1538 Leonilda: Wohin?
877 1518 2669 1697 Sekretär: Mit grossenSchritten, als
872 1692 2871 1848 säh er nichts, als hört ernichts  - Ich
864 1823 2656 1951 rief ihn doch, rief laut.Vielleicht
877 1969 2912 2146 war er schon zu weit.Er wandelte so hin
874 2156 1610 2307 dem Weiher zu.
874 2282 2141 2489 Leonilda: Dem Weiher zu?
867 2456 2864 2638 Sekretär: Und verschwand. Es war selt-
859 2589 2869 2764 sam anzusehn. Als wär's eine Art einen
867 2743 2853 2902 Spaziergang fortzusetzen - und schritt
874 2923 2802 3056 immer tiefer. Ich rief, doch wandte er
864 3079 2920 3276 sich nicht und verschwand. Ich ihm nach.
851 3212 1384 3389 und rief -
859 3307 2536 3502 Freiherr: Riefst du nach Leuten?
854 3551 2756 3658 Sekretär: Gewiss, das tat ich.Es sind
851 3682 2753 3828 auch manche dort.Sie suchen, doch ich
