3299 4216
88 306 2619 616 Mr Bibar it leer Auchea Augnad, der
163 609 2629 799 Secretär kennt von links, wie großen Bage
129 823 2748 993 Kanzle prquen einen Mappe: Voruntertinnen
88 956 2622 1139 Altes, im fünfrig. Hoher hager hinich, mit
116 1099 435 1224 as hell.
99 1099 2605 1367 were went went offres wie in here whensel
95 1286 2684 1544 Augen. Er kragt eine hoppe untern Cum, bezubt
105 1442 2582 1690 viel an der Schiesbliche in Eche, offnet ein
1432 1609 2490 1765 beschrieben Norgleitige
126 1670 2775 1888 l'unter. L'on mait en l'appe¬
105 1816 2548 2054 legt ne beim auf der Tisch, nimmt andre
102 1949 2840 2272 weipe Papier aus den Trad, Lade des Schreib
58 2194 2480 2456 lisites,    Kiele, die er zweifel, tue
724 2350 2534 2524 in which in the turde hinai bleicht
146 2425 2517 2667 begründ, somit sich, in neben bereit
214 2622 1687 2830 zu ersuchen (sität und nicht)
265 2758 2745 2997 Dominit. (tricue in rechts, gep verborg).
235 2935 2609 3211 kommt mit Briefs beften; in den Erben
286 3102 2466 3445 lest in tin.) Theube guten Morgen
2095 3238 2643 3439 Herr Screven
2245 3411 2646 3551 Til nicht
211 3337 1942 3558 Hen Terebarius
2214 3479 2565 3599 Herr Sir.
207 3544 2204 3806 Andree gute hoost (Ei mort)
2150 3670 2286 3854 P.
1980 3680 2078 3850 m
252 3690 1901 3952 Retz auf den Schreibt des 1
