3512 4168
2892 340 3042 522 93
1108 509 2926 704 So liebt ich dich. Ein Jahr - dann
1115 682 2890 817 solltest du frei sein und ich tot.
1115 793 3074 1012 Doch weiss ich wohl, ein Jahr ist viel.
1108 955 3052 1157 Du sollst einen andern Schwur von mir
1105 1125 3062 1319 haben. Eine Nacht nur, Leonilda und ich
1112 1300 1807 1432 will sterben.
1112 1435 2983 1617 Leonilda: Fühlst du noch immen nicht,
1108 1575 2890 1730 dass alles vergebens? Dass ich nur
458 1711 901 1846 Ich lieb dort
1117 1745 2956 1893 eine Erwiderung habe? Ich libe dich
492 1826 896 1935 nicht mehr
1103 1903 1435 2063 nicht.
509 1925 770 2144 Kosten
1122 2040 3077 2215 Sylvester: Wenn ich dir sage, dass erst
1103 2203 3008 2382 diese eine Nacht mit dir mich segnen
1100 2400 2949 2508 wird. Erfüllung dieses Daseins diese
1095 2515 3074 2661 Nacht. Eintritt ins Leben und Abschied
1105 2658 2412 2853 von dieser Welt zugleich.
1108 2803 3040 2971 Leonilda: Nein.Ich würde lieber stra-
1095 2985 3057 3145 ben. Und könnt ich dir in dieser einen
1095 3113 2316 3308 Nacht das Leben retten.
1120 3286 2587 3478 Bylvester: So hasst du mich?
1095 3431 2976 3645 Leonilda: Nicht dich. Doch so wie du
1137 3581 2958 3783 letzt bist - ich wollte lieber -oh,
