3608 4184
2903 321 3040 486 93
1215 471 3078 656 Leonilda: (schmerzlich) Oh Sylvester,
1200 648 3035 815 trübe dein edles Bild mir nicht. Das
1195 825 1972 972 warst nicht du.
1200 947 3045 1116 Sylvester: Ich war's, ich bin’s. Mach
1187 1126 3222 1331 mich nicht besser als mich Gott gemacht,
1192 1299 3070 1410 Mein edles Bild? Ich bin ein Mensch.
1192 1402 2982 1612 Jetzt erst bin ich's. Was sagt ich
1187 1574 3134 1731 früher? Ruhm? Unsterblichkeit? Träume.
1169 1749 2944 1914 Kalte Schatten. Nur eins ist Glück
1177 1909 3035 2073 an eines jungen Mädchens Brust sich
1210 2050 1666 2197 drängen -
1195 2212 3116 2369 Leonilda: Doch nur dann ist's Glück,
1180 2362 2992 2524 wenn man mit gleichem Glücke es ver-
1759 2478 2769 2673 Ist kann die nicht mit jet
1197 2506 1504 2660 gillt.
1177 2676 3106 2850 Sylvester: Du bist verzaubert,Leonil
1192 2810 2954 2984 da.Ich will dich glücklich machen.
1192 2944 3144 3136 Vor drei Tagen standich da - erinnerst
1182 3118 3159 3296 du dich nicht - Komm mit mir! Folge mir
1177 3286 2997 3463 Weisst du,was ich deinem Vater ver-
1180 3465 3210 3627 sprach? Nach einem Jahre wollt ich mich
1169 3594 3058 3751 selbst töten.Er hatte meinen Schwur.
