3416 4136
688 639 2836 831 Beim Freiherrn wohnt die Schwester seiner
697 839 1741 998 verstorbenen Gattin.
691 998 2008 1133 Sie erz채hlt von Leonilda.
691 1094 2891 1273 H채tte das die Mutter gesehen. Wenn die Mut-
702 1281 1580 1451 ter gelebt h채tte.
697 1393 2822 1593 Der Freiherr zu ihr: Ich war nicht fromm.
691 1582 2899 1739 Sie brauchte mich aber fromm. Sie h채tte nie
710 1741 2742 1901 verstanden, dass ihr Gott auch der meine
705 1933 916 2057 ist.
694 2043 1851 2230 So hastidu sie belogen.
688 2197 2120 2397 Es war gut, dass ich es tat.
