3283 4232
2768 55 2970 278 31
151 226 2329 463 Fand ist ein fiel: - ein ungefügen Block
103 456 2295 641 Von hoos is einmantsen, - zu über Eichengun¬
134 628 2308 837 Als - Opfersten nr Strseil erpuchtet
89 761 2662 1026 Toh: - Wenn ich der fühll nicht dort hwusetzt
388 943 2864 1146 Als ei xyz habiis ihr nicht selbt die bewärtst,
250 1115 3001 1345 — Ich weiss ja noch – ein Stein, einlauser Donder¬
453 1310 2953 1629 Für uns vielleicht -; doch kann für Lemilden
69 1255 316 1605 Ou
322 1519 2912 1736 Neu anders nicht, als nach ein Hestiglich
350 1694 2569 1955 So schreitet die vernichten Augenlehle
336 1842 2922 2161 ren Steinblick u. mit hochgebotnen Händen
364 2106 3066 2404 Und ein, langsam zu erst; das wasst und raschte
394 2291 2891 2590 I in tribilksens, daß die Haars flatter
384 2490 1787 2765 Kracht nie sich in der Steu¬
295 2645 480 2857 Sr.
964 2658 2713 2946 (laheen) - Une sollichts
264 2850 2864 3156 Aus. (ervil) Fast letter is gesegt; - die
1732 3042 2744 3255 me heurlet
268 3214 2837 3509 Sich inedersicher läßt, und ihre Glieder¬
2538 3403 2737 3553 but
274 3382 2806 3650 In Roses debent, aufättnend-, wie erlöst
274 3591 2946 3838 dit wie als bliebe zwischen Grau und Gmüs¬
