<?xml version="1.0" encoding="UTF-8" standalone="yes"?>
<PcGts xmlns="http://schema.primaresearch.org/PAGE/gts/pagecontent/2013-07-15" xmlns:xsi="http://www.w3.org/2001/XMLSchema-instance" xsi:schemaLocation="http://schema.primaresearch.org/PAGE/gts/pagecontent/2013-07-15 http://schema.primaresearch.org/PAGE/gts/pagecontent/2013-07-15/pagecontent.xsd">
    <Metadata>
        <Creator>prov=READ-COOP:name=TrHtr:version=2.1.0:model_id=51170:date=30_07_2023_00:03</Creator>
        <Created>2023-05-10T13:22:07.714+02:00</Created>
        <LastChange>2023-07-30T00:03:54.549+02:00</LastChange>
        <TranskribusMetadata docId="1428574" pageId="55411774" pageNr="154" tsid="131471017" status="IN_PROGRESS" userId="64420" imgUrl="https://files.transkribus.eu/Get?id=HPOLKLMTGEIBPSZECZAFHUQO&amp;fileType=view" xmlUrl="https://files.transkribus.eu/Get?id=TIKQHVXXOMVVDRIZMPIKDZVQ" imageId="44685917"/>
    </Metadata>
    <Page imageFilename="1428574_0154.jpg" imageWidth="3384" imageHeight="4072">
        <ReadingOrder>
            <OrderedGroup id="ro_1711792269895" caption="Regions reading order">
                <RegionRefIndexed index="0" regionRef="tr_1"/>
                <RegionRefIndexed index="1" regionRef="tr_2"/>
            </OrderedGroup>
        </ReadingOrder>
        <TextRegion id="tr_1" custom="readingOrder {index:0;}">
            <Coords points="501,445 2892,445 2892,1795 501,1795"/>
            <TextLine id="tr_1_tl_1" custom="readingOrder {index:0;}">
                <Coords points="2652,513 2694,519 2716,533 2725,533 2741,519 2761,530 2783,527 2786,416 2755,418 2744,410 2730,418 2705,404 2691,413 2677,402 2655,402"/>
                <Baseline points="2668,498 2713,495 2758,495 2791,498"/>
                <TextEquiv>
                    <Unicode>37</Unicode>
                </TextEquiv>
            </TextLine>
            <TextLine id="tr_1_tl_2" custom="readingOrder {index:1;}">
                <Coords points="644,750 2884,683 2889,547 647,647"/>
                <Baseline points="662,710 698,710 743,713 788,713 832,716 877,713 922,707 967,704 1012,704 1056,704 1101,704 1146,701 1191,698 1235,698 1280,695 1325,695 1370,695 1415,695 1459,692 1504,692 1549,689 1594,689 1638,689 1683,689 1728,683 1773,683 1818,683 1862,683 1907,683 1952,677 1997,677 2041,677 2086,677 2131,677 2176,677 2221,674 2265,671 2310,668 2355,665 2400,665 2444,662 2489,662 2534,659 2579,659 2624,656 2668,653 2713,653 2758,653 2803,650 2848,647 2892,653"/>
                <TextEquiv>
                    <Unicode>Der Dichter: Oh Ihr Jünglinge,an Euch wende</Unicode>
                </TextEquiv>
            </TextLine>
            <TextLine id="tr_1_tl_3" custom="readingOrder {index:2;}">
                <Coords points="474,825 513,839 538,862 547,856 580,870 611,851 625,853 653,675 630,669 616,675 614,667 594,675 574,658 521,683 513,672 496,672"/>
                <Baseline points="501,752 513,749 558,743 603,734 647,731"/>
                <TextEquiv>
                    <Unicode>. I.</Unicode>
                </TextEquiv>
            </TextLine>
            <TextLine id="tr_1_tl_4" custom="readingOrder {index:3;}">
                <Coords points="655,890 1590,926 2211,825 2496,878 2741,825 2744,725 2370,667 1908,781 661,764"/>
                <Baseline points="674,859 689,859 734,859 779,859 823,862 868,862 913,859 958,856 1003,856 1047,856 1092,856 1137,853 1182,853 1226,850 1271,847 1316,850 1361,847 1406,847 1450,844 1495,844 1540,844 1585,844 1629,841 1674,838 1719,838 1764,838 1809,838 1853,835 1898,835 1943,835 1988,832 2033,829 2077,829 2122,826 2167,826 2212,823 2256,823 2301,817 2346,820 2391,817 2436,817 2480,817 2525,814 2570,812 2615,809 2659,809 2704,806 2749,809"/>
                <TextEquiv>
                    <Unicode>ich mich, die heute noch nicht leben.Denn</Unicode>
                </TextEquiv>
            </TextLine>
            <TextLine id="tr_1_tl_5" custom="readingOrder {index:4;}">
                <Coords points="658,1021 1394,1096 2691,1088 2697,887 2641,878 1921,945 664,887"/>
                <Baseline points="674,1012 686,1012 731,1015 776,1015 820,1015 865,1015 910,1012 955,1012 1000,1012 1044,1012 1089,1012 1134,1009 1179,1006 1223,1003 1268,1000 1313,1000 1358,1000 1403,1000 1447,1000 1492,997 1537,997 1582,994 1627,994 1671,997 1716,994 1761,991 1806,988 1850,988 1895,991 1940,988 1985,985 2030,985 2074,982 2119,982 2164,979 2209,979 2253,976 2298,976 2343,976 2388,973 2433,970 2477,970 2522,970 2567,967 2612,964 2656,961 2701,964"/>
                <TextEquiv>
                    <Unicode>die Jugend von heute,wie’s der Lauf der</Unicode>
                </TextEquiv>
            </TextLine>
            <TextLine id="tr_1_tl_6" custom="readingOrder {index:5;}">
                <Coords points="667,1208 786,1171 904,1219 1241,1152 1746,1199 1807,1188 1810,1088 1751,1051 1450,1107 1288,1051 669,1088"/>
                <Baseline points="683,1167 695,1167 740,1167 785,1167 829,1170 874,1170 919,1167 964,1167 1009,1161 1053,1161 1098,1158 1143,1155 1188,1152 1232,1152 1277,1152 1322,1152 1367,1152 1412,1152 1456,1149 1501,1149 1546,1149 1591,1149 1635,1149 1680,1143 1725,1143 1770,1143 1815,1143"/>
                <TextEquiv>
                    <Unicode>Welt, fällt von mir ab.</Unicode>
                </TextEquiv>
            </TextLine>
            <TextLine id="tr_1_tl_7" custom="readingOrder {index:6;}">
                <Coords points="1029,1249 1149,1258 1300,1235 1327,1263 1431,1235 1489,1258 1573,1224 1576,1157 1517,1174 1484,1155 1339,1177 1238,1152 1143,1180 1104,1160 1029,1168"/>
                <Baseline points="1044,1241 1086,1235 1131,1235 1176,1235 1221,1235 1265,1232 1310,1232 1355,1229 1400,1229 1444,1226 1489,1223 1534,1223 1579,1226"/>
                <TextEquiv>
                    <Unicode>von später</Unicode>
                </TextEquiv>
            </TextLine>
            <TextLine id="tr_1_tl_8" custom="readingOrder {index:7;}">
                <Coords points="667,1366 1626,1400 1916,1294 2253,1286 2624,1344 2764,1325 2766,1152 2465,1224 669,1247"/>
                <Baseline points="686,1325 710,1322 755,1319 800,1322 844,1319 889,1319 934,1319 979,1316 1023,1316 1068,1316 1113,1313 1158,1313 1203,1310 1247,1310 1292,1310 1337,1310 1382,1310 1426,1307 1471,1310 1516,1310 1561,1304 1606,1304 1650,1298 1695,1298 1740,1295 1785,1295 1830,1295 1874,1292 1919,1292 1964,1292 2009,1292 2053,1289 2098,1289 2143,1286 2188,1286 2233,1286 2277,1283 2322,1283 2367,1277 2412,1277 2456,1277 2501,1277 2546,1277 2591,1274 2636,1274 2680,1271 2725,1271 2770,1271"/>
                <TextEquiv>
                    <Unicode>Ihr Frauen, Euch grüsse ich. Erst wenn ich</Unicode>
                </TextEquiv>
            </TextLine>
            <TextLine id="tr_1_tl_9" custom="readingOrder {index:8;}">
                <Coords points="683,1509 1180,1590 1347,1528 1802,1562 2237,1520 2239,1403 2156,1372 1063,1425 686,1383"/>
                <Baseline points="698,1483 722,1480 767,1477 812,1474 856,1474 901,1471 946,1471 991,1471 1035,1468 1080,1468 1125,1468 1170,1465 1215,1465 1259,1462 1304,1462 1349,1462 1394,1459 1438,1459 1483,1459 1528,1456 1573,1456 1618,1453 1662,1450 1707,1450 1752,1447 1797,1447 1841,1450 1886,1450 1931,1453 1976,1450 2021,1450 2065,1447 2110,1447 2155,1447 2200,1450 2244,1459"/>
                <TextEquiv>
                    <Unicode>tot bin,werde ich wieder jung,</Unicode>
                </TextEquiv>
            </TextLine>
            <TextLine id="tr_1_tl_10" custom="readingOrder {index:9;}">
                <Coords points="667,1824 800,1885 1043,1815 1994,1855 2231,1749 2856,1746 2858,1609 2672,1676 1634,1637 1230,1704 912,1645 669,1712"/>
                <Baseline points="683,1785 713,1782 758,1779 803,1779 847,1782 892,1782 937,1779 982,1776 1026,1776 1071,1773 1116,1776 1161,1773 1206,1770 1250,1770 1295,1770 1340,1767 1385,1767 1429,1764 1474,1764 1519,1764 1564,1764 1609,1764 1653,1758 1698,1758 1743,1758 1788,1758 1832,1755 1877,1752 1922,1752 1967,1752 2012,1752 2056,1752 2101,1749 2146,1746 2191,1743 2236,1743 2280,1743 2325,1740 2370,1737 2415,1737 2459,1737 2504,1734 2549,1734 2594,1734 2639,1734 2683,1731 2728,1731 2773,1728 2818,1728 2862,1734"/>
                <TextEquiv>
                    <Unicode>Der Ruhm ist fern, die Missgunst immer nah.</Unicode>
                </TextEquiv>
            </TextLine>
        </TextRegion>
        <TextRegion id="tr_2" custom="readingOrder {index:1;}">
            <Coords points="689,1983 2886,1983 2886,2711 689,2711"/>
            <TextLine id="tr_2_tl_1" custom="readingOrder {index:0;}">
                <Coords points="675,2092 2426,2047 2713,2117 2772,1885 2211,1871 1640,2008 678,2013"/>
                <Baseline points="689,2086 713,2086 758,2083 803,2083 847,2083 892,2080 937,2080 982,2080 1026,2077 1071,2077 1116,2077 1161,2074 1206,2074 1250,2074 1295,2074 1340,2074 1385,2071 1429,2071 1474,2071 1519,2071 1564,2068 1609,2071 1653,2065 1698,2062 1743,2062 1788,2062 1832,2059 1877,2056 1922,2056 1967,2053 2012,2053 2056,2053 2101,2053 2146,2050 2191,2047 2236,2050 2280,2050 2325,2047 2370,2044 2415,2044 2459,2038 2504,2038 2549,2038 2594,2036 2639,2033 2683,2033 2728,2033 2773,2036"/>
                <TextEquiv>
                    <Unicode>Enttäuschung ich? Als hätt ich nicht das</Unicode>
                </TextEquiv>
            </TextLine>
            <TextLine id="tr_2_tl_2" custom="readingOrder {index:1;}">
                <Coords points="680,2251 1832,2295 1941,2214 2780,2214 2783,2125 683,2145"/>
                <Baseline points="695,2244 728,2241 773,2239 817,2236 862,2236 907,2233 952,2233 997,2230 1041,2230 1086,2230 1131,2227 1176,2230 1221,2230 1265,2227 1310,2227 1355,2224 1400,2224 1444,2224 1489,2224 1534,2221 1579,2221 1624,2221 1668,2218 1713,2212 1758,2212 1803,2212 1847,2212 1892,2209 1937,2209 1982,2206 2027,2206 2071,2206 2116,2203 2161,2200 2206,2200 2250,2200 2295,2200 2340,2194 2385,2194 2430,2191 2474,2191 2519,2191 2564,2191 2609,2191 2653,2188 2698,2185 2743,2185 2788,2188"/>
                <TextEquiv>
                    <Unicode>Schlimmste längst gewusst. Nur hofft ich</Unicode>
                </TextEquiv>
            </TextLine>
            <TextLine id="tr_2_tl_3" custom="readingOrder {index:2;}">
                <Coords points="686,2409 1459,2474 1866,2370 2875,2354 2878,2259 689,2309"/>
                <Baseline points="701,2394 737,2391 782,2391 826,2391 871,2391 916,2388 961,2388 1006,2385 1050,2385 1095,2385 1140,2382 1185,2379 1229,2379 1274,2379 1319,2379 1364,2376 1409,2376 1453,2376 1498,2376 1543,2376 1588,2373 1632,2370 1677,2370 1722,2367 1767,2364 1812,2364 1856,2361 1901,2361 1946,2361 1991,2358 2036,2358 2080,2355 2125,2352 2170,2352 2215,2352 2259,2349 2304,2349 2349,2349 2394,2349 2439,2349 2483,2349 2528,2349 2573,2349 2618,2343 2662,2343 2707,2340 2752,2337 2797,2334 2842,2334 2886,2337"/>
                <TextEquiv>
                    <Unicode>wohl im rechten Augenblick ein Narr zu wer</Unicode>
                </TextEquiv>
            </TextLine>
            <TextLine id="tr_2_tl_4" custom="readingOrder {index:3;}">
                <Coords points="2195,2449 2211,2449 2225,2435 2245,2437 2267,2460 2281,2449 2295,2449 2298,2382 2276,2382 2270,2376 2245,2382 2223,2362 2198,2365"/>
                <Baseline points="2209,2436 2212,2433 2256,2433 2301,2430"/>
                <TextEquiv>
                    <Unicode>his</Unicode>
                </TextEquiv>
            </TextLine>
            <TextLine id="tr_2_tl_5" custom="readingOrder {index:4;}">
                <Coords points="700,2552 1347,2624 1963,2607 2075,2524 2727,2554 2730,2390 2577,2362 2334,2465 2030,2373 1866,2465 703,2479"/>
                <Baseline points="716,2546 719,2546 764,2543 809,2546 853,2543 898,2546 943,2546 988,2540 1032,2540 1077,2540 1122,2537 1167,2537 1212,2534 1256,2531 1301,2528 1346,2528 1391,2528 1435,2525 1480,2525 1525,2525 1570,2522 1615,2522 1659,2522 1704,2519 1749,2519 1794,2516 1838,2516 1883,2516 1928,2516 1973,2513 2018,2513 2062,2510 2107,2510 2152,2507 2197,2507 2241,2507 2286,2507 2331,2510 2376,2504 2421,2504 2465,2504 2510,2504 2555,2501 2600,2498 2645,2495 2689,2492 2734,2498"/>
                <TextEquiv>
                    <Unicode>den. Dass diese Hof fnung nichtig war, das</Unicode>
                </TextEquiv>
            </TextLine>
            <TextLine id="tr_2_tl_6" custom="readingOrder {index:5;}">
                <Coords points="700,2702 825,2747 1238,2708 1400,2772 1643,2691 2053,2708 2055,2613 700,2624"/>
                <Baseline points="716,2701 761,2695 806,2695 850,2695 895,2695 940,2695 985,2695 1029,2692 1074,2692 1119,2689 1164,2689 1209,2686 1253,2686 1298,2686 1343,2686 1388,2683 1432,2683 1477,2680 1522,2680 1567,2680 1612,2677 1656,2677 1701,2674 1746,2671 1791,2671 1835,2671 1880,2671 1925,2671 1970,2677 2015,2677 2059,2683"/>
                <TextEquiv>
                    <Unicode>nenn ich xxx Enttäuschung.</Unicode>
                </TextEquiv>
            </TextLine>
        </TextRegion>
    </Page>
</PcGts>
