3352 4056
223 264 546 463 15.1515
2481 243 2597 457 47
555 341 1404 528 Zum dritten Akt.
564 573 2499 751 Dekoration des ersten (nicht Garten).
579 727 1371 929 Leonida, Anselm.
588 867 2840 1065 Leonilda: Da es sein muss, bleibt mir nichts
588 1030 2846 1205 übrig als dich scheiden zu lassen. Nun bleib
588 1154 2979 1338 und sei ein rechter Held.Was bist du mir gewe-
588 1326 1843 1537 sen? Ich weiss es nicht.
588 1502 1852 1674 Anselm: Du mir die Nixe.
594 1653 1846 1834 Weiteres Liebesgespräch
585 1786 2959 1985 Der Sekretär oder Diener bringt die Nachricht
602 1953 1997 2146 von des Freiherrn Rückkehr.
599 2036 2962 2306 Anselm: So bleib ich noch so lang von ihm Ab-
599 2273 1510 2439 schied zu nehmen.
602 2392 2834 2570 Freiherr: Ich glaube, Ihr müsst nicht eilen,
599 2525 2288 2724 Anselm, denn es wird Friede sein.
611 2742 1502 2905 Anselm: Verdammt.
611 2849 2965 3030 Der Freiherr hat mit dem Gesandten des feind-
617 3009 1920 3169 lichen Staats gesprochen.
614 3095 2968 3359 Er soll nun in das Feindesland als Gesandter.
608 3285 2982 3484 Er hat eben nur Zeit sich für die Reise bereit
620 3499 1151 3668 zu machen.
611 3519 2926 3813 Anselm und Leonilda gehen in den Garten spa-
