3400 4120
470 711 1006 898 Sylvester:
509 863 2722 994 Ich dand einen Tag als den unglücklichsten
506 1035 2898 1261 meines Lebens verzeichnet und weiss nicht mehr
506 1145 1523 1374 was an dem geschah.
533 1336 2722 1526 - Den Namen einer Frau, die mit mir sterben
518 1490 2805 1690 wollte und heute als glückliche Mutter leht.
580 1639 2228 1827 Triumphe, deren ich mich schäme.
577 1815 2392 1966 Niederlagen,auf die ich stolz bin.
533 1886 2710 2124 Freunde, die mir hohen puhm prophozeiten.
515 2074 2612 2338 und mich schmähten, als ihre Prophezeiung
512 2255 1258 2437 sich erfüllte.
527 2416 2445 2591 Ich suchte mein Leben und fand Worte.
586 2567 2829 2770 Den Glanz meiner Jugend und hatte meine Ju-
521 2707 1523 2898 gend nicht gespürt.
571 2889 2823 2993 Las von einem Kind, das ich mit Angst erwar
509 3034 2871 3177 tete und an dessen frühen Grab ich die bitter-
518 3180 1574 3403 sten Thränen weinte.
