<?xml version="1.0" encoding="UTF-8" standalone="yes"?>
<PcGts xmlns="http://schema.primaresearch.org/PAGE/gts/pagecontent/2013-07-15" xmlns:xsi="http://www.w3.org/2001/XMLSchema-instance" xsi:schemaLocation="http://schema.primaresearch.org/PAGE/gts/pagecontent/2013-07-15 http://schema.primaresearch.org/PAGE/gts/pagecontent/2013-07-15/pagecontent.xsd">
    <Metadata>
        <Creator>prov=READ-COOP:name=TrHtr:version=2.1.0:model_id=51170:date=30_07_2023_00:03</Creator>
        <Created>2023-05-10T13:22:07.268+02:00</Created>
        <LastChange>2023-07-30T00:03:53.693+02:00</LastChange>
        <TranskribusMetadata docId="1428574" pageId="55411754" pageNr="151" tsid="131471011" status="IN_PROGRESS" userId="64420" imgUrl="https://files.transkribus.eu/Get?id=UDSETZCGCJCIHAHBHOCVEFQN&amp;fileType=view" xmlUrl="https://files.transkribus.eu/Get?id=NBMWYFYFOMSKTZFUMVAWANHV" imageId="44685897"/>
    </Metadata>
    <Page imageFilename="1428574_0151.jpg" imageWidth="3368" imageHeight="4072">
        <ReadingOrder>
            <OrderedGroup id="ro_1711792267239" caption="Regions reading order">
                <RegionRefIndexed index="0" regionRef="tr_1"/>
                <RegionRefIndexed index="1" regionRef="tr_2"/>
            </OrderedGroup>
        </ReadingOrder>
        <TextRegion id="tr_1" custom="readingOrder {index:0;}">
            <Coords points="564,475 2991,475 2991,1917 564,1917"/>
            <TextLine id="tr_1_tl_1" custom="readingOrder {index:0;}">
                <Coords points="2810,541 2827,536 2841,547 2869,544 2895,558 2906,552 2917,561 2951,552 2946,451 2920,454 2906,445 2892,459 2838,443 2805,459"/>
                <Baseline points="2827,525 2871,525 2916,528 2958,534"/>
                <TextEquiv>
                    <Unicode>34</Unicode>
                </TextEquiv>
            </TextLine>
            <TextLine id="tr_1_tl_2" custom="readingOrder {index:1;}">
                <Coords points="547,660 569,660 595,643 617,657 637,645 662,671 676,665 699,682 727,676 753,538 716,533 691,552 676,541 651,550 623,541 600,550 569,538"/>
                <Baseline points="564,647 609,635 653,629 698,623 743,611"/>
                <TextEquiv>
                    <Unicode>1. Apl</Unicode>
                </TextEquiv>
            </TextLine>
            <TextLine id="tr_1_tl_3" custom="readingOrder {index:2;}">
                <Coords points="815,682 1903,693 1877,516 1787,552 1415,513 1139,558 812,482"/>
                <Baseline points="829,665 874,659 919,659 964,662 1009,668 1053,665 1098,665 1143,665 1188,665 1232,668 1277,668 1322,668 1367,668 1412,668 1456,671 1501,671 1546,671 1591,674 1635,674 1680,674 1725,674 1770,677 1815,677 1859,680 1904,686 1907,686"/>
                <TextEquiv>
                    <Unicode>Freiherr und Dichter.</Unicode>
                </TextEquiv>
            </TextLine>
            <TextLine id="tr_1_tl_4" custom="readingOrder {index:3;}">
                <Coords points="801,848 2433,848 2430,758 2328,741 1697,784 1305,710 1153,764 798,727"/>
                <Baseline points="817,817 862,817 907,817 952,820 997,820 1041,823 1086,820 1131,820 1176,820 1221,820 1265,820 1310,820 1355,820 1400,823 1444,826 1489,826 1534,826 1579,826 1624,826 1668,826 1713,829 1758,829 1803,826 1847,826 1892,829 1937,829 1982,829 2027,826 2071,829 2116,829 2161,829 2206,832 2250,829 2295,829 2340,829 2385,832 2430,835 2436,838"/>
                <TextEquiv>
                    <Unicode>Dichter: Weiss man von einander?</Unicode>
                </TextEquiv>
            </TextLine>
            <TextLine id="tr_1_tl_5" custom="readingOrder {index:4;}">
                <Coords points="801,1018 2334,987 2788,1060 2985,1006 2954,888 798,902"/>
                <Baseline points="817,958 862,964 907,967 952,970 997,970 1041,973 1086,976 1131,976 1176,973 1221,976 1265,979 1310,979 1355,976 1400,976 1444,979 1489,976 1534,979 1579,979 1624,979 1668,979 1713,979 1758,979 1803,979 1847,979 1892,982 1937,982 1982,982 2027,985 2071,985 2116,982 2161,982 2206,982 2250,982 2295,985 2340,985 2385,985 2430,988 2474,988 2519,988 2564,988 2609,991 2653,991 2698,988 2743,991 2788,991 2833,991 2877,988 2922,988 2967,988 2991,988"/>
                <TextEquiv>
                    <Unicode>Freiherr: Gott sei Dank nicht alles. Es ist</Unicode>
                </TextEquiv>
            </TextLine>
            <TextLine id="tr_1_tl_6" custom="readingOrder {index:5;}">
                <Coords points="798,1153 2915,1150 2779,1051 1829,1096 1308,1012 1139,1096 798,1091"/>
                <Baseline points="812,1140 856,1131 901,1131 946,1131 991,1131 1035,1131 1080,1134 1125,1134 1170,1131 1215,1131 1259,1128 1304,1131 1349,1131 1394,1131 1438,1131 1483,1131 1528,1131 1573,1131 1618,1131 1662,1131 1707,1131 1752,1134 1797,1134 1841,1137 1886,1137 1931,1137 1976,1137 2021,1137 2065,1137 2110,1137 2155,1137 2200,1137 2244,1137 2289,1137 2334,1140 2379,1140 2424,1140 2468,1143 2513,1140 2558,1140 2603,1143 2647,1143 2692,1143 2737,1143 2782,1143 2827,1140 2871,1143 2916,1149 2922,1149"/>
                <TextEquiv>
                    <Unicode>gut so.Ich empfinde es nicht als schmerz¬</Unicode>
                </TextEquiv>
            </TextLine>
            <TextLine id="tr_1_tl_7" custom="readingOrder {index:6;}">
                <Coords points="795,1288 2765,1299 2957,1367 2957,1266 2855,1204 1601,1246 1130,1142 795,1178"/>
                <Baseline points="809,1277 853,1277 898,1280 943,1280 988,1283 1032,1283 1077,1283 1122,1283 1167,1286 1212,1286 1256,1286 1301,1283 1346,1283 1391,1286 1435,1286 1480,1283 1525,1286 1570,1286 1615,1289 1659,1286 1704,1286 1749,1286 1794,1289 1838,1289 1883,1292 1928,1292 1973,1295 2018,1292 2062,1292 2107,1295 2152,1292 2197,1292 2241,1292 2286,1292 2331,1292 2376,1295 2421,1295 2465,1295 2510,1295 2555,1298 2600,1295 2645,1295 2689,1295 2734,1295 2779,1298 2824,1295 2868,1298 2913,1298 2958,1301 2964,1301"/>
                <TextEquiv>
                    <Unicode>lich.Es tut mir wohl. Ich will fremd sein.</Unicode>
                </TextEquiv>
            </TextLine>
            <TextLine id="tr_1_tl_8" custom="readingOrder {index:7;}">
                <Coords points="784,1454 1801,1443 2221,1536 2390,1449 2853,1471 2850,1364 781,1353"/>
                <Baseline points="800,1432 844,1432 889,1432 934,1432 979,1435 1023,1435 1068,1435 1113,1435 1158,1435 1203,1435 1247,1438 1292,1435 1337,1435 1382,1435 1426,1438 1471,1438 1516,1438 1561,1438 1606,1438 1650,1441 1695,1438 1740,1441 1785,1441 1830,1441 1874,1441 1919,1444 1964,1444 2009,1444 2053,1444 2098,1444 2143,1447 2188,1447 2233,1444 2277,1444 2322,1444 2367,1447 2412,1447 2456,1447 2501,1447 2546,1447 2591,1447 2636,1447 2680,1447 2725,1447 2770,1450 2815,1453 2859,1456 2862,1453"/>
                <TextEquiv>
                    <Unicode>Dichter: Wie wohl dir,dass du es kannst.</Unicode>
                </TextEquiv>
            </TextLine>
            <TextLine id="tr_1_tl_9" custom="readingOrder {index:8;}">
                <Coords points="798,1624 2774,1618 2748,1525 1271,1547 795,1488"/>
                <Baseline points="814,1588 859,1588 904,1588 949,1591 994,1588 1038,1588 1083,1588 1128,1591 1173,1591 1218,1597 1262,1597 1307,1594 1352,1591 1397,1594 1441,1594 1486,1594 1531,1594 1576,1594 1621,1597 1665,1597 1710,1597 1755,1594 1800,1597 1844,1597 1889,1597 1934,1597 1979,1597 2024,1594 2068,1597 2113,1597 2158,1597 2203,1600 2247,1597 2292,1603 2337,1603 2382,1603 2427,1603 2471,1600 2516,1603 2561,1603 2606,1603 2650,1603 2695,1603 2740,1603 2782,1609"/>
                <TextEquiv>
                    <Unicode>Ich weiss,mir ist nichts verborgen. Ich</Unicode>
                </TextEquiv>
            </TextLine>
            <TextLine id="tr_1_tl_10" custom="readingOrder {index:9;}">
                <Coords points="786,1759 854,1753 902,1790 1018,1784 1051,1753 1367,1776 1407,1750 1466,1773 1463,1621 1311,1638 1260,1610 1232,1629 1139,1610 1001,1694 784,1694"/>
                <Baseline points="800,1740 844,1737 889,1740 934,1740 979,1740 1023,1743 1068,1743 1113,1743 1158,1743 1203,1743 1247,1743 1292,1743 1337,1746 1382,1746 1426,1749 1471,1752"/>
                <TextEquiv>
                    <Unicode>wusste immer.</Unicode>
                </TextEquiv>
            </TextLine>
            <TextLine id="tr_1_tl_11" custom="readingOrder {index:10;}">
                <Coords points="789,1934 879,1903 961,1931 1291,1900 1370,1942 1573,1908 1638,1948 1660,1843 1046,1821 956,1773 786,1798"/>
                <Baseline points="806,1883 850,1889 895,1889 940,1892 985,1895 1029,1895 1074,1895 1119,1895 1164,1895 1209,1898 1253,1895 1298,1898 1343,1895 1388,1898 1432,1898 1477,1901 1522,1901 1567,1901 1612,1904 1656,1907 1665,1907"/>
                <TextEquiv>
                    <Unicode>Freiherr: Du Tor.</Unicode>
                </TextEquiv>
            </TextLine>
        </TextRegion>
        <TextRegion id="tr_2" custom="readingOrder {index:1;}">
            <Coords points="788,1997 3051,1997 3051,2696 788,2696"/>
            <TextLine id="tr_2_tl_1" custom="readingOrder {index:0;}">
                <Coords points="778,2092 2915,2094 2951,1903 1511,1990 1116,1905 775,1936"/>
                <Baseline points="794,2047 838,2047 883,2047 928,2047 973,2050 1018,2047 1062,2050 1107,2050 1152,2050 1197,2050 1241,2050 1286,2050 1331,2050 1376,2050 1421,2050 1465,2053 1510,2050 1555,2050 1600,2053 1644,2053 1689,2053 1734,2053 1779,2053 1824,2056 1868,2056 1913,2059 1958,2056 2003,2056 2047,2059 2092,2059 2137,2059 2182,2059 2227,2059 2271,2059 2316,2059 2361,2062 2406,2059 2450,2062 2495,2065 2540,2062 2585,2062 2630,2062 2674,2062 2719,2062 2764,2062 2809,2062 2853,2065 2898,2068 2943,2071 2961,2071"/>
                <TextEquiv>
                    <Unicode>Dichter: Ich bin kein Tor.Von dem, was ist,</Unicode>
                </TextEquiv>
            </TextLine>
            <TextLine id="tr_2_tl_2" custom="readingOrder {index:1;}">
                <Coords points="781,2224 2892,2263 3022,2235 3022,2106 2185,2156 1660,2075 1435,2154 781,2154"/>
                <Baseline points="797,2197 841,2197 886,2197 931,2200 976,2200 1020,2200 1065,2200 1110,2203 1155,2203 1200,2203 1244,2203 1289,2203 1334,2206 1379,2206 1424,2206 1468,2206 1513,2206 1558,2206 1603,2206 1647,2206 1692,2203 1737,2206 1782,2206 1827,2206 1871,2209 1916,2209 1961,2209 2006,2209 2050,2212 2095,2212 2140,2212 2185,2212 2230,2212 2274,2212 2319,2212 2364,2212 2409,2215 2453,2218 2498,2215 2543,2218 2588,2218 2633,2218 2677,2215 2722,2218 2767,2218 2812,2215 2856,2215 2901,2215 2946,2218 2991,2215 3030,2218"/>
                <TextEquiv>
                    <Unicode>wusste ich natürlich nicht immer,doch stets</Unicode>
                </TextEquiv>
            </TextLine>
            <TextLine id="tr_2_tl_3" custom="readingOrder {index:2;}">
                <Coords points="784,2390 2760,2371 2909,2433 3030,2399 3030,2266 1198,2306 975,2227 784,2297"/>
                <Baseline points="800,2349 844,2349 889,2352 934,2352 979,2355 1023,2355 1068,2352 1113,2355 1158,2355 1203,2358 1247,2355 1292,2358 1337,2358 1382,2361 1426,2358 1471,2358 1516,2361 1561,2361 1606,2358 1650,2361 1695,2361 1740,2361 1785,2361 1830,2361 1874,2361 1919,2364 1964,2364 2009,2361 2053,2364 2098,2361 2143,2364 2188,2364 2233,2364 2277,2364 2322,2364 2367,2364 2412,2364 2456,2364 2501,2364 2546,2367 2591,2367 2636,2367 2680,2367 2725,2370 2770,2370 2815,2370 2859,2370 2904,2367 2949,2367 2994,2370 3036,2373"/>
                <TextEquiv>
                    <Unicode>von dem, was möglich war. Und das wahre Bild</Unicode>
                </TextEquiv>
            </TextLine>
            <TextLine id="tr_2_tl_4" custom="readingOrder {index:3;}">
                <Coords points="1827,2449 1843,2447 1869,2464 1877,2455 1917,2461 1934,2449 1970,2455 1979,2447 2021,2449 2021,2387 2001,2387 1984,2376 1973,2382 1956,2368 1934,2379 1925,2373 1889,2376 1880,2368 1852,2379 1827,2379"/>
                <Baseline points="1841,2442 1886,2444 1931,2444 1976,2444 2021,2442 2024,2442"/>
                <TextEquiv>
                    <Unicode>ihren</Unicode>
                </TextEquiv>
            </TextLine>
            <TextLine id="tr_2_tl_5" custom="readingOrder {index:4;}">
                <Coords points="781,2531 3047,2531 3047,2449 2912,2430 1931,2472 781,2402"/>
                <Baseline points="797,2507 841,2504 886,2504 931,2507 976,2507 1020,2507 1065,2504 1110,2504 1155,2507 1200,2507 1244,2507 1289,2510 1334,2510 1379,2510 1424,2510 1468,2513 1513,2513 1558,2513 1603,2513 1647,2513 1692,2513 1737,2516 1782,2516 1827,2513 1871,2513 1916,2516 1961,2519 2006,2516 2050,2513 2095,2519 2140,2516 2185,2516 2230,2519 2274,2519 2319,2519 2364,2516 2409,2516 2453,2519 2498,2519 2543,2519 2588,2519 2633,2522 2677,2525 2722,2525 2767,2522 2812,2525 2856,2525 2901,2522 2946,2522 2991,2522 3036,2522 3051,2519"/>
                <TextEquiv>
                    <Unicode>der Seele wird von den Möglichkeiten gegeben</Unicode>
                </TextEquiv>
            </TextLine>
            <TextLine id="tr_2_tl_6" custom="readingOrder {index:5;}">
                <Coords points="772,2683 1725,2675 1886,2771 2345,2796 2884,2692 2884,2557 2793,2531 2698,2610 2416,2619 1872,2613 1674,2517 978,2616 772,2534"/>
                <Baseline points="788,2656 832,2656 877,2656 922,2659 967,2662 1012,2662 1056,2662 1101,2659 1146,2662 1191,2665 1235,2665 1280,2665 1325,2668 1370,2671 1415,2671 1459,2671 1504,2668 1549,2671 1594,2668 1638,2668 1683,2668 1728,2668 1773,2668 1818,2668 1862,2671 1907,2668 1952,2668 1997,2668 2041,2671 2086,2668 2131,2671 2176,2674 2221,2674 2265,2671 2310,2671 2355,2674 2400,2674 2444,2674 2489,2671 2534,2674 2579,2674 2624,2677 2668,2677 2713,2677 2758,2677 2803,2677 2848,2677 2892,2686"/>
                <TextEquiv>
                    <Unicode>Wie armselig sind Tatsachen,wie täuschad.</Unicode>
                </TextEquiv>
            </TextLine>
        </TextRegion>
    </Page>
</PcGts>
