3416 4184
2729 386 2921 535 102
1086 491 2918 695 Sylvester: Hier,Leonilda,hören Eure
1066 645 1653 819 Rechte auf.
1066 767 3000 994 Konrad: (Ei seht, schon ist der Tröster
1071 989 3018 1165 da. (Doch fürcht ich sehr - wahrhaftig)
1061 1111 2971 1277 angleich wäre der Kampf.Nicht gewöhnt
1043 1260 2888 1424 seid Ihr den Degen zu führen so wie
1033 1412 3035 1581 ich. In anderer Weise soll es ausgetra¬
1041 1596 1604 1718 gen werden.
1028 1716 2906 1925 Sylvester: Kein Zögern. In dieser Se-
1018 1885 1628 2032 kunde noch -
1013 2044 2839 2204 Konrad: Mir scheint beinah, Ihr habt
1011 2176 2881 2373 mehr Lust zu sterben als mich zu tö¬
1011 2343 2786 2510 ten. Weniger Hass seh ich in Eurem
998 2488 2784 2679 Blick als Todeswunsch.Doch ich bin
986 2644 1611 2781 kein Mörder.
979 2784 2804 2973 Sylvester: Verweigert Ihr Euch mir?
984 2971 2712 3145 Konrad: Neih. Doch es sollen andre
964 3105 2911 3289 Waffen sein. Ich hab ein Paar Pistolen
956 3264 2896 3456 da, die eine soll geladen sein,die an-
959 3416 2849 3576 die nicht. Nur so werden die Möglich¬
944 3596 2834 3745 keiten gleich auf beiden Seiten. Seid
941 3730 1780 3914 Ihr’s zufrieden?
