3283 4216
240 341 488 528 & is
201 452 2580 696 Und nun cril, de ich ils erkauert auch
158 592 2692 951 Aufs wei - u u seine Herren leitsel ihr
115 843 2304 1073 Und schwerseres solles zugethan als je
147 976 2749 1270 Lod er - al hatt ich in Geheimen ihm
201 1159 2914 1450 Trillisch entlecht; - es tüchele trotrig fremd
133 1382 2954 1705 Vos meinten ab. Aut tridestand hard Groll
176 1561 2993 1877 Ain Groll Teind verschied. - und endlich kan
628 1766 2893 2121 3, ou deu le Raises tenea kongler
212 1812 603 2092 tres.
205 1949 3090 2297 - Au 1 eurere Anlafs jetz, die befiel und ihm
233 2186 2932 2476 Versichert lass in der Landt seitich -
201 2448 2957 2742 Tit selht ingapitn - kom der lay, an den
668 2605 1066 2832 son
126 2631 2889 2907 but aller there was de Brasiloulangt
1550 2839 1658 2968 a
223 2885 2745 3165 Zu Herr den même in der Thüre ist
136 3144 2056 3416 k. Wie oft lat ärkonpreut!
179 3341 355 3539 Tr.
1475 3352 2659 3589 Ich zweifle nicht.
1687 3503 2710 3711 de l'a été de le
187 3503 352 3779 the
459 3582 2469 3865 nord vie bepiste rien de l'indem.
423 3772 1392 3915 hérit tout de 18
1891 3729 2968 3926 lant de tueur du trés
1762 3818 1859 3919 P.P.
1457 3829 1550 3915 F.
1597 3790 1748 3915 m
