3432 4200
309 236 2904 605 R. 4 a est de Böras Amt.. this Knul¬
2961 492 3087 788 e
316 549 1639 869 H. Bovere de B.
1663 549 2693 876 yor zu behalen
331 816 2890 1171 Vor ible Stuis a - ue ne eble d
376 1030 3207 1487 1st Werboep end dibend andre perse pet
440 1255 2162 1519 R. be Raite in the vist.
1382 1484 2599 1772 br u aber c'est
408 1484 651 1779 1d
411 1695 2971 2029 her de Befehl, tn - a Geldes; The
390 1930 2862 2191 nicht die?  He hashell deme Vater
1899 2145 2873 2335 were us
274 2289 3042 2549 Und andre, der du kenst, und dies vor
3080 2423 3253 2725 the
309 2518 2940 2831 not Bladt, ved Abenlente ludet -ge¬
331 2802 1730 3070 Il wen auch dich
2036 2901 3140 3179 Als it lodet and sxfor
1333 2947 2883 3221 Nod - Lebes Eudel weg
338 3020 447 3210 P.
362 3210 2971 3622 und dann auf - es täglich empfelges
499 3453 1097 3696 frain will
