3384 4136
750 451 2957 661 Der Dichter kommt nicht als ein Rastloser
761 617 2871 830 zum Freiherrn, sondern als einer, der sich
780 802 2006 993 endlich geborgen glaubt.
766 927 2819 1137 Er lebt mit seiner langjährigen Gelieb-
775 1101 2999 1281 ten in einem nahen Landstädtchen. Sie erwar¬
777 1278 1463 1450 tet ein Kind.
777 1408 2783 1607 Wir fanden zu einander nach vielem Weh
783 1593 1317 1770 und Groll.
791 1687 2943 1895 Nun quält sie nicht mehr von mir selbst zu
788 1903 1173 2113 singen.
813 2163 2999 2371 In alten Wäldern such ich meine Jugend, die
805 2332 2705 2509 doch zerrann, so wie ich sie in alten
382 2337 658 2531 1. Akt
799 2481 2907 2658 Schriften suchte, als wäre sie aufbewahrt
799 2661 2996 2802 und es wäre in meiner Macht sie wieder he-
805 2761 2913 2988 raufzubeschwören und mir Gesellschaft zu
816 2993 1261 3167 leisten.
296 3884 387 4025 P.
