3432 4072
624 504 2622 735 Ich höres noch. Doch war in ihrem Sang
612 720 2878 862 Nicht Schmerz; in ihrem Aug, auf ihrer Stirn
615 850 2675 1030 Gekränkte Liebe nicht.Nur Hohn und Hass
634 999 2469 1151 nn ihrer Stimme wie in ihrem Blick.
624 1148 2821 1366 Ich sah dich an, du hast’s gefühlt wie ich.
615 1300 1167 1493 Sylvester:
621 1385 2634 1664 Und hättest du an jenem Abend wirklich
624 1629 2771 1801 Auf ihrer Seele Grund zu schaun vermocht,
637 1785 2479 1962 Vermagst du zu ermessen,wie seither
621 1927 2466 2121 Das Leben tausendfach ihn umgeühlt.
647 2108 1122 2238 Leonilda:
637 2225 2935 2409 Ihn ungewühlt -mag sein.Doch kaum gewandelt.
624 2390 1173 2558 Sylvester:
621 2536 3164 2742 Was ahnst du, Kind, von Schicksalswandelkräften?
634 2698 1132 2866 Leonilda:
647 2853 2685 3024 Ich ahae, dass wir bleibenmwas wir sind.
634 3024 1173 3189 Sylgester:
637 3141 3015 3306 Und wär auch alles, was das Schicksal Menschen
637 3309 2406 3481 Zu leben und zu leiden auferlegt,
634 3468 2799 3614 Wär Lust und Qual - Erhabnes wie gemeines
