3368 4072
2802 342 2961 490 32
810 481 2474 721 Lydia: Sie wird Euch frei geben.
810 657 3000 849 Dichter: Wenn auch, ich bedarf der Freiheit
801 849 1397 1013 nicht mehr.
815 946 2961 1180 Lydia: Warum? Man gibt nichts auf. Sie ist
810 1110 2535 1277 Euer nicht würdig. Ich liebe Euch.
2680 1208 2844 1324 sie
807 1294 3044 1469 Dichter: Zu spät.Da Ihr alles wisst,xir er-
812 1452 1653 1622 wartet ein Kind.
818 1542 3050 1778 Lydia: Sie ist zur Mutter nicht geschaffen.
810 1750 2752 1956 Das Kind soll in unserem Hause leben.
974 1928 2755 2179 sich will weit leich reesen, wie südere es
1046 2079 1386 2243 that.
