3432 4088
838 518 2952 677 Der Freiherr ist immer bereit gewesen an
841 659 3160 812 den Hof berufen zu werden.Der Sekretär spridt
830 795 3097 1000 davon, schon anfangs, dass sein Reisesack ge-
841 966 1373 1139 packtlist.
830 1263 3044 1417 Der Freiherr wirft dem Dichter vor:Du hast
827 1417 2521 1590 dich nie um dein Land gekümmert.
827 1599 2917 1720 Darauf erinnert ihn der Dichter, dass er,
844 1741 2885 1874 der Freiherr, früher sagte, in Zorn, dass
830 1885 3024 2027 das Vaterland sich nicht seiner erinnerte,
830 2064 2888 2215 so magst du denn verderben,du verdienst
838 2177 2920 2371 es nicht besser, da du deine Besten nicht
841 2351 1252 2565 erkannt.
