3291 4232
77 186 2468 492 Aus. Coninit hent nacht geschaut – ved heut nacht.
109 369 2065 667 Genip sein unter hat wohl mit begeb¬
105 569 2251 808 It kam and will as or die with versteh
56 695 1921 895 als hette ich bewil de in gebet - -
84 860 2156 1131 Bei einem folle dienst ne belaischt.
629 1001 1190 1166 cöpfechend
144 1078 2528 1296 Rei einen selten frem der - tärst geheimen ge ar -
133 1261 2949 1499 Last menit ist -beidnissen -; dass ich weht
2159 1380 2405 1527 nicht
386 1415 720 1573 (rat)
193 1489 2570 1721 Rep Andacht ihres Kins Handlung lieber Si un
1980 1633 2686 1847 sine bedent
211 1805 2261 2093 Hos in Jebet. in ihrem heren Gottes
193 2005 2500 2265 Ihr für delder Gottes betet bewilde!
284 2226 3083 2454 Und zw. - - Um mein... Und + m. hart der geschent.
183 2356 2251 2633 Als Heft nie er stirter Innweinichten oft
355 2553 2574 2855 Stell in der Gemüt verlieb, auf dem Alten¬
355 2707 2444 2974 Ober seine Reich der Luft sich zu erweiten,
372 2932 2746 3220 Auch in de] ficerler auch die trudellespe huet
600 3146 2662 3448 Nur in der Gartenlief, ist ein an dort
607 3346 2598 3596 In Linkelheit im Kriften zu ergehen
650 3515 2749 3855 de Cid. Id le pris, die ich xxx
