3608 4184
2974 347 3130 556 94
1264 505 2989 693 könnt ich jemals doch vergessen -
476 629 1038 807 trittentait dans
1264 671 3098 848 Doch will ich’s versuchen.Ja,was du
440 765 1033 904 so wisveild..
1254 821 3052 989 in dieser Stunde sprachst, will ich
486 865 1008 994 Mite nieu
479 957 1023 1098 d. mie tiete
1261 967 3093 1157 vergessen. Dein Bild soll rein Sein
464 1064 1038 1217 klomp’s - du
1244 1111 2192 1298 wie es einmal war.
513 1186 977 1366 rau as il
1261 1242 3193 1436 eylvester: Es ist mein Bild nicht, ich
1237 1412 3076 1594 selbst bin es, der sprach. Sei nicht
1946 1533 3186 1648 seine hilde ist wie das forthebaert
1230 1582 3183 1767 so mild mit mir.Denn was so mild dich
1225 1720 3176 1937 macht ist wieder nur die Liebe zu dem
1227 1881 1621 2036 Andern.
1227 2029 3103 2236 Leonilda: Gib mir die Hand.Sylveter,
1227 2199 3023 2372 deine Hand. Bei Gott, ich habe schon
503 2306 1089 2486 Hicke I. Rchow
1227 2352 3157 2505 vergessen,was du sprachst. Es war wie
588 2442 1113 2586 frm di die Welt
1222 2498 3120 2683 wenn einer, der dein Aeusseres nach-
503 2598 1113 2770 & t Mestionel
1222 2656 3132 2829 geäfft,mit Absicht,um mich zu prüfen,
552 2719 892 2894 Ferien.
1217 2819 3028 2955 eine Rolle spielte. Nein Sylvester,
464 2846 1130 3025 me est un de
1210 2979 3096 3142 das warst nicht du.Sylvester hab ich
556 2984 1062 3164 St. A l 4. d'
1198 3101 3038 3288 allzu gut gekannt. Durch Jahre kannt
1203 3283 2996 3472 ich ihn. All die Jahre, die er fern
1196 3436 3040 3633 war. Und werd ihn wieder kenneljwenn
1210 3579 2479 3788 or fern. Mecken nicht und
