3656 4472
2966 374 3097 528 91
1284 547 3238 746 sein für dich. Ich hasst es, weil es von
1293 722 3102 900 ihr kam. Ich hasst es, weil ich dich
1284 878 3012 1038 liebe.Leonilda. Du hast’s getötet
1279 1004 3212 1220 sowie ich. Das Schicksal selbst verünt
1289 1177 3027 1359 uns so. Du bist mir schuldig mein
1279 1347 1828 1551 zu werden.
1301 1495 3234 1685 Leonilda: Schuldig? Gibt es in diesen
1293 1648 3161 1775 Dingen Verpflichtungen? Das Herz be¬
1318 1782 3134 1943 fiehlt, wir können nur gehorchen. Und
598 1904 1160 2069 Un habressement
1313 1899 3185 2130 wenn du mit eigener Hand sie und das
652 2003 1169 2147 by him and
632 2071 1111 2254 peutet-il tout
1318 2054 3063 2227 Kind getötet, ich stände nicht als
1313 2198 3241 2405 Schuldnerin vor dir.Ich wäre frei, wie
1332 2361 3241 2565 ich's bin. Lass uns in Frieden schei¬
1318 2533 2733 2742 den,Sylvester,geh,leb wohl.
1352 2662 3299 2864 Sylvester: Leonilda! Ich kann auf dich
2225 2813 2604 2893 part der
1337 2830 3270 3034 nicht verzichten. Sträflich wär's von
1342 2988 3034 3175 mir, töricht.Verzaubert bist du.
1964 3110 2329 3202 V. Meubl
1366 3110 3124 3338 Leonilda: Ja gewiss, doch bin ich's
1362 3321 1629 3477 eben.
1366 3421 2915 3661 Sylvester: Er wird sich lösen.
1369 3586 3178 3800 Leonilda: Mag sein. Doch der vorbei
1381 3764 3319 3934 ist der Zauber, der kommt nicht wieder.
