3352 4120
703 524 2891 783 Der Dichter: wass ich, der so die Unzul채ng-
717 745 2919 963 lichkeit der Welt erkannt, sich niemals doch
723 905 1664 1092 bescheiden lernte.
717 1159 2822 1435 In jungen Jahren sich alt f체hlen, das ist
728 1335 2944 1539 nicht schlimmer als jede Art von Vorgef체hl.
726 1520 2817 1708 Doch sich in alten Tagen jung geb채rden,
726 1630 2604 1859 macht uns zum Grauen vor uns selbst.
1771 1738 2982 1961 Frk. im L. Aft zu Sptet
