3283 4232
631 207 1309 410 hiccelklares
546 289 938 414 Kröder
146 321 2718 582 The levittend helles, were in Mr Spoperjan
114 492 2629 753 Nort Houn Kneut, hør ihrer Stiene Rtov
103 689 2180 888 ben sollich unbesiten, wie sie eines
382 831 738 981 plein
111 856 2276 1035 Lre Erkentener hies Wegs bei het
93 1031 2726 1338 Begegnungen mit Räfen, Schwetterleugn
125 1224 2997 1538 En Dorfgespräch; - in Schwatz von Baveenkind in
96 1420 400 1570 ydam
114 1438 2708 1737 Tit iher Spieler gi; - laissch hier trage
642 1616 1252 1798 (Stallmiel)
207 1648 2497 1944 Betrachte über Bücher ihre Stim¬
121 1866 2619 2165 sich, wie u Ernst is Löbeln, in debar
175 2091 2601 2340 sich ihre Seele in die Welt entfallet.
193 2265 2925 2583 rend der überlegt, - ob dem Hichel nicht
114 2504 2743 2776 Told Na - Seis i don für Eedacht geles
2091 2704 2836 2990 durf. mais
121 2808 2943 3168 Ous. Esst war es ein Kinder verdacht nicht
2533 3089 2943 3304 kann
285 3122 2850 3432 Has gestern noch noch hergebrachter Gäre
1616 3393 2965 3639 (in eeniglerchende Form
218 3528 2975 3842 Uhr nicht at Heichlerin - nein: glasbenscheif¬
