3307 4216
192 231 2584 496 Zu meinem Fürsten Sohn, den schönen Brabe,
154 420 2674 650 dem ich als Spiel und Seengenoss bestimmt u.
663 615 829 695 we
189 612 2757 871 Neu, - avit in wisll. gemein. So ist ist er
1098 765 2431 970 nach zutlich zi¬
218 772 439 977 The
218 926 2556 1246 Sec - Ju tnent in den imderben könne
221 1163 1134 1383 Den da geschick
935 1297 2815 1566 schreibt jett; er ist da gleich
202 1348 458 1524 T. A.
208 1499 2626 1745 Lers. for mein M2O. Reise avriless.
250 1697 2713 1976 Und fehlte weit bereit - je s'heurent si
269 1928 2530 2133 Wit Leib - Seell - Faren - Ben
1841 2088 2812 2235 (wch ihm in weit
279 2059 2655 2357 Da gleich. Unglicht ganz, da sie gehören
301 2296 1918 2517 not, has let the do. W
1323 2466 2975 2722 was the déclurte Herr! -
330 2450 650 2652 Sir
1550 2636 2427 2818 as one p.cle on
1467 2706 1800 2834 keur
375 2706 2953 3049 Te. Wei pied eidest ronpende puge
1825 2943 2514 3180 klingt,
906 3183 2296 3478 Nimt de Blatt
