3243 4248
44 227 2351 539 - vielog kein zu herstahl der Monß aus ihr
2290 414 2622 662 Es a
153 394 1873 719 Lis blintetinter Mons. Heis¬
1438 604 2531 896 C.J.K.
54 655 295 835 Prt
7 784 2650 1113 Am. Die Meistenoselitz, doz ich ist - jedoch
149 997 2745 1248 hören sich nach - es lebte - geb ich kind
159 1235 2748 1537 und auszusamt kein Ausz. Ein heuschen an)
122 1466 2850 1706 Ich sah's dich leichter durch die Opfernocht
845 1673 2846 1947 Bich, der spollisch - zur Verstorben
176 1710 804 1917 Wie eine
1167 1825 1384 1988 seit
248 1900 2826 2124 Und dewvnk schwer m jotst den Verleugn
227 2120 2816 2429 En schène nachte Mweitenkund einfor
265 2341 2792 2616 Das zwischen un der Siden schlafen blimden
265 2592 2795 2863 Sid atnnysheip dem Blut de folle geb.
380 2768 2677 3131 Le neues Gottes, denrie is ist erkt
190 3006 1418 3281 Dr. Nie and?
1231 3267 2392 3586 Noch nicht jene
305 3274 543 3508 Av.
