3256 3960
163 177 2734 501 Nun an, - dass he um nicht unfeltbar ich
2744 351 2935 521 in.
232 398 2401 630 Ich konnte sie ihr mattes sehr sein
269 548 1965 902 (Dr algedachter Rönders.)
1975 613 2918 923 (Tildherr Rath)
313 834 2959 1280 Königkeit sich mit - u gesetzt - erwar ich, aus
187 1076 2928 1522 Bei Hof de Brief des kom. Varnfalls imnlegen
1454 1335 1764 1440 and
211 1331 2652 1665 Herrn a - und ihr diese dritte he
150 1468 2673 1869 tres drugend Befill in Begriff with
255 1726 2952 2108 Lein Croit zurücklegt - in de Raum Hand
228 2009 1195 2261 Td. Und d in-
875 2247 1900 2612 Hefände sich.
269 2561 446 2836 r.
1399 2540 2152 2802 spricht ein
1927 2748 2615 3075 tre Heer
361 3099 2578 3405 Ist weine Vater - was es will
2155 3385 2533 3609 him.
