3496 4168
331 703 2646 931 Und so von Klarheit rings umspiegelt ward er
340 868 2499 1139 Sich auch des eignen Wesens tief bewusst.
346 1018 2620 1254 Wie er bedrückt von Höll-und Himmelsrätseln
346 1237 2343 1450 Und spottend wider sie und ihre Deuter
363 1329 2286 1559 Tyrann aus Økel, Mild aus Mitleid nur,
360 1487 2271 1686 Zu eigensüchtig ganz sich hinzugeben
363 1655 2361 1894 Und fröstelnd in verdienter Einsamkeit
375 1816 2404 1995 Fürst von Geburt,Aufrührer von Geblüte,
380 1951 2594 2159 An Herrscher-wie an Menschenpflichten sich
398 2104 2646 2355 In Hochmut und in Zweifel schwer versündigt.
