3352 4056
2695 256 2818 436 49
481 427 2550 611 Leonilda wird gerufen, der Freiherr geht.
475 617 1633 812 Dichter: Hier bin ich.
484 773 2132 962 Leonilda zögernd,dann ablehnend.
478 929 2896 1092 Dichter fassungslos:Das hab ich für dich getan.
487 1086 2731 1230 Er spricht sich des Gedankenmords an seinem
490 1251 1197 1441 Kind schuldig
493 1380 2677 1534 Leonilda: Was soll ich tun? Ich liebe Euch
487 1558 1065 1714 nicht mehr.
490 1684 2671 1823 Dabei graut ihr ein wenig vor sich selbst.
493 1841 2809 1976 Anselm erscheint,raschen Abschied nehmend, ei
499 1994 2096 2177 ne dri ngende geheime Nachricht.
502 2177 2358 2328 Leonilda ahnt gleich die Unwahrheit.
505 2271 2755 2436 Freiherr kommt, zu Anselm: Ihr geht. Ihr wer.
505 2445 2057 2635 det jederzeit willkommen sein.
508 2586 2481 2764 Anselm: Das hoff ich.Er will nun gehen.
508 2746 2547 2959 Freiherr: Habt Ihr uns nichts zu sagen?
511 2908 2075 3059 Anselm: Nicht dass ich wüsste.
514 3056 2463 3224 Freiherr: Also kommt Ihr bald wieder?
520 3224 1916 3374 Anselm: Vielleicht niemals.
520 3362 2923 3507 Freiherr: Das kann nur Scherz sein. So viel ich
526 3540 2695 3678 weiss seid Ihr mit meiner Tochter verlobt.
