3432 4136
2811 267 2920 461 e
617 429 2805 632 Jenseits des Flusses, ackert, schmiedet, wobt
561 608 2438 784 Hat Keinen je von Nebstuhl,Esse,Saat
561 778 2614 925 Aus stillen Werks-und Feiertagsbezirken
570 928 2764 1081 Von Weib und Kind, vom hell und warmen Herd
564 1093 2447 1246 Ans düstre Flackerrot der Lagerfeuer
588 1234 2817 1428 In Schlachtengraun, in Blut und Tod gelockt.
573 1392 966 1592 Konrad :
564 1574 2932 1710 Wer dächte wohl,Herr Kanzler hört er noki so
567 1689 2838 1889 Euch reden, dass Ihr selbst vor manchem Jahr
570 1854 2523 2012 Ein Regiment zu Sieg und Tod geführt?
579 2021 1022 2197 Freiher:
585 2186 2717 2318 Vielfält 'ges fordert das Geschick uns ab.
588 2321 2823 2488 Ich bin von denen nicht, die Antwort wissen,
652 2506 2782 2638 Noch eh die Frage fiel. Und wenn der Pakt,
585 2597 2773 2791 Der uns den wrieden bringen soll,zerrisse,
590 2791 2940 2926 Wer weiss, ob ich mich selber nicht zum Dienst
588 2940 2429 3140 Bei deinem Vater Marschall meldete.
