3528 4184
2860 336 3000 495 49
811 476 2961 691 Zack: (besorgt) Das wird nicht gut gehen.
814 668 2072 860 Tfeuenhof: Warum nicht?
808 785 3020 1026 Gloissner: (bringt Albine her) Würden Sie
1821 932 1990 1046 were
798 990 2922 1209 mir erlauben Ihnen diese junge Dame vor
788 1147 1362 1329 zustellen?
798 1274 2515 1489 Lisa: (will ihr die Hand reichen)
792 1404 2772 1652 verdinand: (berührt leicht Lisas Arm)
798 1616 3000 1772 Gleissner:  Gereich xxx Sie ihr nur die Hand,
2743 1678 2860 1775 him
795 1753 3072 1958 Lisa. (Sie ist heute zum letzten Mal - wenig-
1694 1847 3157 1977 das späte Sie ist in versch. J.J. selbst alte
798 1899 1652 2091 stens vorläufig.
2336 1922 3000 2101 sie um in Juste.
792 2052 2909 2267 Lisa: Ich freue mich sehr Ihre Bekannt¬
788 2222 1713 2404 schaft zu machen.
775 2339 3056 2538 Gleissner, Ja,Frau Lisa, die Grenzen schwe-
1391 2459 3072 2635 ui.    Sonder Perfice   alles de weit nicht.
1730 2531 3020 2736 Herrn Dr. Reaß weit -
769 2547 1016 2717 ben.
2199 2606 2759 2723 sein wohl in
772 2652 2192 2863 Zack: Ich denke,wir gehen.
782 2795 2919 3000 Lisa: Wir sind doch eben erst gekommen.
779 2948 2922 3124 Und endlich sehe ich Treuenhof wieder und
375 2974 521 3179 T
779 3075 2932 3297 soll gleich wieder fort? Mein, das kannst
339 3196 541 3306 unter
2525 3179 3209 3358 = (tr wullen)
332 3244 2951 3518 Hrn Jk du nicht von mir verlangen, Zach
749 3437 2974 3603 Fr.Flatterer: Ist es schon lange her,dass
766 3534 2297 3661 Sie Herrn Treuenhof kennen?
1645 3538 3235 3811 s/cht jetzt verbinden. Ihnen er
612 3629 1505 3922 the e seynd
1661 3749 2143 3876 Exul. tit.
