3544 4168
2877 348 2987 524 42.
823 478 2903 736 (Ich wundere mich, meine Herren, dass Sie
829 664 3051 921 all dies so schweigend hinnehmen.) Es muss
834 858 1695 1069 etwas geschehen.
834 1005 2080 1220 Rapp: Wem sagen Sie das?
832 1173 3132 1365 Fr.Flatterer: Es wird etwas geschehen. Wir
1550 1269 2037 1385 Ich wurde en
826 1342 3152 1512 wollen nicht ruhig zuschauen, dass ein Mann
829 1437 2967 1643 wie Anastasius Treuenhof - Sie haben ja
834 1579 3097 1817 eine Gemeinde, Sie haben ja Freunde.
829 1736 3034 1976 Treuenhof: Diese hier, meinen Sie? - Das sol
394 1811 675 2011 Rentz
832 1924 2929 2153 len meine Freunde sein? Meine Parisiten
411 2002 661 2083 nofte
374 2063 716 2170 the in
823 2092 3126 2298 sind das. Kerle,die mich ausgesogen und in
397 2153 678 2283 no 7h
826 2234 2863 2483 eine Ecke gespuckt haben,wie ein Stück
820 2437 1292 2582 Rostbeef.
817 2521 2996 2770 Rapp: Das ist eine Metaphor,gnädige Frau.
806 2666 3025 2871 Sie dürfen das nicht für eine Wienerische
1753 2822 2046 2947 Trucet
797 2848 2993 3060 Eigenheit halten. Intellektuelle sind es,
2141 2955 2616 3048 hrnnt einen
808 2999 2961 3170 Weltentüftler, Literaten. (Wissen Sieg, was
1599 3129 2104 3237 Mr Hintman
794 3161 3005 3335 das heisst? Sie werden an ihre Sargdeckel
800 3300 2999 3520 klopfen und den wotengräber um Papier und
785 3436 3109 3680 Blästift bitten, um ihre Neusationen während
794 3604 3022 3842 des Begräbnisses aufzuzeichnen. Begrabene
