3544 4168
3037 346 3217 496 163
741 431 3308 633 sen. Wenn du mich liebst, wenn dumich noch lieben soll
734 630 3354 793 test, so wirst du wohl auch bleiben und ich werde glück
718 809 3236 956 lich sein. Aber wenn du mich betrügst, Lisakwenn du
708 949 3044 1161 in meinem Hause (als meine Frau/ mich zum Gespött
695 1080 3132 1279 und zum Narren machst, dann töte ich dich. Ja, Lisa,
695 1250 3243 1455 wenn du mich belügst, von der nächsten Minute an,brin-
682 1432 2509 1592 ge ich dich um, so wahr ich hier stehe.
679 1595 3201 1775 Lisa: (Blick ineinander,leise) Ich will fort. Ja, ich
669 1732 1781 1876 will fort, jetzt, gleich.
656 1863 2016 2023 Zack: (unbeherrscht) Mit ihm?
656 2016 1860 2192 Lisa: Mit keinem. Allein
639 2176 3057 2388 Zack: Vohirn willst du,wenn du allein fort willst?
633 2365 3034 2541 Lisa: Das ist gleich, Auf die Strasse meinetwegen.
633 2499 3080 2646 In ein schlechtes Haus,was kümmert's dich?
626 2652 2489 2819 Irgendwohin,wo niemand mir drohen darf.
604 2799 3214 2953 Zack: (wieder ruhig) Ich drohe dir nicht. Ich lasse dir
196 2907 493 3060 No 1 -
2333 2946 3187 3122 If tome die 14 Jan
597 2969 2300 3132 einfach die Wahl. Entscheide dich!
209 3031 532 3129 une :14
2457 3031 2695 3165 deit.
346 3112 525 3197 mit
212 3139 522 3269 Tit
587 3106 3145 3298 Lisa : Und wenn ich mich für dich entschiede, was hilft
186 3214 542 3360 nicht eben
577 3279 3093 3422 es mir? Du glaubst mir ja nicht mehr. Das ist es. Ich
555 3435 2992 3618 bin jung, ich bin schön. ich xxxx fühl es selbst
829 3634 1083 3778 F.T.K.
