3624 4136
1126 229 2817 465 Jecke kind cst wilane - for the chele
2840 273 3034 415 101
1232 350 1632 441 entrecht.
850 438 2334 638 Treuenhof: Mir noch lieber.
856 609 3213 738 Mutter: Also wären Sie bereit? Bezahlen Rinsid
1514 697 2446 808 d1k mit nicht uhreit sein...
847 747 3087 923 Treuenhöf: Darüber sprechen wir noch. Ich
835 906 3025 1044 bin nämlich eigentlich wegen was anderem
838 1055 3072 1188 hergekommen. Es dürfte ein Frack für mich
1302 1152 1820 1252 or her.
835 1226 3014 1411 bei Willx Ihnen oder hai Willy abgegeben
823 1367 1499 1526 worden sein.
826 1494 1820 1661 Mutter: Ein Frack?
847 1652 3037 1838 Treuenhof: Ja. Ich habe Herrn van Zach ge
803 1823 2811 1937 beten auch meinen hieher zu schicken.
791 1958 3055 2120 Berta: Ja, es ist ein ziemlich grosses Pa-
791 2140 2575 2299 ket oben abgegeben worden.
797 2240 3075 2458 Treuenhof: Das wird er schon sein. Es sind
782 2431 3014 2608 zwei färbige Fracks,einer für Willy, einer
776 2578 1276 2769 für mich.
759 2661 2849 2884 Berta: Sie gehen auch auf diesen Ball?
764 2864 2943 3058 Treuenhof: Wer nicht! Ich habe Herrn van
756 3055 2999 3196 Zacks gebeten auch meinen Frack hieher zu
753 3222 2843 3349 schicken, weil ich mich auf meinen Haus-
729 3343 2966 3534 meister absolut nicht verlassen kann. Das
