3496 4168
2971 476 3154 628 153
763 628 3206 792 Nachtigall: Im Gegenteil, Herr Neumann, ich erinnere
760 779 2977 978 die Leute vielmehr daran,wo sie sich befinden.
763 927 3051 1056 (Ein Diener mit Champagner. Nachtigall nimmt ein
740 1117 1007 1242 Glas)
740 1239 3061 1419 Ferdinand: Trinken Sie nicht so viel, Nachtigall.
721 1374 3309 1625 Ein betrunkener Jude, das ist ein Verbrechen wider die
731 1568 1020 1693 Natur.
718 1722 3138 1883 Nachtigall: (trinkt) Was soll ich tun, Herr Neumann?
734 1886 3135 2037 (leert das Glas ganz) Zuhaus stirbt meine Frau und
721 2047 2363 2198 ich muss hier zum Tanz aufspielen.
698 2134 3238 2340 Lisa: (kommt) Sie haben herrlich gespielt, Herr Nachti-
695 2321 2726 2533 gall. Warum haben Sie plötzlich aufgehört?
686 2488 3038 2649 Ferdinand: Ich denke, Frau Lisajes war eben genug.
679 2639 3106 2849 Der Tanz hat ja Formen angenommen - merken Sie das
679 2768 1426 2968 gar nicht, Lisa?
666 2952 3048 3103 Lisa: Ich merke, dass das Leben sehr schön ist und
670 3109 3016 3270 dass ich noch keinen Menschen so Klavierspielen
650 3261 2234 3409 gehört habe wie Herrn Nachtigall.
634 3454 3161 3608 Nachtigall: (küsst ihr die Hand) Schöne Frau, Schönste
