3501 4232
2808 420 2979 561 198
772 595 3031 760 (So ist es das Beste du fährst weg.) Der grosse
821 708 3105 916 Schmerz,die Entsagung wird einen grossen Künst-
2259 849 2762 962 at it was to
821 910 3086 1057 ler aus dir machen und kommst gesundet zurück.
846 1030 3163 1235 (So deklamiert er immer weiter bis ihm Willys Be
858 1201 3062 1401 nehmen auffällt. Er hört ihn schluchzen, sieht
824 1367 3093 1496 dann das zerstockene Bild, fängt an zu merken.
2244 1468 2746 1548 M hert o de
809 1548 3185 1707 Treuenhof: Was ist geschehen? Was wollte Zack bei
1410 1624 2020 1741 May Frieder
812 1692 2933 1854 dir? Sie war also deine Gebliebte,du Schuft?
1278 1765 2026 1873 I. Minister herein?
2302 1765 2636 1870 in them & ye
840 1793 3298 1998 'illy: Ja.-Sie sollte mir nach. So war es besetimmt.
809 1983 2988 2130 Sie hätte hier mit Jack sprechen sollen (wegen
785 2130 2933 2332 Freigabe. Gestern kam er an.- Erst aus seinem
775 2280 2991 2431 munde erruhr ich, dass er ihr vierzehn Tage (Be-
1680 2385 1919 2498 Von sich
297 2369 592 2544 Edle
782 2434 3080 2633 denkzeit gelassen. Nur diese vierzehn Tage durf¬
261 2495 628 2657 du tral
285 2602 662 2798 gelone
788 2596 2955 2752 ten wir uns nicht sehen. Nach seiner Hückkehr
760 2716 3221 2872 hätte sie sich erst entscheiden sollen. All das 10
1897 2857 2516 2952 het een somme ye
766 2884 3062 3108 verschwieg sie mir. Sie schwor mir, dass sie mich
751 3068 2899 3231 überhaupt nie wieder sehen dürfe (nach jenem
748 3194 2486 3372 Ball abend).    u. kurzen  Eierung
739 3322 3126 3494 Gestern kam er zurück. Ich wusste es nicht. Heute
733 3525 2933 3647 Nachmittag war sie noch hier und in der Nacht
