3513 4136
2767 282 2909 491 94
661 476 1987 695 hab pensionieren lassen.
667 625 2937 859 Mutter: Ich hab nur Angst, dass du doch die
646 813 2776 1028 Geduld verlieren wirst. Jetzt sitzet du
655 983 2108 1165 schon drei Wochen in Wien -
652 1095 3028 1289 Winkler: Auf ein paar Tage mehr oder weniger
640 1262 3067 1456 kommt es mir doch nicht an. Nebstbei unter¬
631 1405 3019 1581 halt ich mich ganz gut bei der Gelegenheit.
1647 1526 1939 1626 and wd
619 1608 2457 1778 Heut geh ich sogar auf einen Ball.
616 1723 1499 1917 Berta: Du,Onkel?
619 1902 2011 2072 Winkler: Ja, mit dem Willy.
598 2030 2682 2181 Mutter: Der Willy geht auf einen Ball?
1229 2142 2227 2254 Het ent de de Willing
595 2154 2991 2409 Winkler: er hat s Euch nicht erzählt? Kostüm
586 2357 1553 2533 ball bei Van Zack.
567 2457 2979 2664 Mutter: (mit fragendem Blick auf Bertha) Kein
570 2642 2284 2861 Wort hat er gesagt.
579 2803 2063 2997 Berta: (Geste):Mir auchnicht)
564 2967 2615 3137 Winkler: Wird er halt vergessen haben.
543 3113 2982 3346 Berta: Dor Willy macht jetzt ein Porträt von
537 3261 1529 3477 der Frau van Zack.
543 3446 1662 3628 Winklær: Ja, ich höre.
534 3589 1690 3777 perta: Kennst du sie?
