3513 4120
2541 261 3012 518 FJ 117
694 498 2983 694 Mutter: Du wirst sie ja heute Abend sehen.
1358 626 1557 767 bero
694 670 2201 861 Du wirst sie zusammen sehen
691 834 2948 992 Winkler: No—ja, und was dann? Soll ich Ob-
688 987 3001 1148 acht geben auf ihn? Das ist keine so einfa¬
694 1095 3045 1320 che Sache, abgesehen davon, dass es nicht sehr
676 1303 2090 1461 nach meinem Geschmack ist.
665 1429 2764 1595 Mutter: Aber dein Eindruck - ich meine
670 1522 2971 1800 du wirst doch einen ungefähren pindruck ha
817 1713 1399 1827 in der ganze
667 1739 2828 1947 ben auch in Hinsicht auf Herrn van Zack
667 1882 2986 2087 Winkler: Ich kenn sie ja. Ausschaun tut sie
269 1868 545 2128 br h v
659 2032 2966 2213 allerdings, als wenn sie nicht bis drei zäh-
296 2122 413 2201 in
1373 2160 2600 2374 Mr pichr. - In Kiffihan
222 2199 436 2333 act
659 2237 1232 2412 len könnte.
214 2248 515 2462 Nosset
638 2336 2936 2576 Mutter: Dass sie gleich von ihrem Mann weg
647 2474 2974 2679 gehen will,-das spricht doch gewissermassen
624 2655 2837 2857 für sie, das lässt doch darauf schliessen,
638 2819 2922 3033 dass sie eine Neigung zur Wahrheit und Auf
621 2992 1490 3141 richtigkeit hat.
621 3109 2922 3293 Winkler: Die aufrichtigen - das sind manch
612 3261 2851 3466 mal die allerärgsten. Das Lügen kommt mir
603 3413 2731 3592 manchmal viel anständiger vor,da gehört
