3513 4136
293 251 787 493 6./8.1927.
2718 351 2853 519 93
648 493 2521 761 Na, morgen geh ich ins Ministerium.
677 703 1728 928 Mutter: In welches?
683 835 2450 1093 winkler: Ins Ackerbauministerium.
674 1032 3053 1260 Mutter; Was hat denn das Ackerbauministerium
680 1209 1389 1393 damit zu tun?
661 1238 2947 1557 Winkler: Gar nichts. Aber mit dem Ackerbau
664 1438 2988 1715 minister bin ich persönlich gut. Und (es gibt
683 1667 2005 1847 ja Ministerratssitzungen.
654 1750 2956 1992 Mutter: Beschäftigt sich denn der Minister-
661 1918 2395 2166 rat mit solchen Angelegenheiten?
658 2025 2776 2311 Winkler: Aber es kommt ja nicht auf die
654 2179 2982 2486 Tagesordnungen an.. Die Herren sprechen ja
642 2376 2934 2631 auch privat miteinander. Lass mich nur ma-
638 2595 1241 2782 chen.Marie.
625 2660 3037 2930 Mutter: Wenn nur in den Aemtern lauter solche
632 2921 1883 3082 Menschen säs sen wie du.
638 2963 2895 3250 winkler: Wünsch es dir nicht. Wenn ich die
642 3137 2869 3395 Sache antlich zu behandeln hätte, wär wahr'
629 3349 2901 3549 scheinlich auf mich gerad so wenig Verlass
632 3440 3221 3704 wie auf die Andern. Ich weiss schon, warum ich mich
