<?xml version="1.0" encoding="UTF-8" standalone="yes"?>
<PcGts xmlns="http://schema.primaresearch.org/PAGE/gts/pagecontent/2013-07-15" xmlns:xsi="http://www.w3.org/2001/XMLSchema-instance" xsi:schemaLocation="http://schema.primaresearch.org/PAGE/gts/pagecontent/2013-07-15 http://schema.primaresearch.org/PAGE/gts/pagecontent/2013-07-15/pagecontent.xsd">
    <Metadata>
        <Creator>prov=READ-COOP:name=TrHtr:version=2.1.0:model_id=51170:date=15_08_2023_00:56</Creator>
        <Created>2023-05-10T14:59:54.576+02:00</Created>
        <LastChange>2023-08-15T00:56:53.526+02:00</LastChange>
        <TranskribusMetadata docId="1428698" pageId="55428541" pageNr="65" tsid="132835466" status="IN_PROGRESS" userId="64420" imgUrl="https://files.transkribus.eu/Get?id=SSCDHKUWQQOQKADPYVCFXDVO&amp;fileType=view" xmlUrl="https://files.transkribus.eu/Get?id=JEMIPVHKIEBXVWSZLDURKUGR" imageId="44702614"/>
    </Metadata>
    <Page imageFilename="1428698_0065.jpg" imageWidth="3448" imageHeight="4120">
        <ReadingOrder>
            <OrderedGroup id="ro_1711807786438" caption="Regions reading order">
                <RegionRefIndexed index="0" regionRef="tr_1"/>
            </OrderedGroup>
        </ReadingOrder>
        <TextRegion id="tr_1" custom="readingOrder {index:0;}">
            <Coords points="316,382 3278,382 3278,3792 316,3792"/>
            <TextLine id="tr_1_tl_1" custom="readingOrder {index:0;}">
                <Coords points="301,521 462,503 506,521 555,512 633,555 679,531 695,546 735,537 732,323 676,335 658,320 586,354 527,326 434,351 335,310 298,316"/>
                <Baseline points="316,435 361,432 406,432 450,432 495,432 540,432 585,435 629,435 674,435 719,441 740,444"/>
                <TextEquiv>
                    <Unicode>10.11.1927</Unicode>
                </TextEquiv>
            </TextLine>
            <TextLine id="tr_1_tl_2" custom="readingOrder {index:1;}">
                <Coords points="776,735 1613,754 2063,620 2916,670 3044,624 3047,527 2358,568 1793,490 782,602"/>
                <Baseline points="794,683 812,680 856,677 901,677 946,674 991,671 1035,671 1080,668 1125,665 1170,662 1215,662 1259,665 1304,665 1349,659 1394,656 1439,653 1483,653 1528,650 1573,647 1618,650 1662,647 1707,644 1752,641 1797,641 1842,641 1886,638 1931,638 1976,635 2021,635 2065,629 2110,626 2155,623 2200,620 2245,618 2289,618 2334,618 2379,618 2424,618 2469,615 2513,615 2558,612 2603,609 2648,609 2692,606 2737,606 2782,603 2827,597 2872,597 2916,594 2961,591 3006,591 3051,594"/>
                <TextEquiv>
                    <Unicode>Gleisener: (stellt vor) Die Damen erlauben-/Herr</Unicode>
                </TextEquiv>
            </TextLine>
            <TextLine id="tr_1_tl_3" custom="readingOrder {index:2;}">
                <Coords points="773,838 1163,828 1604,971 1945,965 2107,869 2696,909 3087,862 3096,608 2563,710 1871,648 1616,751 776,754"/>
                <Baseline points="791,829 818,826 862,829 907,826 952,826 997,826 1041,826 1086,824 1131,821 1176,821 1221,821 1265,821 1310,815 1355,812 1400,815 1444,809 1489,806 1534,806 1579,803 1624,800 1668,797 1713,794 1758,794 1803,797 1848,794 1892,797 1937,797 1982,791 2027,791 2071,785 2116,782 2161,779 2206,776 2251,776 2295,773 2340,773 2385,773 2430,776 2474,770 2519,767 2564,764 2609,761 2654,761 2698,761 2743,758 2788,758 2833,755 2878,752 2922,752 2967,752 3012,755 3057,752 3101,758"/>
                <TextEquiv>
                    <Unicode>Willi Langer, Frau Hedwig Flatterer,Frau Lisa van</Unicode>
                </TextEquiv>
            </TextLine>
            <TextLine id="tr_1_tl_4" custom="readingOrder {index:3;}">
                <Coords points="2708,934 2724,934 2740,925 2789,962 2814,962 2820,866 2802,866 2792,859 2758,881 2736,875 2727,884 2712,884"/>
                <Baseline points="2725,916 2734,916 2779,910 2824,910"/>
                <TextEquiv>
                    <Unicode>Deuil</Unicode>
                </TextEquiv>
            </TextLine>
            <TextLine id="tr_1_tl_5" custom="readingOrder {index:4;}">
                <Coords points="763,1002 921,987 959,993 977,1011 999,1002 1030,1015 1033,844 1011,847 996,835 928,859 890,838 841,866 816,847 766,838"/>
                <Baseline points="779,985 815,982 859,982 904,982 949,979 994,982 1038,982"/>
                <TextEquiv>
                    <Unicode>Zack.</Unicode>
                </TextEquiv>
            </TextLine>
            <TextLine id="tr_1_tl_6" custom="readingOrder {index:5;}">
                <Coords points="779,1194 1964,1201 2327,1086 3000,1086 3006,980 2038,1021 1911,949 1170,1061 788,1002"/>
                <Baseline points="800,1155 815,1152 859,1143 904,1143 949,1143 994,1140 1038,1134 1083,1131 1128,1131 1173,1128 1218,1125 1262,1125 1307,1122 1352,1119 1397,1116 1442,1116 1486,1116 1531,1113 1576,1110 1621,1107 1665,1107 1710,1107 1755,1107 1800,1104 1845,1101 1889,1098 1934,1098 1979,1095 2024,1095 2068,1092 2113,1092 2158,1089 2203,1083 2248,1083 2292,1086 2337,1083 2382,1080 2427,1077 2472,1077 2516,1074 2561,1071 2606,1068 2651,1068 2695,1065 2740,1065 2785,1062 2830,1062 2875,1059 2919,1056 2964,1056 3009,1059"/>
                <TextEquiv>
                    <Unicode>van Jack: (der auch dabei sitzt) Wir haben uns</Unicode>
                </TextEquiv>
            </TextLine>
            <TextLine id="tr_1_tl_7" custom="readingOrder {index:6;}">
                <Coords points="773,1297 2919,1303 3227,1272 3233,1120 2746,1167 2482,1080 1955,1201 776,1229"/>
                <Baseline points="791,1295 821,1292 865,1292 910,1292 955,1292 1000,1292 1044,1286 1089,1286 1134,1283 1179,1280 1224,1277 1268,1274 1313,1271 1358,1271 1403,1268 1447,1268 1492,1265 1537,1262 1582,1262 1627,1259 1671,1259 1716,1262 1761,1259 1806,1259 1851,1253 1895,1253 1940,1250 1985,1250 2030,1250 2074,1247 2119,1250 2164,1250 2209,1247 2254,1247 2298,1241 2343,1236 2388,1236 2433,1233 2477,1230 2522,1227 2567,1224 2612,1227 2657,1221 2701,1221 2746,1221 2791,1218 2836,1218 2881,1215 2925,1215 2970,1215 3015,1212 3060,1209 3104,1206 3149,1203 3194,1203 3239,1206"/>
                <TextEquiv>
                    <Unicode>lange nicht gesehen Herr Lang. (reicht ihm die Hand</Unicode>
                </TextEquiv>
            </TextLine>
            <TextLine id="tr_1_tl_8" custom="readingOrder {index:7;}">
                <Coords points="766,1536 1263,1436 2929,1396 2954,1294 773,1378"/>
                <Baseline points="785,1456 809,1459 853,1453 898,1450 943,1447 988,1442 1032,1442 1077,1442 1122,1436 1167,1433 1212,1433 1256,1430 1301,1430 1346,1427 1391,1424 1436,1424 1480,1421 1525,1418 1570,1418 1615,1418 1659,1415 1704,1412 1749,1412 1794,1409 1839,1409 1883,1406 1928,1406 1973,1406 2018,1403 2062,1400 2107,1403 2152,1400 2197,1394 2242,1394 2286,1394 2331,1391 2376,1388 2421,1385 2466,1385 2510,1385 2555,1382 2600,1379 2645,1376 2689,1376 2734,1373 2779,1373 2824,1373 2869,1370 2913,1367 2958,1370"/>
                <TextEquiv>
                    <Unicode>Lisa: Anastasius Treuenhof hat uns eben erst</Unicode>
                </TextEquiv>
            </TextLine>
            <TextLine id="tr_1_tl_9" custom="readingOrder {index:8;}">
                <Coords points="785,1616 1796,1585 1796,1517 1697,1489 788,1545"/>
                <Baseline points="803,1600 818,1600 862,1600 907,1600 952,1597 997,1597 1041,1594 1086,1591 1131,1588 1176,1585 1221,1585 1265,1585 1310,1588 1355,1582 1400,1579 1444,1579 1489,1576 1534,1576 1579,1573 1624,1570 1668,1567 1713,1567 1758,1564 1803,1567"/>
                <TextEquiv>
                    <Unicode>von Ihnen gesprochen.</Unicode>
                </TextEquiv>
            </TextLine>
            <TextLine id="tr_1_tl_10" custom="readingOrder {index:9;}">
                <Coords points="773,1852 2088,1722 2094,1567 1914,1551 1793,1654 1666,1675 779,1685"/>
                <Baseline points="794,1755 797,1758 841,1755 886,1755 931,1752 976,1752 1021,1752 1065,1749 1110,1746 1155,1743 1200,1740 1244,1737 1289,1737 1334,1734 1379,1731 1424,1728 1468,1728 1513,1728 1558,1728 1603,1728 1648,1725 1692,1722 1737,1722 1782,1719 1827,1716 1871,1713 1916,1713 1961,1713 2006,1710 2051,1713 2095,1710"/>
                <TextEquiv>
                    <Unicode>Frau Flatterer: Geschwärmt!</Unicode>
                </TextEquiv>
            </TextLine>
            <TextLine id="tr_1_tl_11" custom="readingOrder {index:10;}">
                <Coords points="776,1920 1840,1899 1899,1886 1902,1809 1750,1778 1663,1818 779,1843"/>
                <Baseline points="794,1919 832,1913 877,1913 922,1910 967,1907 1012,1907 1056,1907 1101,1904 1146,1898 1191,1895 1236,1892 1280,1892 1325,1889 1370,1889 1415,1886 1459,1883 1504,1883 1549,1880 1594,1877 1639,1874 1683,1871 1728,1871 1773,1871 1818,1871 1862,1871 1907,1871"/>
                <TextEquiv>
                    <Unicode>Lisa: Sie waren in Rom?</Unicode>
                </TextEquiv>
            </TextLine>
            <TextLine id="tr_1_tl_12" custom="readingOrder {index:11;}">
                <Coords points="1601,1970 1663,1964 1682,1976 1709,1958 1734,1961 1747,1951 1803,1973 1834,1961 1834,1880 1815,1880 1781,1899 1747,1883 1703,1886 1694,1896 1685,1886 1601,1889"/>
                <Baseline points="1618,1952 1662,1952 1707,1949 1752,1952 1797,1952 1842,1952"/>
                <TextEquiv>
                    <Unicode>ter A</Unicode>
                </TextEquiv>
            </TextLine>
            <TextLine id="tr_1_tl_13" custom="readingOrder {index:12;}">
                <Coords points="773,2072 3000,2066 3230,2001 3233,1911 1678,1979 1480,1893 779,1920"/>
                <Baseline points="791,2065 821,2062 865,2062 910,2062 955,2062 1000,2060 1044,2060 1089,2057 1134,2054 1179,2051 1224,2051 1268,2048 1313,2045 1358,2042 1403,2039 1447,2039 1492,2039 1537,2039 1582,2039 1627,2036 1671,2033 1716,2033 1761,2030 1806,2030 1851,2027 1895,2027 1940,2024 1985,2024 2030,2024 2074,2024 2119,2024 2164,2018 2209,2018 2254,2012 2298,2009 2343,2009 2388,2006 2433,2003 2477,2000 2522,2000 2567,1997 2612,1997 2657,1997 2701,1994 2746,1991 2791,1988 2836,1988 2881,1985 2925,1982 2970,1982 3015,1982 3060,1976 3104,1976 3149,1973 3194,1970 3239,1967"/>
                <TextEquiv>
                    <Unicode>Willi: Zuletzt. Ich habe ganz Italien durchwandert</Unicode>
                </TextEquiv>
            </TextLine>
            <TextLine id="tr_1_tl_14" custom="readingOrder {index:13;}">
                <Coords points="773,2228 2721,2175 2777,2085 2231,2122 1713,2057 1173,2178 776,2159"/>
                <Baseline points="791,2227 809,2224 853,2221 898,2218 943,2218 988,2218 1032,2215 1077,2212 1122,2212 1167,2212 1212,2209 1256,2206 1301,2203 1346,2200 1391,2197 1436,2197 1480,2194 1525,2194 1570,2194 1615,2191 1659,2191 1704,2188 1749,2185 1794,2188 1839,2182 1883,2182 1928,2173 1973,2170 2018,2170 2062,2170 2107,2170 2152,2170 2197,2170 2242,2167 2286,2164 2331,2164 2376,2164 2421,2164 2466,2164 2510,2161 2555,2158 2600,2155 2645,2152 2689,2152 2734,2152 2779,2155"/>
                <TextEquiv>
                    <Unicode>beinahe. Ich war ein Jahr lang fort,</Unicode>
                </TextEquiv>
            </TextLine>
            <TextLine id="tr_1_tl_15" custom="readingOrder {index:14;}">
                <Coords points="2051,2271 2069,2271 2091,2252 2125,2265 2159,2265 2175,2280 2203,2277 2243,2252 2271,2262 2271,2162 2246,2172 2237,2166 2200,2187 2162,2190 2150,2178 2116,2178 2103,2190 2091,2181 2076,2190 2051,2184"/>
                <Baseline points="2068,2245 2113,2242 2158,2242 2203,2242 2248,2242 2280,2248"/>
                <TextEquiv>
                    <Unicode>Hander</Unicode>
                </TextEquiv>
            </TextLine>
            <TextLine id="tr_1_tl_16" custom="readingOrder {index:15;}">
                <Coords points="779,2457 1005,2435 1111,2476 1430,2355 2020,2355 2041,2280 1570,2293 1508,2256 1455,2293 785,2314"/>
                <Baseline points="800,2385 832,2379 877,2376 922,2373 967,2373 1012,2370 1056,2370 1101,2364 1146,2364 1191,2361 1236,2361 1280,2358 1325,2355 1370,2352 1415,2352 1459,2352 1504,2349 1549,2346 1594,2343 1639,2343 1683,2343 1728,2340 1773,2337 1818,2337 1862,2334 1907,2334 1952,2334 1997,2331 2042,2334"/>
                <TextEquiv>
                    <Unicode>Lisa: Wie ich Sie beneide.</Unicode>
                </TextEquiv>
            </TextLine>
            <TextLine id="tr_1_tl_17" custom="readingOrder {index:16;}">
                <Coords points="791,2538 3267,2488 3273,2352 794,2454"/>
                <Baseline points="809,2525 815,2531 859,2531 904,2531 949,2528 994,2525 1038,2525 1083,2522 1128,2519 1173,2519 1218,2516 1262,2513 1307,2513 1352,2510 1397,2507 1442,2504 1486,2504 1531,2504 1576,2501 1621,2501 1665,2498 1710,2498 1755,2495 1800,2492 1845,2489 1889,2489 1934,2489 1979,2486 2024,2486 2068,2483 2113,2483 2158,2480 2203,2480 2248,2480 2292,2480 2337,2474 2382,2474 2427,2472 2472,2472 2516,2469 2561,2469 2606,2469 2651,2469 2695,2466 2740,2463 2785,2460 2830,2454 2875,2457 2919,2454 2964,2451 3009,2451 3054,2448 3098,2445 3143,2445 3188,2442 3233,2442 3278,2436"/>
                <TextEquiv>
                    <Unicode>Willi: Sie waren noch nicht in Italien, gnädige Frau?</Unicode>
                </TextEquiv>
            </TextLine>
            <TextLine id="tr_1_tl_18" custom="readingOrder {index:17;}">
                <Coords points="773,2693 1015,2690 1117,2761 1998,2743 2094,2681 2311,2696 2318,2550 776,2622"/>
                <Baseline points="791,2692 800,2692 844,2686 889,2686 934,2683 979,2683 1024,2680 1068,2683 1113,2678 1158,2672 1203,2669 1247,2669 1292,2666 1337,2663 1382,2666 1427,2666 1471,2660 1516,2657 1561,2657 1606,2654 1650,2654 1695,2654 1740,2651 1785,2648 1830,2648 1874,2648 1919,2645 1964,2642 2009,2642 2054,2642 2098,2642 2143,2639 2188,2636 2233,2636 2277,2633 2322,2633"/>
                <TextEquiv>
                    <Unicode>Lisa: (seufzt, schüttelt den Kopf)</Unicode>
                </TextEquiv>
            </TextLine>
            <TextLine id="tr_1_tl_19" custom="readingOrder {index:18;}">
                <Coords points="773,2941 1188,2829 3161,2842 3186,2659 779,2764"/>
                <Baseline points="794,2845 815,2842 859,2842 904,2839 949,2836 994,2836 1038,2833 1083,2836 1128,2833 1173,2830 1218,2827 1262,2827 1307,2824 1352,2821 1397,2821 1442,2818 1486,2818 1531,2815 1576,2815 1621,2812 1665,2809 1710,2809 1755,2809 1800,2806 1845,2803 1889,2803 1934,2800 1979,2800 2024,2797 2068,2800 2113,2797 2158,2794 2203,2794 2248,2791 2292,2788 2337,2785 2382,2782 2427,2782 2472,2779 2516,2776 2561,2773 2606,2773 2651,2770 2695,2767 2740,2770 2785,2767 2830,2764 2875,2764 2919,2761 2964,2758 3009,2761 3054,2758 3098,2758 3143,2755 3188,2758"/>
                <TextEquiv>
                    <Unicode>Zack: Es wird schon kommen.Kind. Nächstes Frühjahr</Unicode>
                </TextEquiv>
            </TextLine>
            <TextLine id="tr_1_tl_20" custom="readingOrder {index:19;}">
                <Coords points="766,3034 915,3000 968,3016 1073,2994 1157,3009 1278,2978 1319,2994 1322,2892 1253,2870 1170,2926 1114,2910 1046,2929 1008,2907 769,2941"/>
                <Baseline points="788,2997 832,2994 877,2994 922,2994 967,2991 1012,2991 1056,2985 1101,2985 1146,2985 1191,2979 1236,2979 1280,2976 1325,2976"/>
                <TextEquiv>
                    <Unicode>vielleicht.</Unicode>
                </TextEquiv>
            </TextLine>
            <TextLine id="tr_1_tl_21" custom="readingOrder {index:20;}">
                <Coords points="779,3155 1402,3140 1734,3239 1976,3112 3130,3093 3270,3059 3276,2923 2017,2895 785,3040"/>
                <Baseline points="797,3155 815,3152 859,3152 904,3152 949,3149 994,3149 1038,3146 1083,3143 1128,3140 1173,3140 1218,3137 1262,3134 1307,3131 1352,3128 1397,3128 1442,3128 1486,3128 1531,3125 1576,3128 1621,3128 1665,3128 1710,3128 1755,3125 1800,3122 1845,3119 1889,3116 1934,3110 1979,3107 2024,3104 2068,3101 2113,3101 2158,3101 2203,3098 2248,3095 2292,3092 2337,3092 2382,3090 2427,3087 2472,3084 2516,3084 2561,3081 2606,3081 2651,3081 2695,3078 2740,3075 2785,3075 2830,3069 2875,3069 2919,3066 2964,3066 3009,3066 3054,3063 3098,3063 3143,3060 3188,3057 3233,3054 3278,3051"/>
                <TextEquiv>
                    <Unicode>Fr. Flatterer: (zu Willi) Haben Sie viele schöne Frau-</Unicode>
                </TextEquiv>
            </TextLine>
            <TextLine id="tr_1_tl_22" custom="readingOrder {index:21;}">
                <Coords points="785,3317 859,3341 915,3310 949,3332 1126,3304 1219,3320 1281,3301 1288,3220 1179,3214 1117,3242 1092,3230 996,3248 943,3230 925,3245 838,3233 788,3255"/>
                <Baseline points="803,3307 844,3304 889,3304 934,3307 979,3304 1024,3298 1068,3298 1113,3293 1158,3293 1203,3290 1247,3287 1292,3284"/>
                <TextEquiv>
                    <Unicode>en gemalt?</Unicode>
                </TextEquiv>
            </TextLine>
            <TextLine id="tr_1_tl_23" custom="readingOrder {index:22;}">
                <Coords points="1843,3351 2041,3354 2060,3335 2082,3338 2085,3270 2054,3264 2041,3276 2017,3261 1989,3276 1979,3264 1939,3292 1899,3264 1846,3264"/>
                <Baseline points="1859,3340 1865,3340 1910,3340 1955,3340 2000,3340 2045,3337 2089,3334"/>
                <TextEquiv>
                    <Unicode>meer</Unicode>
                </TextEquiv>
            </TextLine>
            <TextLine id="tr_1_tl_24" custom="readingOrder {index:23;}">
                <Coords points="769,3537 1725,3425 3236,3410 3242,3227 2373,3239 2206,3351 1725,3388 897,3394 779,3323"/>
                <Baseline points="791,3460 826,3460 871,3460 916,3460 961,3457 1006,3457 1050,3451 1095,3451 1140,3448 1185,3448 1230,3445 1274,3442 1319,3439 1364,3439 1409,3436 1453,3433 1498,3433 1543,3430 1588,3430 1633,3427 1677,3427 1722,3427 1767,3424 1812,3421 1856,3421 1901,3418 1946,3421 1991,3418 2036,3415 2080,3415 2125,3412 2170,3412 2215,3409 2260,3406 2304,3400 2349,3397 2394,3397 2439,3394 2483,3394 2528,3391 2573,3388 2618,3388 2663,3385 2707,3382 2752,3382 2797,3379 2842,3379 2886,3373 2931,3373 2976,3373 3021,3373 3066,3370 3110,3370 3155,3373 3200,3370 3245,3376"/>
                <TextEquiv>
                    <Unicode>Willi: Auch Frauen. Oefter eigentlich Landschaften.</Unicode>
                </TextEquiv>
            </TextLine>
            <TextLine id="tr_1_tl_25" custom="readingOrder {index:24;}">
                <Coords points="773,3642 3050,3583 3075,3431 2578,3410 2262,3512 1734,3422 776,3549"/>
                <Baseline points="791,3624 794,3624 838,3621 883,3618 928,3615 973,3612 1018,3609 1062,3609 1107,3606 1152,3603 1197,3600 1241,3600 1286,3597 1331,3597 1376,3594 1421,3591 1465,3591 1510,3588 1555,3585 1600,3582 1645,3582 1689,3582 1734,3582 1779,3579 1824,3579 1868,3576 1913,3576 1958,3576 2003,3576 2048,3573 2092,3576 2137,3573 2182,3567 2227,3564 2271,3561 2316,3561 2361,3558 2406,3555 2451,3555 2495,3555 2540,3549 2585,3549 2630,3549 2675,3546 2719,3543 2764,3540 2809,3540 2854,3537 2898,3537 2943,3534 2988,3531 3033,3531 3078,3528"/>
                <TextEquiv>
                    <Unicode>Landschaften mit Staffage. Zum Beispiel ein Cam-</Unicode>
                </TextEquiv>
            </TextLine>
            <TextLine id="tr_1_tl_26" custom="readingOrder {index:25;}">
                <Coords points="773,3816 3071,3773 3134,3608 779,3642"/>
                <Baseline points="794,3782 806,3782 850,3779 895,3779 940,3776 985,3773 1030,3770 1074,3764 1119,3761 1164,3761 1209,3758 1253,3755 1298,3755 1343,3752 1388,3752 1433,3749 1477,3749 1522,3746 1567,3746 1612,3746 1656,3743 1701,3743 1746,3740 1791,3737 1836,3737 1880,3737 1925,3737 1970,3737 2015,3734 2060,3734 2104,3734 2149,3734 2194,3734 2239,3731 2283,3731 2328,3728 2373,3725 2418,3725 2463,3722 2507,3722 2552,3722 2597,3719 2642,3722 2686,3719 2731,3719 2776,3716 2821,3716 2866,3719 2910,3719 2955,3716 3000,3713 3045,3716 3090,3710 3134,3719"/>
                <TextEquiv>
                    <Unicode>pagnabild mit einem Bauernwagen, darauf zwei junge</Unicode>
                </TextEquiv>
            </TextLine>
        </TextRegion>
    </Page>
</PcGts>
