3496 4136
2864 341 3012 587 40
788 549 3053 770 Ihnen wirklich dankbar, dass Sie mich hieher
1501 729 1801 842 & We put
782 747 2974 921 geführt haben. Auch Ihnen, Herr Treuenhof.
1438 883 1889 984 Miers in
779 893 3097 1057 Ihre Freunde verrieten mir nämlich, dass ich
779 1038 3315 1246 Sie hier finden würde. Gesprünglich hatte ultern
817 1221 1060 1306 rte wth
770 1192 3059 1470 ich die Absicht Sie in Ihrer Wohnung aufzu-
770 1391 1157 1571 suchen.
2690 1435 3034 1589 betrach
757 1498 3031 1735 Treuenhof: Wohnung? Wer hat Ihnen/denn er
760 1659 2485 1861 zählt, dass ich eine Wohnung hab?
754 1835 2299 2022 Fr.Flatterer: Ich den ke doch
770 1911 2908 2220 Treuenhof: Ein Loch hab ich, in dem steht
741 2113 3069 2315 ein Bett, ein Sessel und ein Tisch. Aussicht
1958 2271 2422 2397 Nahm /bela
2532 2261 2725 2375 (ille)
738 2277 2977 2482 auf einen Lichthof. Das Ist meine Wohnung,
735 2441 2911 2643 Fr. I Flatterer:Sie scherzen wohl? Ein Ana¬
741 2589 2842 2810 stasius Treuenhof, der einen Palast sein
722 2750 2573 2930 Eigen nennen sollte..mohnt in einem
722 2860 3031 3088 Gleissner: Das war immer so in Oesterreich.
763 3040 3062 3283 Die Grossen werden verkannt oder vergessen.
716 3214 3059 3409 Ich muss wohl auf das Letztere gefasst sein,
716 3400 2911 3605 da mir das Erstere erspart geblieben ist.
2362 3488 2542 3602 Ma
713 3548 2889 3791 Rapp: Du irrst dich,Gleissner.
