3640 4136
2805 390 2970 577 177
1065 602 3073 753 Lisa: Sprich nicht weiter. So sehr ich an
1060 732 3219 913 dich und deine Zukunft glaube,
1041 883 3100 1073 xxxxxx xxx
1035 1033 3149 1241 noch kannet du für niemanden sorgen als für
1033 1201 3092 1388 dich selbst und ich würde eher sterben, als
1035 1369 3079 1542 jemals von dir - Nein, nein, nichts mehr da-
1027 1485 3005 1694 von. Habe Geduld, mein Lieber. Es wird ja
1008 1661 3184 1843 nicht lange dauern,wenn alles gut geht Last
1011 1816 3014 1984 du mich wieder noch ehe ein Monat um ist.
1000 1957 2301 2176 Willi: Lisa - ein Monat -?
1000 2111 3087 2287 Lisa: Und dazu kommt, dass ich in den aller.
986 2268 2965 2469 nächsten Tagen - auch wenn
984 2420 2913 2629 die Sache mit dem Advokaten sich sofort
986 2572 3130 2775 ordnen liesse - Wien nicht verlassen könnte.
2564 2672 2780 2764 nin
1385 2686 1466 2783 to
978 2743 2954 2951 Ich hab dirs ja schon angedeutet-sie hat
965 2897 1607 3089 sich verlobt.
965 3043 2447 3225 Willi: Mit Gleissner? Wir man
957 3168 3081 3388 Lisa: (Was fällt dir ein, das ist (Gottseidank
951 3347 2610 3534 so ziemlich vorbei, Mit Ferdinand,
951 3523 2079 3721 Willi: 1st es möglich?
