3539 4120
793 519 3036 716 Tini: (zum Kellner) Mit der Brosche neulich
772 671 3030 838 haben S' mich ordentlich angeschmiert. Ich
1452 796 1745 898 frivelier
767 814 2974 1029 hab sie einem zeigt, keine vier Gulden ist
775 1023 1250 1139 sie wert.
764 1095 2968 1277 Kellner: Die Dame, von der ich sie gekauft
755 1294 3054 1476 hab hat sie von einem Grafen gekriegtkehren
755 1405 3090 1640 Tini: Die Grafen, die was bei Euhh verekhren.
755 1596 2663 1757 Kellner: War auch keine Dame von da.
758 1688 3153 1921 PFerdinand: (zum Kellner) Seit wann hausieren
746 1858 2789 2064 Sie denn mit den Werken von Anastasius
743 2025 1291 2201 Treuenhof?
746 2162 2833 2374 Kellner: Bitte,Herr Neumann,eigenhändig
734 2326 1566 2511 Namenszeichnung
734 2472 2941 2711 Ferdinand: Richtig. Wie kommen S' denn zu
722 2640 1599 2824 dem Buch7, Franz?
719 2765 3045 2982 Kellner: Diskretion Ehrensache,Herr von Neu
710 2959 990 3135 mann.
707 3105 1846 3305 werdinand: Wie teuer?
707 3272 2959 3436 Kellner: Weil Sie's sind, Herr von Neumann,
698 3430 1757 3582 zwei Gulden fünfzig.
692 3570 2887 3719 Ferdinand: (nur mit einer ceste) Da. (gibt
3135 197 3242 361 be
