<?xml version="1.0" encoding="UTF-8" standalone="yes"?>
<PcGts xmlns="http://schema.primaresearch.org/PAGE/gts/pagecontent/2013-07-15" xmlns:xsi="http://www.w3.org/2001/XMLSchema-instance" xsi:schemaLocation="http://schema.primaresearch.org/PAGE/gts/pagecontent/2013-07-15 http://schema.primaresearch.org/PAGE/gts/pagecontent/2013-07-15/pagecontent.xsd">
    <Metadata>
        <Creator>prov=READ-COOP:name=TrHtr:version=2.1.0:model_id=51170:date=15_08_2023_00:56</Creator>
        <Created>2023-05-10T14:59:54.753+02:00</Created>
        <LastChange>2023-08-15T00:56:53.812+02:00</LastChange>
        <TranskribusMetadata docId="1428698" pageId="55428546" pageNr="66" tsid="132835467" status="IN_PROGRESS" userId="64420" imgUrl="https://files.transkribus.eu/Get?id=VTYXWYHSSKDMNAYSBPAHNZLG&amp;fileType=view" xmlUrl="https://files.transkribus.eu/Get?id=ZEEMBBAHBSHCXZXACSFZWBQO" imageId="44702619"/>
    </Metadata>
    <Page imageFilename="1428698_0066.jpg" imageWidth="3448" imageHeight="4120">
        <ReadingOrder>
            <OrderedGroup id="ro_1711807788248" caption="Regions reading order">
                <RegionRefIndexed index="0" regionRef="tr_2"/>
                <RegionRefIndexed index="1" regionRef="tr_1"/>
            </OrderedGroup>
        </ReadingOrder>
        <TextRegion id="tr_2" custom="readingOrder {index:0;}">
            <Coords points="716,630 3209,630 3209,1541 716,1541"/>
            <TextLine id="tr_2_tl_1" custom="readingOrder {index:0;}">
                <Coords points="705,794 1993,797 2191,724 2761,727 2793,638 2105,580 1725,663 1129,612 711,695"/>
                <Baseline points="725,764 737,764 782,758 826,755 871,755 916,755 961,752 1006,752 1050,749 1095,749 1140,746 1185,746 1230,743 1274,743 1319,740 1364,737 1409,737 1453,737 1498,734 1543,731 1588,728 1633,725 1677,725 1722,725 1767,722 1812,722 1856,719 1901,713 1946,713 1991,716 2036,716 2080,710 2125,707 2170,707 2215,704 2260,704 2304,701 2349,698 2394,698 2439,695 2483,692 2528,689 2573,686 2618,686 2663,683 2707,683 2752,683 2797,680"/>
                <TextEquiv>
                    <Unicode>Mädchen und ein alter Mann. Nach der Natur.</Unicode>
                </TextEquiv>
            </TextLine>
            <TextLine id="tr_2_tl_2" custom="readingOrder {index:1;}">
                <Coords points="724,969 1272,1020 2121,883 2985,893 2988,768 928,858 730,794"/>
                <Baseline points="743,910 755,910 800,913 844,910 889,910 934,913 979,910 1024,907 1068,904 1113,904 1158,901 1203,901 1247,898 1292,895 1337,892 1382,892 1427,889 1471,886 1516,883 1561,883 1606,883 1650,883 1695,883 1740,877 1785,877 1830,877 1874,874 1919,868 1964,868 2009,865 2054,865 2098,862 2143,859 2188,859 2233,856 2277,856 2322,853 2367,853 2412,850 2457,847 2501,847 2546,844 2591,844 2636,841 2680,841 2725,838 2770,835 2815,835 2860,832 2904,829 2949,826 2994,826"/>
                <TextEquiv>
                    <Unicode>Gleissner: Der Alte war hoffentlich nicht immer</Unicode>
                </TextEquiv>
            </TextLine>
            <TextLine id="tr_2_tl_3" custom="readingOrder {index:2;}">
                <Coords points="714,1065 788,1071 813,1091 839,1065 874,1068 912,1094 969,1100 1001,1075 1024,1081 1024,1011 989,998 893,998 880,1011 835,998 797,1014 756,989 714,992"/>
                <Baseline points="731,1065 776,1065 821,1065 865,1062 910,1059 955,1059 1000,1062 1030,1065"/>
                <TextEquiv>
                    <Unicode>dabei.</Unicode>
                </TextEquiv>
            </TextLine>
            <TextLine id="tr_2_tl_4" custom="readingOrder {index:3;}">
                <Coords points="705,1170 1119,1151 1378,1081 1767,1126 1814,1113 1824,985 1106,1004 976,1097 711,1065"/>
                <Baseline points="725,1134 746,1137 791,1134 835,1125 880,1122 925,1122 970,1119 1015,1116 1059,1119 1104,1116 1150,1096 1150,1096 1155,1095 1200,1089 1244,1086 1289,1083 1334,1083 1379,1080 1424,1080 1468,1077 1513,1077 1558,1083 1603,1080 1648,1080 1692,1077 1737,1074 1782,1071 1827,1068"/>
                <TextEquiv>
                    <Unicode>T. Neuen... Ich-</Unicode>
                </TextEquiv>
            </TextLine>
            <TextLine id="tr_2_tl_5" custom="readingOrder {index:4;}">
                <Coords points="692,1330 3087,1161 3160,1014 698,1173"/>
                <Baseline points="716,1227 740,1230 785,1224 829,1224 874,1221 919,1221 964,1221 1009,1218 1053,1215 1098,1212 1143,1209 1188,1206 1233,1206 1277,1203 1322,1200 1367,1200 1412,1197 1456,1194 1501,1194 1546,1191 1591,1191 1636,1191 1680,1188 1725,1188 1770,1185 1815,1182 1859,1182 1904,1182 1949,1179 1994,1176 2039,1176 2083,1173 2128,1173 2173,1167 2218,1164 2263,1164 2307,1161 2352,1161 2397,1164 2442,1158 2486,1158 2531,1155 2576,1152 2621,1149 2666,1149 2710,1146 2755,1146 2800,1143 2845,1140 2889,1137 2934,1137 2979,1134 3024,1134 3069,1131 3113,1128 3158,1128"/>
                <TextEquiv>
                    <Unicode>Lisa: (zu Gleisaner) Herr Gleissner musss immer sol-</Unicode>
                </TextEquiv>
            </TextLine>
            <TextLine id="tr_2_tl_6" custom="readingOrder {index:5;}">
                <Coords points="721,1416 829,1438 909,1400 1001,1419 1091,1390 1298,1425 1553,1381 1556,1291 1301,1272 724,1323"/>
                <Baseline points="737,1376 755,1376 800,1376 844,1376 889,1373 934,1373 979,1370 1024,1367 1068,1364 1113,1364 1158,1361 1203,1361 1247,1361 1292,1358 1337,1358 1382,1355 1427,1355 1471,1349 1516,1349 1561,1349"/>
                <TextEquiv>
                    <Unicode>che Sachen sagen.</Unicode>
                </TextEquiv>
            </TextLine>
            <TextLine id="tr_2_tl_7" custom="readingOrder {index:6;}">
                <Coords points="714,1629 1967,1492 3202,1499 3208,1311 1352,1457 724,1416"/>
                <Baseline points="737,1528 746,1528 791,1528 835,1531 880,1528 925,1525 970,1525 1015,1522 1059,1522 1104,1519 1149,1519 1194,1516 1238,1516 1283,1513 1328,1513 1373,1510 1418,1510 1462,1507 1507,1504 1552,1501 1597,1498 1642,1498 1686,1495 1731,1492 1776,1492 1821,1492 1865,1489 1910,1489 1955,1489 2000,1486 2045,1483 2089,1480 2134,1477 2179,1477 2224,1477 2268,1480 2313,1477 2358,1471 2403,1465 2448,1468 2492,1465 2537,1465 2582,1462 2627,1462 2672,1459 2716,1456 2761,1453 2806,1453 2851,1450 2895,1450 2940,1450 2985,1447 3030,1444 3075,1442 3119,1442 3164,1442 3209,1433"/>
                <TextEquiv>
                    <Unicode>Willi : (zu Lisa) Man hat es Ihnen gewiss schon gesagt</Unicode>
                </TextEquiv>
            </TextLine>
        </TextRegion>
        <TextRegion id="tr_1" custom="readingOrder {index:1;}">
            <Coords points="719,1538 3296,1538 3296,3559 719,3559"/>
            <TextLine id="tr_1_tl_1" custom="readingOrder {index:0;}">
                <Coords points="717,1744 2940,1722 3125,1668 3135,1480 721,1626"/>
                <Baseline points="734,1692 764,1695 809,1689 853,1686 898,1680 943,1680 988,1680 1032,1680 1077,1677 1122,1671 1167,1671 1212,1668 1256,1668 1301,1668 1346,1665 1391,1665 1436,1662 1480,1659 1525,1659 1570,1656 1615,1650 1659,1648 1704,1648 1749,1648 1794,1648 1839,1648 1883,1648 1928,1645 1973,1642 2018,1642 2062,1636 2107,1636 2152,1630 2197,1630 2242,1627 2286,1627 2331,1624 2376,1624 2421,1621 2466,1621 2510,1621 2555,1618 2600,1615 2645,1615 2689,1612 2734,1609 2779,1606 2824,1603 2869,1600 2913,1600 2958,1597 3003,1594 3048,1594 3092,1588 3137,1588"/>
                <TextEquiv>
                    <Unicode>gnädige Frau. Sie sehen eigentlich wie eine Italie-</Unicode>
                </TextEquiv>
            </TextLine>
            <TextLine id="tr_1_tl_2" custom="readingOrder {index:1;}">
                <Coords points="708,1875 832,1897 899,1869 1209,1872 1212,1779 1145,1747 1068,1776 982,1776 928,1735 864,1725 791,1751 711,1744"/>
                <Baseline points="725,1845 728,1845 773,1842 818,1839 862,1836 907,1836 952,1833 997,1833 1041,1830 1086,1830 1131,1830 1176,1827 1221,1830"/>
                <TextEquiv>
                    <Unicode>nerin aus.</Unicode>
                </TextEquiv>
            </TextLine>
            <TextLine id="tr_1_tl_3" custom="readingOrder {index:2;}">
                <Coords points="721,2034 2679,1936 2937,2015 3080,1987 3090,1779 724,1916"/>
                <Baseline points="737,2003 782,2000 826,1997 871,1994 916,1991 961,1991 1006,1988 1050,1985 1095,1979 1140,1979 1185,1979 1230,1976 1274,1973 1319,1973 1364,1973 1409,1973 1453,1973 1498,1967 1543,1964 1588,1964 1633,1961 1677,1958 1722,1958 1767,1955 1812,1955 1856,1952 1901,1952 1946,1952 1991,1949 2036,1949 2080,1946 2125,1946 2170,1940 2215,1940 2260,1937 2304,1934 2349,1934 2394,1931 2439,1931 2483,1928 2528,1928 2573,1919 2618,1919 2663,1919 2707,1916 2752,1916 2797,1910 2842,1910 2886,1907 2931,1907 2976,1904 3021,1904 3066,1901 3092,1901"/>
                <TextEquiv>
                    <Unicode>Lisa: Das wäre kein Wunder. Meine Grossmutter ist</Unicode>
                </TextEquiv>
            </TextLine>
            <TextLine id="tr_1_tl_4" custom="readingOrder {index:3;}">
                <Coords points="711,2200 762,2175 880,2200 1094,2162 1298,2162 1301,2082 1215,2054 1122,2085 1075,2060 864,2079 823,2041 717,2031"/>
                <Baseline points="728,2149 773,2149 818,2149 862,2149 907,2146 952,2143 997,2140 1041,2140 1086,2137 1131,2134 1176,2134 1221,2131 1265,2131 1310,2128"/>
                <TextEquiv>
                    <Unicode>Mailänderin.</Unicode>
                </TextEquiv>
            </TextLine>
            <TextLine id="tr_1_tl_5" custom="readingOrder {index:4;}">
                <Coords points="698,2395 2494,2290 3068,2376 3115,2162 705,2181"/>
                <Baseline points="719,2304 746,2304 791,2304 835,2304 880,2304 925,2304 970,2298 1015,2295 1059,2292 1104,2292 1149,2289 1194,2286 1238,2286 1283,2283 1328,2286 1373,2286 1418,2283 1462,2280 1507,2277 1552,2277 1597,2271 1642,2271 1686,2271 1731,2268 1776,2263 1821,2260 1865,2257 1910,2260 1955,2260 2000,2257 2045,2257 2089,2254 2134,2254 2179,2254 2224,2248 2268,2245 2313,2242 2358,2242 2403,2242 2448,2239 2492,2236 2537,2236 2582,2233 2627,2233 2672,2233 2716,2230 2761,2227 2806,2227 2851,2221 2895,2221 2940,2221 2985,2218 3030,2215 3075,2218 3119,2218"/>
                <TextEquiv>
                    <Unicode>Fr. Flatterer: Es ist xxx wohl überhaupt viel ita-</Unicode>
                </TextEquiv>
            </TextLine>
            <TextLine id="tr_1_tl_6" custom="readingOrder {index:5;}">
                <Coords points="717,2478 842,2525 1339,2446 2143,2462 2149,2325 1830,2302 1693,2356 1636,2321 1403,2379 721,2404"/>
                <Baseline points="734,2466 767,2463 812,2463 856,2460 901,2457 946,2457 991,2454 1035,2451 1080,2448 1125,2445 1170,2445 1215,2442 1259,2442 1304,2439 1349,2439 1394,2433 1439,2430 1483,2430 1528,2427 1573,2427 1618,2427 1662,2427 1707,2427 1752,2424 1797,2418 1842,2418 1886,2415 1931,2412 1976,2412 2021,2409 2065,2406 2110,2409 2155,2412"/>
                <TextEquiv>
                    <Unicode>lienkscher Einschlag in Wien.</Unicode>
                </TextEquiv>
            </TextLine>
            <TextLine id="tr_1_tl_7" custom="readingOrder {index:6;}">
                <Coords points="721,2675 2054,2589 2994,2685 3131,2618 3141,2398 727,2548"/>
                <Baseline points="740,2621 770,2618 815,2618 859,2615 904,2612 949,2609 994,2606 1038,2606 1083,2600 1128,2597 1173,2597 1218,2597 1262,2597 1307,2594 1352,2591 1397,2591 1442,2588 1486,2588 1531,2582 1576,2582 1621,2582 1665,2579 1710,2576 1755,2576 1800,2573 1845,2573 1889,2570 1934,2567 1979,2564 2024,2561 2068,2561 2113,2561 2158,2561 2203,2558 2248,2561 2292,2561 2337,2555 2382,2555 2427,2552 2472,2549 2516,2546 2561,2543 2606,2540 2651,2537 2695,2537 2740,2534 2785,2531 2830,2528 2875,2525 2919,2525 2964,2525 3009,2522 3054,2522 3098,2519 3143,2519"/>
                <TextEquiv>
                    <Unicode>Gleissner: (zu Zack) Existiert eigentlich schon ein</Unicode>
                </TextEquiv>
            </TextLine>
            <TextLine id="tr_1_tl_8" custom="readingOrder {index:7;}">
                <Coords points="724,2825 979,2844 1298,2777 1464,2838 1655,2758 1824,2803 2034,2765 2038,2643 730,2675"/>
                <Baseline points="740,2767 743,2770 788,2770 832,2767 877,2764 922,2764 967,2761 1012,2761 1056,2755 1101,2755 1146,2755 1191,2752 1236,2752 1280,2749 1325,2749 1370,2749 1415,2743 1459,2743 1504,2743 1549,2737 1594,2734 1639,2731 1683,2731 1728,2731 1773,2731 1818,2728 1862,2725 1907,2725 1952,2722 1997,2719 2042,2722"/>
                <TextEquiv>
                    <Unicode>Portrait von Madonna Lisa?</Unicode>
                </TextEquiv>
            </TextLine>
            <TextLine id="tr_1_tl_9" custom="readingOrder {index:8;}">
                <Coords points="708,3001 858,3017 966,2994 998,3017 1113,2953 1266,2946 1272,2835 1087,2844 1017,2822 937,2844 867,2825 829,2848 778,2819 714,2828"/>
                <Baseline points="728,2925 740,2928 785,2928 829,2928 874,2922 919,2922 964,2922 1009,2919 1053,2919 1098,2916 1143,2910 1188,2910 1233,2910 1277,2910"/>
                <TextEquiv>
                    <Unicode>Lisa: Nein.</Unicode>
                </TextEquiv>
            </TextLine>
            <TextLine id="tr_1_tl_10" custom="readingOrder {index:9;}">
                <Coords points="717,3131 3013,3039 3138,3026 3141,2921 1955,2892 721,3010"/>
                <Baseline points="734,3087 776,3084 821,3078 865,3078 910,3078 955,3078 1000,3081 1044,3075 1089,3069 1134,3066 1179,3066 1224,3063 1268,3060 1313,3057 1358,3057 1403,3054 1447,3051 1492,3048 1537,3045 1582,3045 1627,3042 1671,3042 1716,3039 1761,3039 1806,3039 1851,3039 1895,3036 1940,3036 1985,3033 2030,3033 2074,3027 2119,3027 2164,3027 2209,3024 2254,3021 2298,3018 2343,3015 2388,3015 2433,3015 2477,3009 2522,3009 2567,3009 2612,3009 2657,3006 2701,3003 2746,3003 2791,2997 2836,2997 2881,2997 2925,2991 2970,2988 3015,2988 3060,2991 3104,2985 3146,2994"/>
                <TextEquiv>
                    <Unicode>Zack: Deine letzten Photographien von Adele waren</Unicode>
                </TextEquiv>
            </TextLine>
            <TextLine id="tr_1_tl_11" custom="readingOrder {index:10;}">
                <Coords points="717,3237 2924,3214 2978,3039 721,3150"/>
                <Baseline points="734,3233 743,3236 788,3236 832,3236 877,3233 922,3233 967,3230 1012,3227 1056,3227 1101,3224 1146,3224 1191,3221 1236,3221 1280,3218 1325,3218 1370,3218 1415,3215 1459,3209 1504,3206 1549,3206 1594,3209 1639,3203 1683,3203 1728,3200 1773,3197 1818,3194 1862,3191 1907,3191 1952,3188 1997,3185 2042,3182 2086,3179 2131,3179 2176,3179 2221,3182 2266,3176 2310,3176 2355,3173 2400,3170 2445,3170 2489,3170 2534,3167 2579,3158 2624,3158 2669,3158 2713,3155 2758,3155 2803,3149 2848,3149 2892,3146 2937,3146 2982,3149"/>
                <TextEquiv>
                    <Unicode>vortrefflich. Ich glaube nicht, dass ein Maler</Unicode>
                </TextEquiv>
            </TextLine>
            <TextLine id="tr_1_tl_12" custom="readingOrder {index:11;}">
                <Coords points="727,3406 3284,3345 3291,3224 3026,3166 2557,3268 730,3310"/>
                <Baseline points="746,3400 788,3397 832,3394 877,3391 922,3388 967,3385 1012,3382 1056,3382 1101,3376 1146,3373 1191,3373 1236,3370 1280,3367 1325,3367 1370,3364 1415,3361 1459,3358 1504,3358 1549,3355 1594,3355 1639,3352 1683,3352 1728,3349 1773,3349 1818,3346 1862,3346 1907,3343 1952,3340 1997,3340 2042,3337 2086,3337 2131,3334 2176,3334 2221,3331 2266,3334 2310,3331 2355,3328 2400,3328 2445,3325 2489,3322 2534,3322 2579,3319 2624,3316 2669,3316 2713,3316 2758,3316 2803,3316 2848,3313 2892,3307 2937,3304 2982,3304 3027,3301 3072,3298 3116,3298 3161,3296 3206,3293 3251,3290 3296,3284"/>
                <TextEquiv>
                    <Unicode>(Berdinand Neumann müsste sich, wenn auch ganz flüch</Unicode>
                </TextEquiv>
            </TextLine>
            <TextLine id="tr_1_tl_13" custom="readingOrder {index:12;}">
                <Coords points="762,3632 1055,3673 1240,3610 2337,3594 2455,3543 2462,3380 768,3479"/>
                <Baseline points="782,3543 806,3546 850,3546 895,3546 940,3546 985,3549 1030,3543 1074,3543 1119,3537 1164,3534 1209,3534 1253,3528 1298,3525 1343,3525 1388,3525 1433,3522 1477,3522 1522,3516 1567,3516 1612,3516 1656,3516 1701,3513 1746,3510 1791,3507 1836,3502 1880,3502 1925,3496 1970,3493 2015,3493 2060,3493 2104,3490 2149,3490 2194,3490 2239,3493 2283,3493 2328,3490 2373,3493 2418,3490 2463,3484"/>
                <TextEquiv>
                    <Unicode>tig an diesem Gespräch beteiligen)</Unicode>
                </TextEquiv>
            </TextLine>
        </TextRegion>
    </Page>
</PcGts>
