<?xml version="1.0" encoding="UTF-8" standalone="yes"?>
<PcGts xmlns="http://schema.primaresearch.org/PAGE/gts/pagecontent/2013-07-15" xmlns:xsi="http://www.w3.org/2001/XMLSchema-instance" xsi:schemaLocation="http://schema.primaresearch.org/PAGE/gts/pagecontent/2013-07-15 http://schema.primaresearch.org/PAGE/gts/pagecontent/2013-07-15/pagecontent.xsd">
    <Metadata>
        <Creator>prov=READ-COOP:name=TrHtr:version=2.1.0:model_id=51170:date=15_08_2023_00:57</Creator>
        <Created>2023-05-10T15:00:16.467+02:00</Created>
        <LastChange>2023-08-15T00:57:38.123+02:00</LastChange>
        <TranskribusMetadata docId="1428698" pageId="55429375" pageNr="198" tsid="132835600" status="IN_PROGRESS" userId="64420" imgUrl="https://files.transkribus.eu/Get?id=NJVJDIVFXCEJAOZXPKZFZTWB&amp;fileType=view" xmlUrl="https://files.transkribus.eu/Get?id=YVHFGHSNGDOMTSVLKELMZPXU" imageId="44703448"/>
    </Metadata>
    <Page imageFilename="1428698_0198.jpg" imageWidth="3544" imageHeight="4200">
        <ReadingOrder>
            <OrderedGroup id="ro_1711808019206" caption="Regions reading order">
                <RegionRefIndexed index="0" regionRef="tr_1"/>
                <RegionRefIndexed index="1" regionRef="tr_2"/>
            </OrderedGroup>
        </ReadingOrder>
        <TextRegion id="tr_1" custom="readingOrder {index:0;}">
            <Coords points="352,466 3316,466 3316,2553 352,2553"/>
            <TextLine id="tr_1_tl_1" custom="readingOrder {index:0;}">
                <Coords points="2947,555 2983,567 3006,558 3069,605 3114,605 3120,453 3072,447 3054,456 2989,426 2950,441"/>
                <Baseline points="2964,522 2991,519 3035,519 3080,516 3125,519"/>
                <TextEquiv>
                    <Unicode>201</Unicode>
                </TextEquiv>
            </TextLine>
            <TextLine id="tr_1_tl_2" custom="readingOrder {index:1;}">
                <Coords points="971,791 3165,701 3165,594 2932,579 2767,644 2584,570 2263,647 1948,564 1864,629 974,608"/>
                <Baseline points="991,689 1023,686 1068,686 1113,686 1158,686 1202,686 1247,686 1292,686 1337,689 1382,689 1426,689 1471,689 1516,692 1561,692 1605,692 1650,692 1695,695 1740,695 1785,695 1829,695 1874,698 1919,695 1964,695 2008,695 2053,695 2098,695 2143,692 2188,692 2232,692 2277,692 2322,692 2367,692 2411,692 2456,692 2501,689 2546,689 2591,689 2635,686 2680,686 2725,689 2770,686 2814,686 2859,686 2904,683 2949,686 2994,686 3038,686 3083,683 3128,680 3173,680"/>
                <TextEquiv>
                    <Unicode>hättest. Ein Glück, dass es dir nicht gelungen</Unicode>
                </TextEquiv>
            </TextLine>
            <TextLine id="tr_1_tl_3" custom="readingOrder {index:2;}">
                <Coords points="965,902 3309,884 3312,704 2650,794 968,779"/>
                <Baseline points="982,853 988,850 1032,850 1077,850 1122,850 1167,853 1211,850 1256,847 1301,850 1346,850 1391,850 1435,850 1480,853 1525,850 1570,850 1614,847 1659,847 1704,847 1749,847 1794,844 1838,847 1883,844 1928,844 1973,844 2017,841 2062,841 2107,841 2152,838 2197,835 2241,838 2286,835 2331,835 2376,835 2420,835 2465,835 2510,832 2555,832 2600,835 2644,832 2689,832 2734,829 2779,829 2823,829 2868,829 2913,829 2958,829 3002,829 3047,832 3092,829 3137,829 3182,826 3226,823 3271,820 3316,820"/>
                <TextEquiv>
                    <Unicode>ist sie zu überreden. (Wenn du dich schuldig fühl</Unicode>
                </TextEquiv>
            </TextLine>
            <TextLine id="tr_1_tl_4" custom="readingOrder {index:3;}">
                <Coords points="2812,920 2863,917 2872,926 2920,920 2974,944 3000,926 3036,926 3036,857 2977,839 2965,848 2929,848 2914,839 2884,857 2857,845 2851,851 2833,836 2812,836"/>
                <Baseline points="2829,913 2865,910 2910,910 2955,910 3000,913 3044,910"/>
                <TextEquiv>
                    <Unicode>Wyin</Unicode>
                </TextEquiv>
            </TextLine>
            <TextLine id="tr_1_tl_5" custom="readingOrder {index:4;}">
                <Coords points="965,1100 1271,1004 1556,1076 3066,1055 3249,998 3249,896 965,905"/>
                <Baseline points="982,994 1017,991 1062,994 1107,997 1152,1000 1197,1000 1241,997 1286,997 1331,997 1376,1000 1420,1002 1465,1005 1510,1005 1555,1005 1600,1005 1644,1002 1689,1005 1734,1002 1779,1000 1823,1000 1868,1002 1913,1000 1958,1000 2002,997 2047,994 2092,991 2137,991 2182,991 2226,991 2271,991 2316,991 2361,991 2405,991 2450,991 2495,991 2540,991 2585,991 2629,988 2674,988 2719,988 2764,988 2808,988 2853,985 2898,985 2943,988 2988,988 3032,985 3077,982 3122,982 3167,979 3211,979 3256,982"/>
                <TextEquiv>
                    <Unicode>test, hätte ja dein Selbstmord genügt. Sie hättet</Unicode>
                </TextEquiv>
            </TextLine>
            <TextLine id="tr_1_tl_6" custom="readingOrder {index:5;}">
                <Coords points="1166,1079 1190,1091 1205,1085 1229,1091 1250,1082 1274,1088 1298,1070 1322,1091 1379,1097 1382,1040 1352,1037 1316,1001 1226,1013 1187,1031 1169,1028"/>
                <Baseline points="1182,1080 1205,1074 1250,1071 1295,1068 1340,1068 1385,1071"/>
                <TextEquiv>
                    <Unicode>my</Unicode>
                </TextEquiv>
            </TextLine>
            <TextLine id="tr_1_tl_7" custom="readingOrder {index:6;}">
                <Coords points="959,1229 2920,1157 3168,1217 3249,1193 3249,1037 959,1103"/>
                <Baseline points="976,1146 1014,1149 1059,1149 1104,1152 1149,1149 1194,1149 1238,1152 1283,1149 1328,1149 1373,1146 1417,1149 1462,1149 1507,1146 1552,1146 1597,1146 1641,1146 1686,1149 1731,1149 1776,1149 1820,1149 1865,1149 1910,1149 1955,1146 2000,1146 2044,1146 2089,1146 2134,1146 2179,1146 2223,1146 2268,1146 2313,1146 2358,1149 2402,1149 2447,1146 2492,1146 2537,1146 2582,1146 2626,1146 2671,1143 2716,1143 2761,1140 2805,1140 2850,1140 2895,1140 2940,1140 2985,1140 3029,1140 3074,1140 3119,1137 3164,1137 3208,1134 3253,1131"/>
                <TextEquiv>
                    <Unicode>dir keine Träne nachgeweint. Sie ist ein köstli</Unicode>
                </TextEquiv>
            </TextLine>
            <TextLine id="tr_1_tl_8" custom="readingOrder {index:7;}">
                <Coords points="947,1394 3126,1352 3156,1205 947,1253"/>
                <Baseline points="964,1307 970,1307 1014,1304 1059,1304 1104,1304 1149,1304 1194,1304 1238,1301 1283,1301 1328,1301 1373,1304 1417,1301 1462,1304 1507,1307 1552,1304 1597,1304 1641,1301 1686,1304 1731,1304 1776,1304 1820,1301 1865,1301 1910,1301 1955,1298 2000,1301 2044,1301 2089,1301 2134,1298 2179,1301 2223,1301 2268,1301 2313,1301 2358,1301 2402,1301 2447,1298 2492,1298 2537,1298 2582,1298 2626,1298 2671,1298 2716,1295 2761,1298 2805,1295 2850,1295 2895,1295 2940,1295 2985,1295 3029,1295 3074,1295 3119,1295 3164,1295"/>
                <TextEquiv>
                    <Unicode>ches Geschöpf.) Ein Mann, der sich einbildet an</Unicode>
                </TextEquiv>
            </TextLine>
            <TextLine id="tr_1_tl_9" custom="readingOrder {index:8;}">
                <Coords points="950,1520 3033,1505 3090,1343 2752,1412 2497,1349 2275,1409 950,1388"/>
                <Baseline points="967,1465 994,1462 1038,1459 1083,1462 1128,1462 1173,1462 1217,1462 1262,1459 1307,1459 1352,1459 1397,1459 1441,1459 1486,1456 1531,1459 1576,1459 1620,1459 1665,1459 1710,1459 1755,1459 1800,1459 1844,1459 1889,1459 1934,1459 1979,1462 2023,1462 2068,1462 2113,1459 2158,1456 2202,1456 2247,1453 2292,1453 2337,1453 2382,1453 2426,1453 2471,1453 2516,1453 2561,1450 2605,1450 2650,1450 2695,1450 2740,1450 2785,1447 2829,1450 2874,1450 2919,1450 2964,1450 3008,1450 3053,1450 3098,1450"/>
                <TextEquiv>
                    <Unicode>ihr zugrunde zu gehen, geht immer nur an sich</Unicode>
                </TextEquiv>
            </TextLine>
            <TextLine id="tr_1_tl_10" custom="readingOrder {index:9;}">
                <Coords points="938,1676 2503,1610 3003,1697 3003,1475 2788,1550 938,1568"/>
                <Baseline points="955,1611 994,1611 1038,1611 1083,1611 1128,1611 1173,1614 1217,1614 1262,1614 1307,1611 1352,1611 1397,1611 1441,1611 1486,1611 1531,1611 1576,1611 1620,1608 1665,1611 1710,1611 1755,1611 1800,1608 1844,1608 1889,1611 1934,1611 1979,1611 2023,1611 2068,1611 2113,1611 2158,1608 2202,1608 2247,1605 2292,1605 2337,1605 2382,1605 2426,1605 2471,1605 2516,1602 2561,1602 2605,1602 2650,1602 2695,1600 2740,1600 2785,1600 2829,1602 2874,1602 2919,1602 2964,1605 3008,1605"/>
                <TextEquiv>
                    <Unicode>selbst zugrund;und es geschieht ihm Recht.)</Unicode>
                </TextEquiv>
            </TextLine>
            <TextLine id="tr_1_tl_11" custom="readingOrder {index:10;}">
                <Coords points="932,1825 3210,1807 3228,1655 2944,1715 932,1676"/>
                <Baseline points="949,1764 952,1764 997,1761 1041,1764 1086,1767 1131,1767 1176,1767 1220,1767 1265,1770 1310,1770 1355,1773 1400,1770 1444,1770 1489,1770 1534,1767 1579,1770 1623,1767 1668,1767 1713,1767 1758,1767 1802,1767 1847,1764 1892,1764 1937,1764 1982,1764 2026,1764 2071,1767 2116,1764 2161,1761 2205,1761 2250,1761 2295,1761 2340,1761 2385,1761 2429,1758 2474,1761 2519,1761 2564,1761 2608,1761 2653,1758 2698,1755 2743,1758 2788,1758 2832,1758 2877,1758 2922,1758 2967,1755 3011,1758 3056,1758 3101,1755 3146,1752 3191,1752 3235,1749"/>
                <TextEquiv>
                    <Unicode>Wunderbar,wie sie dich jetzt noch fortgeschickt</Unicode>
                </TextEquiv>
            </TextLine>
            <TextLine id="tr_1_tl_12" custom="readingOrder {index:11;}">
                <Coords points="396,1825 423,1840 498,1837 537,1813 576,1834 701,1810 737,1825 746,1718 632,1757 602,1736 537,1751 522,1736 492,1736 474,1751 399,1754"/>
                <Baseline points="408,1829 429,1829 474,1826 519,1820 564,1817 608,1811 653,1811 698,1805 743,1805"/>
                <TextEquiv>
                    <Unicode>En hand</Unicode>
                </TextEquiv>
            </TextLine>
            <TextLine id="tr_1_tl_13" custom="readingOrder {index:12;}">
                <Coords points="387,1912 483,1936 543,1903 579,1927 597,1915 641,1936 773,1918 782,1816 641,1816 588,1837 546,1810 513,1834 444,1843 393,1828"/>
                <Baseline points="402,1907 426,1907 471,1907 516,1901 561,1901 605,1895 650,1892 695,1886 740,1883 785,1877"/>
                <TextEquiv>
                    <Unicode>stadt : – his</Unicode>
                </TextEquiv>
            </TextLine>
            <TextLine id="tr_1_tl_14" custom="readingOrder {index:13;}">
                <Coords points="923,1993 2692,1999 3114,1945 3168,1810 923,1822"/>
                <Baseline points="940,1919 982,1922 1026,1922 1071,1922 1116,1925 1161,1922 1205,1922 1250,1922 1295,1922 1340,1922 1385,1919 1429,1922 1474,1919 1519,1919 1564,1919 1608,1919 1653,1919 1698,1919 1743,1919 1788,1919 1832,1919 1877,1919 1922,1919 1967,1916 2011,1916 2056,1916 2101,1916 2146,1916 2191,1916 2235,1916 2280,1916 2325,1916 2370,1916 2414,1916 2459,1916 2504,1913 2549,1913 2594,1913 2638,1913 2683,1916 2728,1916 2773,1916 2817,1913 2862,1913 2907,1913 2952,1913 2997,1916 3041,1913 3086,1916 3131,1916 3176,1907"/>
                <TextEquiv>
                    <Unicode>hat. Welche Konsequenz! Famos auch er, der Ehe-</Unicode>
                </TextEquiv>
            </TextLine>
            <TextLine id="tr_1_tl_15" custom="readingOrder {index:14;}">
                <Coords points="336,2011 387,2032 423,2017 465,2044 585,2002 600,2014 641,1999 746,2008 752,1924 662,1927 620,1948 564,1948 516,1915 495,1933 435,1933 393,1954 342,1936"/>
                <Baseline points="352,2011 397,2008 441,2008 486,2005 531,1997 576,1994 620,1991 665,1988 710,1985 755,1979"/>
                <TextEquiv>
                    <Unicode>Dr. Beaulin</Unicode>
                </TextEquiv>
            </TextLine>
            <TextLine id="tr_1_tl_16" custom="readingOrder {index:15;}">
                <Coords points="932,2134 3039,2131 3216,2107 3216,1984 2110,1957 1295,2062 932,1987"/>
                <Baseline points="949,2083 985,2086 1029,2086 1074,2086 1119,2083 1164,2086 1208,2083 1253,2083 1298,2083 1343,2086 1388,2083 1432,2080 1477,2077 1522,2077 1567,2074 1611,2074 1656,2074 1701,2074 1746,2074 1791,2074 1835,2074 1880,2074 1925,2071 1970,2071 2014,2071 2059,2068 2104,2068 2149,2071 2194,2071 2238,2071 2283,2071 2328,2071 2373,2071 2417,2071 2462,2071 2507,2068 2552,2068 2597,2068 2641,2068 2686,2068 2731,2068 2776,2068 2820,2068 2865,2065 2910,2068 2955,2068 3000,2065 3044,2065 3089,2065 3134,2065 3179,2065 3223,2071"/>
                <TextEquiv>
                    <Unicode>tyrann. Er hätte sie umbringen können. Das wäre</Unicode>
                </TextEquiv>
            </TextLine>
            <TextLine id="tr_1_tl_17" custom="readingOrder {index:16;}">
                <Coords points="342,2131 402,2143 447,2185 588,2149 680,2185 704,2023 677,2005 647,2020 579,2005 525,2035 465,2044 438,2023 360,2020"/>
                <Baseline points="361,2119 394,2119 438,2119 483,2116 528,2110 573,2098 617,2089 662,2083 707,2074"/>
                <TextEquiv>
                    <Unicode>St Jart</Unicode>
                </TextEquiv>
            </TextLine>
            <TextLine id="tr_1_tl_18" custom="readingOrder {index:17;}">
                <Coords points="923,2326 1298,2248 1592,2341 2197,2224 2869,2299 3063,2242 3063,2161 923,2176"/>
                <Baseline points="940,2235 967,2229 1011,2229 1056,2229 1101,2229 1146,2232 1191,2235 1235,2232 1280,2232 1325,2235 1370,2235 1414,2238 1459,2238 1504,2241 1549,2238 1594,2235 1638,2235 1683,2235 1728,2235 1773,2232 1817,2235 1862,2232 1907,2235 1952,2229 1997,2229 2041,2229 2086,2226 2131,2226 2176,2226 2220,2223 2265,2226 2310,2223 2355,2223 2400,2223 2444,2223 2489,2220 2534,2220 2579,2220 2623,2220 2668,2220 2713,2217 2758,2217 2802,2217 2847,2217 2892,2217 2937,2217 2982,2217 3026,2220 3071,2229"/>
                <TextEquiv>
                    <Unicode>seine Linie gewesen. Nun vielleicht tut er’s</Unicode>
                </TextEquiv>
            </TextLine>
            <TextLine id="tr_1_tl_19" custom="readingOrder {index:18;}">
                <Coords points="911,2437 959,2437 977,2455 1034,2440 1067,2470 1124,2443 1178,2458 1178,2302 1151,2308 1139,2296 1106,2314 1091,2302 1046,2305 1022,2326 983,2332 911,2320"/>
                <Baseline points="928,2388 973,2385 1017,2385 1062,2385 1107,2385 1152,2388 1185,2388"/>
                <TextEquiv>
                    <Unicode>noch.</Unicode>
                </TextEquiv>
            </TextLine>
            <TextLine id="tr_1_tl_20" custom="readingOrder {index:19;}">
                <Coords points="896,2626 3285,2590 3285,2485 3015,2440 896,2479"/>
                <Baseline points="913,2537 919,2537 964,2537 1008,2540 1053,2540 1098,2540 1143,2540 1188,2540 1232,2543 1277,2540 1322,2540 1367,2540 1411,2540 1456,2540 1501,2540 1546,2537 1591,2537 1635,2537 1680,2537 1725,2537 1770,2534 1814,2534 1859,2537 1904,2537 1949,2537 1994,2534 2038,2534 2083,2531 2128,2534 2173,2531 2217,2534 2262,2531 2307,2531 2352,2534 2397,2534 2441,2534 2486,2531 2531,2531 2576,2531 2620,2531 2665,2531 2710,2531 2755,2528 2800,2531 2844,2528 2889,2528 2934,2528 2979,2528 3023,2528 3068,2531 3113,2531 3158,2528 3202,2528 3247,2528 3292,2534"/>
                <TextEquiv>
                    <Unicode>Willi: In dieser Hinsicht kann ich dich beruhigen.</Unicode>
                </TextEquiv>
            </TextLine>
        </TextRegion>
        <TextRegion id="tr_2" custom="readingOrder {index:1;}">
            <Coords points="782,2630 3292,2630 3292,3783 782,3783"/>
            <TextLine id="tr_2_tl_1" custom="readingOrder {index:0;}">
                <Coords points="902,2758 2713,2776 2965,2707 3123,2767 3180,2623 905,2623"/>
                <Baseline points="919,2689 949,2692 994,2692 1038,2695 1083,2695 1128,2695 1173,2695 1217,2695 1262,2695 1307,2692 1352,2695 1397,2695 1441,2695 1486,2692 1531,2692 1576,2692 1620,2692 1665,2692 1710,2692 1755,2689 1800,2689 1844,2689 1889,2689 1934,2689 1979,2686 2023,2686 2068,2686 2113,2686 2158,2686 2202,2683 2247,2683 2292,2686 2337,2686 2382,2683 2426,2686 2471,2683 2516,2683 2561,2683 2605,2683 2650,2683 2695,2683 2740,2683 2785,2683 2829,2683 2874,2683 2919,2683 2964,2680 3008,2680 3053,2680 3098,2680 3143,2680 3188,2683"/>
                <TextEquiv>
                    <Unicode>Er hat mir geschworen ihr kein Haar zu krümmen.</Unicode>
                </TextEquiv>
            </TextLine>
            <TextLine id="tr_2_tl_2" custom="readingOrder {index:1;}">
                <Coords points="899,2905 1658,2944 2410,2854 2941,2929 3285,2851 3285,2761 899,2794"/>
                <Baseline points="916,2847 919,2844 964,2844 1008,2847 1053,2847 1098,2850 1143,2847 1188,2850 1232,2847 1277,2847 1322,2847 1367,2847 1411,2850 1456,2850 1501,2847 1546,2847 1591,2847 1635,2847 1680,2847 1725,2844 1770,2844 1814,2844 1859,2844 1904,2841 1949,2841 1994,2841 2038,2841 2083,2841 2128,2841 2173,2838 2217,2838 2262,2841 2307,2841 2352,2841 2397,2841 2441,2844 2486,2841 2531,2841 2576,2841 2620,2841 2665,2838 2710,2838 2755,2838 2800,2841 2844,2838 2889,2838 2934,2838 2979,2838 3023,2838 3068,2838 3113,2838 3158,2838 3202,2835 3247,2832 3292,2832"/>
                <TextEquiv>
                    <Unicode>Treuenhof: Das ist kein Beweis. Es kann plötzlich</Unicode>
                </TextEquiv>
            </TextLine>
            <TextLine id="tr_2_tl_3" custom="readingOrder {index:2;}">
                <Coords points="887,3051 1091,3114 1211,3045 1628,3096 2806,3009 3177,3090 3144,2899 890,2932"/>
                <Baseline points="907,3005 949,3005 994,3002 1038,3005 1083,3005 1128,3005 1173,3005 1217,3005 1262,3002 1307,3002 1352,3002 1397,3002 1441,3002 1486,3002 1531,3000 1576,3000 1620,3000 1665,3000 1710,3000 1755,3000 1800,3000 1844,3000 1889,2997 1934,2997 1979,2997 2023,2997 2068,2997 2113,2997 2158,2997 2202,2997 2247,2997 2292,2994 2337,2994 2382,2994 2426,2994 2471,2994 2516,2994 2561,2994 2605,2994 2650,2994 2695,2994 2740,2994 2785,2997 2829,2997 2874,2997 2919,2997 2964,2994 3008,2994 3053,2994 3098,2994 3143,2991 3188,2991"/>
                <TextEquiv>
                    <Unicode>über ihn kommen. Aber wir wollen hoffen,dass er</Unicode>
                </TextEquiv>
            </TextLine>
            <TextLine id="tr_2_tl_4" custom="readingOrder {index:3;}">
                <Coords points="881,3255 1502,3243 1640,3183 2380,3213 2383,3069 2035,3030 1936,3090 1340,3057 887,3108"/>
                <Baseline points="901,3155 913,3158 958,3158 1002,3158 1047,3158 1092,3158 1137,3158 1182,3158 1226,3158 1271,3158 1316,3158 1361,3158 1405,3155 1450,3158 1495,3155 1540,3155 1585,3155 1629,3152 1674,3152 1719,3152 1764,3152 1808,3152 1853,3149 1898,3146 1943,3140 1988,3128 2032,3128 2077,3128 2122,3128 2167,3128 2211,3128 2256,3125 2301,3125 2346,3122 2391,3119"/>
                <TextEquiv>
                    <Unicode>dir sein Wort hält. Ist sein</Unicode>
                </TextEquiv>
            </TextLine>
            <TextLine id="tr_2_tl_5" custom="readingOrder {index:4;}">
                <Coords points="764,3393 2800,3309 3090,3390 3174,3345 3177,3183 2686,3264 2053,3189 764,3255"/>
                <Baseline points="782,3319 805,3322 850,3319 895,3313 940,3313 985,3313 1029,3316 1074,3316 1119,3316 1164,3316 1208,3319 1253,3319 1298,3319 1343,3322 1388,3325 1432,3325 1477,3322 1522,3319 1567,3316 1611,3316 1656,3316 1701,3316 1746,3316 1791,3313 1835,3313 1880,3313 1925,3313 1970,3313 2014,3310 2059,3310 2104,3313 2149,3313 2194,3313 2238,3310 2283,3310 2328,3313 2373,3313 2417,3313 2462,3313 2507,3313 2552,3313 2597,3310 2641,3310 2686,3310 2731,3307 2776,3307 2820,3307 2865,3307 2910,3307 2955,3307 3000,3307 3044,3307 3089,3310 3134,3307 3179,3313"/>
                <TextEquiv>
                    <Unicode>Der Einzige,der in dieser Angelegenheit versagt</Unicode>
                </TextEquiv>
            </TextLine>
            <TextLine id="tr_2_tl_6" custom="readingOrder {index:5;}">
                <Coords points="863,3546 3021,3489 3021,3375 2410,3333 866,3399"/>
                <Baseline points="883,3477 925,3477 970,3474 1014,3477 1059,3477 1104,3474 1149,3474 1194,3474 1238,3474 1283,3474 1328,3471 1373,3471 1417,3471 1462,3471 1507,3471 1552,3468 1597,3465 1641,3462 1686,3459 1731,3459 1776,3456 1820,3456 1865,3456 1910,3456 1955,3456 2000,3456 2044,3456 2089,3453 2134,3453 2179,3453 2223,3456 2268,3459 2313,3459 2358,3459 2402,3456 2447,3456 2492,3453 2537,3453 2582,3453 2626,3450 2671,3453 2716,3450 2761,3450 2805,3450 2850,3450 2895,3450 2940,3450 2985,3450 3029,3447"/>
                <TextEquiv>
                    <Unicode>hat,bist du. Du bist xxx der Sache in keiner</Unicode>
                </TextEquiv>
            </TextLine>
            <TextLine id="tr_2_tl_7" custom="readingOrder {index:6;}">
                <Coords points="866,3624 2932,3666 3117,3630 3117,3516 866,3549"/>
                <Baseline points="883,3611 886,3614 931,3617 976,3620 1020,3620 1065,3620 1110,3623 1155,3623 1200,3620 1244,3620 1289,3617 1334,3617 1379,3617 1423,3617 1468,3617 1513,3614 1558,3614 1602,3614 1647,3617 1692,3614 1737,3614 1782,3614 1826,3611 1871,3611 1916,3611 1961,3611 2005,3611 2050,3611 2095,3614 2140,3611 2185,3611 2229,3611 2274,3611 2319,3611 2364,3611 2408,3611 2453,3611 2498,3608 2543,3608 2588,3608 2632,3608 2677,3608 2722,3605 2767,3605 2811,3608 2856,3608 2901,3608 2946,3605 2991,3605 3035,3605 3080,3605 3125,3608"/>
                <TextEquiv>
                    <Unicode>Weise gewachsen gewesen. Sie hat mit dir getan</Unicode>
                </TextEquiv>
            </TextLine>
            <TextLine id="tr_2_tl_8" custom="readingOrder {index:7;}">
                <Coords points="857,3870 1016,3846 1127,3780 1622,3801 1622,3726 1547,3696 1301,3702 1259,3732 917,3699 860,3723"/>
                <Baseline points="877,3770 922,3770 967,3773 1011,3773 1056,3773 1101,3773 1146,3770 1191,3770 1235,3770 1280,3770 1325,3767 1370,3767 1414,3767 1459,3767 1504,3767 1549,3767 1594,3770 1629,3770"/>
                <TextEquiv>
                    <Unicode>was sie wollte.</Unicode>
                </TextEquiv>
            </TextLine>
        </TextRegion>
    </Page>
</PcGts>
