3512 4088
3257 264 3360 410 G.H.P.
397 307 810 491 23.12.1927
2698 388 2878 519 159
714 481 829 581 Bea
742 550 3229 745 wenn uns nichts mehr trennen kann, wenn Sie mich lie-
739 643 1177 779 ben; Lisa!
782 751 3043 959 Lisa: (wie verloren) Wissen Sie, wonach ich mich
717 972 3062 1121 sehne? Ich möchte eine Zeit erleben, nur ein paar
696 1099 3142 1310 Wochen, nur ein paar Tage,so durchströmt und erfüllt
696 1258 2944 1438 von Glück, wie man sie nur erleben kann, wenn der
683 1400 3139 1590 Tod nah ist. Verstehen Sie mich, Willy? So glücklich
668 1584 3027 1745 wie man es nur sein kann, wenn kein anderer Mensch
661 1736 3155 1903 es ahnt. Ja, das möchte ich erleben. Ich möcht übers
655 1860 2999 2090 Land im Frühling fahren in einem Wagen allein mit
649 2012 3006 2195 Ihnen, dann möchte ich zu Ihnen ins Atelier kommen,
624 2121 3018 2347 aber so, dass es keiner weiss, ganz im Geheimen. Und
615 2319 2925 2490 wenn es dann an die Türe klopft, dann wäre es,als
596 2509 2959 2667 wenn der Tod selber drausen stände. Ein paar Tage
602 2583 2906 2819 Geheimnis,Gefahr und Seligkeit und dann wie aus
587 2804 3052 3034 einem tiefen dunklen Traum zurück in den hellen Tag.
571 2903 1844 3099 Willy: (sprachlos)
562 3093 2971 3282 Lisa: (mach einem kurzen Blick) Vielleicht ist das
550 3266 3043 3450 sehr schlecht, dass ich solche Wünsche hege, aber wenn
540 3384 3021 3624 ich sie Ihnen verschwiege, wäre es wohl noch schlech-
515 3543 736 3729 ter.
512 3710 1419 3903 Wilty: Begreifen-S
