3531 4104
431 238 959 422 25.4.1929
2768 262 2952 482 234.
850 407 3090 597 Treuenhof: Da hätte man vielleicht manchen auf
835 558 3217 727 dem Gewissen. Aber niemand rechnet nach, wie viele
820 696 3102 895 man durch Worte gerettet hat - wie viele durch
835 853 2050 1040 worte, neu geboren wurden.
799 1004 2436 1170 Lisa: Wo ist er? Wo kann er sein?
793 1146 1079 1251 Mimi:
799 1191 2138 1354 Und wo ist Zack?
793 1333 1330 1498 Truuenhofx
796 1453 3184 1731 Ferdinand Neumann: ich werde die Behörde verstän-
787 1649 1107 1812 digen.
781 1782 3127 2032 Winkler: (zu Treuenhof) Er muss dir doch irgend
781 1978 2958 2177 etwas erwiedert haben? Irgend eine Andeutung?
775 2104 3057 2306 Treuenhof: Wer weiss,ob er nicht plötzlich hier
760 2297 3184 2451 unter uns erscheinen wird? Jetzt fällt es mir ein.
751 2433 3057 2647 Ich habe ihm,scherzweise gewissermassen,den Vor-
748 2569 2331 2750 schlag gemacht hieher zu kommen.
733 2723 1396 2916 Lisa: Su uns?
730 2900 2925 3099 Treunnhof: Ja. Die Sache so zu nehmen,wie sie
727 3036 2916 3289 offenbar dein Gatte auffasst. (Und er hat zuge
706 3250 1067 3389 stimmt.
696 3404 2451 3615 Winkler: Scherzweise gewissermassen.
