3507 4200
2792 383 2942 539 25
721 568 1589 775 vor) Nachtigall.
1615 587 1822 766 sind
740 708 2665 906 Fr.Flatterer: Sie Pianist. von Beruf?
731 836 2942 1075 Nach tigall: Von Geschäft, gnädige Frau, ich
3092 894 3210 1079 P.
724 1034 2968 1197 lebe davon. Was soll man tun? Ich habe zu¬
705 1168 2789 1340 haus eine kranke Frau, zwei Kinder. Ich
731 1273 2952 1484 spiele auf Bällen, in Lokalen, auch in anrü-
351 1388 498 1487 is ausgesetzt
724 1455 2888 1637 chigen,wie sie sehen. Was wollen Sie,gnä
721 1659 2834 1809 dige Frau, ich bin herabgekommenAber ich
715 1825 2652 1995 fang an mich wieder heraufzuspielen.
721 1905 2977 2141 Rapp: Erläutern Sie sich nicht,Nachtigall,
718 2106 1682 2285 beweisen Sie sich.
737 2256 3016 2429 Nachtigall: (wieder aufs Podium,beginnt wie-
718 2435 1931 2569 der Klavier zu spielen
1963 2448 2630 2601 Sie haben sich den
712 2518 2949 2716 Zack; (zu Fr.Flatterer) Ein sonderbares Lo-
1915 2655 2949 2776 Oh, tief mich nicht von ort....
1860 2706 3028 2859 if his nie, & in that I see & tenn
718 2738 1793 2901 kal gnädige Frau.....
718 2824 3265 2942 Slemmer: And ist & incisitement. She went to work
718 2914 3281 3057 Repp: Frau Flatterer ist schon informiert,
718 2968 2930 3140 dass hier Gefallene durch den Verkehr mit
1736 3092 1991 3182 wird
715 3092 2952 3316 erlesenen Geistern allmählig nach wieder zu
1937 3191 3159 3447 "Rv Ein an kamen bey
708 3303 1746 3463 Jungfrauen werden.
712 3424 2990 3648 Gleissner: Ond umgekehrt. Nur dass leider
