3512 4136
721 485 3001 752 dich für einen Dichter, du wirst verkannt.—
715 669 2918 918 Fr. Flatterer: Ach, warum besitze ich nicht
703 881 2443 1077 Millionen? Anastasius Treuenhof?
718 1000 3020 1197 Treuenhof: uad Wissen Sie, was Sie da-täten?
721 1157 2875 1384 Sie würden mir eine monatliche Rente von
715 1323 2995 1534 100 Kronen anbieten und mir die zweite Ra-
727 1458 2547 1663 te schuldig bleiben. Ich kane das,
1568 1617 1691 1715 Sir
715 1614 2888 1866 Fr. Flatterer: Ich bin ja nicht einmal in
721 1777 2937 1979 der Lage Ihnen die erste zur Verfügung zu
2793 1866 3228 1973 glickheim
724 1906 3007 2145 stellen. Aber,meine Herren,es gibt ja Leu-
2685 2032 2983 2130 du lasten
733 2108 3056 2292 te, die wirlich Millionen besitzen. Was ist's
712 2210 2882 2489 mit denen? Die müssen sich ihrer Pflicht
1801 2369 2182 2473 Dichter.
724 2366 3020 2612 gegen ihren grossen bewusst sein.
2510 2492 2967 2581 I am given
1316 2565 1473 2648 an
724 2516 2842 2774 Treuenhof: Ich bin kein Dichter. Jedes-
724 2685 2980 2909 falls bin ich heute kein Dichter mehr. Das
727 2860 2615 3072 Leben hat mich zeräürbt, zerbrochen.
727 2995 3198 3225 Fr. Flatterer: Nein, Herr Treuenhof. Sie ein rühkeit
1577 3118 2578 3231 mit Rechte; aber viele Mutter
721 3145 2964 3376 Treuenhof: Lassen Sie mich ruhig in meinem
1369 3265 1841 3382 Mr Con
730 3327 2857 3486 Winkel sterben. Bedaure... Sächte. — Sie mein
724 3446 2983 3627 Fr. Flatterer: Ich denke nicht daran—Jetzt
721 3584 2768 3830 weiss ich erst, warum ich gekommen bin.
1289 3741 1553 3913 (him)
