3514 4216
2753 447 2937 654 178
1704 612 1825 683 ner
955 606 2919 816 Lisa: Er liebt so (unendlich). Er wird ihr
2384 731 2620 846 glern
964 813 3144 938 alles verzeihen. Er hat ihr schon verzienen.
964 952 3097 1145 Uno ( auch Anastasius Trauhhof sagt)dass es so
455 955 884 1124 Merr glaubt
479 1094 739 1242 Dt
955 1044 3097 1266 das Richtige ist, auch für Ferdinand. Er kann
2203 1204 2307 1292 be
946 1248 2993 1420 runig sein. Das Abenteuer/liegt nun hinter
1612 1357 2082 1452 beste und
943 1417 3046 1547 ihr. Sie wird die treueste Frau werden,sagt
940 1579 2949 1730 Treuennor.
926 1689 3129 1840 Welche Güte, welche Weisheit!- Wenn wir
923 1863 1851 2011 ihn nicht hätten!
1455 1973 1739 2073 denkel
952 2008 2629 2203 "illi: Was er wohl uns raten würde?
899 2168 3162 2295 Lisa: Wir wissen Gottseidank selbst,was wir zu
2487 2262 3052 2387 Er weis der nicht
911 2342 3008 2529 tun haben. (plötzlich unruhig) Du hast doch
2061 2478 2156 2558 for
896 2467 2656 2623 niemals mit ihm über uns-gesprochen?
893 2638 2963 2765 Willi: ich hab ihn seither überhaupt nicht
2091 2733 2813 2842 bevorstehenden
884 2777 3120 2940 gesehen, nicht einmal von meiner Abreise wusste
887 2901 3076 3085 er bisher. Meine Schwester - sie ist ihm zu =
870 3085 2818 3265 fällig begegnet - und hat es ihm gesagt.
872 3224 2981 3422 Lisa: So kommt er vielleicht noch dir Adieu
867 3407 1180 3540 sagen?
864 3531 3244 3756 Willi: ich sehe ihn noch unten bei meiner Mutter.
