<?xml version="1.0" encoding="UTF-8" standalone="yes"?>
<PcGts xmlns="http://schema.primaresearch.org/PAGE/gts/pagecontent/2013-07-15" xmlns:xsi="http://www.w3.org/2001/XMLSchema-instance" xsi:schemaLocation="http://schema.primaresearch.org/PAGE/gts/pagecontent/2013-07-15 http://schema.primaresearch.org/PAGE/gts/pagecontent/2013-07-15/pagecontent.xsd">
    <Metadata>
        <Creator>prov=READ-COOP:name=TrHtr:version=2.1.0:model_id=51170:date=15_08_2023_00:57</Creator>
        <Created>2023-05-10T15:00:04.385+02:00</Created>
        <LastChange>2023-08-15T00:57:12.668+02:00</LastChange>
        <TranskribusMetadata docId="1428698" pageId="55428941" pageNr="124" tsid="132835525" status="IN_PROGRESS" userId="64420" imgUrl="https://files.transkribus.eu/Get?id=MIDZWZDUNMTVZHKXBZIEWSFN&amp;fileType=view" xmlUrl="https://files.transkribus.eu/Get?id=OWKDOYEAJWDYGWNWPYMKMTNU" imageId="44703014"/>
    </Metadata>
    <Page imageFilename="1428698_0124.jpg" imageWidth="3464" imageHeight="4104">
        <ReadingOrder>
            <OrderedGroup id="ro_1711807890209" caption="Regions reading order">
                <RegionRefIndexed index="0" regionRef="tr_1"/>
                <RegionRefIndexed index="1" regionRef="tr_2"/>
            </OrderedGroup>
        </ReadingOrder>
        <TextRegion id="tr_1" custom="readingOrder {index:0;}">
            <Coords points="671,394 3268,394 3268,2332 671,2332"/>
            <TextLine id="tr_1_tl_1" custom="readingOrder {index:0;}">
                <Coords points="2764,485 2786,485 2841,456 2861,465 2880,459 2896,469 2922,462 2932,472 2955,469 2958,339 2932,349 2916,343 2906,352 2867,352 2858,339 2816,356 2767,349"/>
                <Baseline points="2781,447 2826,447 2871,444 2916,444 2960,447 2963,447"/>
                <TextEquiv>
                    <Unicode>b30</Unicode>
                </TextEquiv>
            </TextLine>
            <TextLine id="tr_1_tl_2" custom="readingOrder {index:1;}">
                <Coords points="711,627 3009,630 3119,617 3119,524 711,546"/>
                <Baseline points="728,611 755,608 799,611 844,608 889,608 934,611 978,608 1023,608 1068,608 1113,608 1158,608 1202,608 1247,608 1292,608 1337,608 1381,605 1426,605 1471,605 1516,605 1561,605 1605,605 1650,608 1695,608 1740,608 1784,608 1829,608 1874,608 1919,605 1963,605 2008,605 2053,602 2098,602 2143,602 2187,599 2232,602 2277,602 2322,602 2366,602 2411,602 2456,602 2501,602 2545,599 2590,602 2635,602 2680,599 2725,599 2769,599 2814,599 2859,599 2904,602 2948,599 2993,599 3038,596 3083,593 3127,596"/>
                <TextEquiv>
                    <Unicode>dahin verraten Sie sich nicht. Wer weiss, was sonst</Unicode>
                </TextEquiv>
            </TextLine>
            <TextLine id="tr_1_tl_3" custom="readingOrder {index:2;}">
                <Coords points="701,824 3100,837 3132,634 2974,701 705,689"/>
                <Baseline points="719,773 764,770 808,767 853,767 898,767 943,767 987,767 1032,764 1077,764 1122,764 1167,764 1211,764 1256,764 1301,764 1346,761 1390,764 1435,764 1480,764 1525,764 1569,764 1614,761 1659,764 1704,764 1749,761 1793,761 1838,764 1883,761 1928,758 1972,758 2017,758 2062,758 2107,758 2151,758 2196,758 2241,761 2286,758 2331,758 2375,761 2420,758 2465,755 2510,755 2554,752 2599,752 2644,755 2689,755 2734,755 2778,755 2823,752 2868,752 2913,752 2957,752 3002,752 3047,755 3092,758 3136,755"/>
                <TextEquiv>
                    <Unicode>geschehe! (Wir dürfen seinen Stol nicht verletzen.</Unicode>
                </TextEquiv>
            </TextLine>
            <TextLine id="tr_1_tl_4" custom="readingOrder {index:3;}">
                <Coords points="695,957 2340,960 2340,840 2201,815 899,879 695,818"/>
                <Baseline points="713,916 758,916 802,916 847,919 892,919 937,919 981,919 1026,916 1071,919 1116,919 1161,919 1205,919 1250,919 1295,919 1340,922 1384,922 1429,922 1474,922 1519,922 1563,922 1608,922 1653,922 1698,922 1743,919 1787,919 1832,919 1877,922 1922,919 1966,919 2011,919 2056,913 2101,916 2146,916 2190,916 2235,916 2280,916 2325,919 2348,919"/>
                <TextEquiv>
                    <Unicode>Wir müssen es klug anfangen, Willi.</Unicode>
                </TextEquiv>
            </TextLine>
            <TextLine id="tr_1_tl_5" custom="readingOrder {index:4;}">
                <Coords points="679,1089 1290,1096 1290,989 1219,999 1138,973 1044,1005 996,986 947,1021 857,979 802,1015 734,996 679,1028"/>
                <Baseline points="695,1065 740,1068 784,1074 829,1077 874,1077 919,1077 964,1080 1008,1077 1053,1077 1098,1077 1143,1077 1187,1077 1232,1080 1277,1080 1298,1080"/>
                <TextEquiv>
                    <Unicode>Willi: Klug?</Unicode>
                </TextEquiv>
            </TextLine>
            <TextLine id="tr_1_tl_6" custom="readingOrder {index:5;}">
                <Coords points="679,1287 3262,1264 3262,1118 2298,1057 2007,1167 679,1160"/>
                <Baseline points="698,1229 716,1232 761,1232 805,1232 850,1232 895,1235 940,1232 984,1229 1029,1229 1074,1232 1119,1229 1164,1229 1208,1229 1253,1226 1298,1226 1343,1226 1387,1229 1432,1229 1477,1229 1522,1229 1566,1229 1611,1229 1656,1229 1701,1226 1746,1226 1790,1229 1835,1226 1880,1226 1925,1226 1969,1229 2014,1226 2059,1226 2104,1226 2149,1226 2193,1226 2238,1226 2283,1223 2328,1223 2372,1223 2417,1223 2462,1223 2507,1223 2551,1220 2596,1223 2641,1223 2686,1223 2731,1223 2775,1223 2820,1223 2865,1220 2910,1220 2954,1220 2999,1220 3044,1223 3089,1220 3133,1220 3178,1220 3223,1217 3268,1217"/>
                <TextEquiv>
                    <Unicode>Lisa: Nicht weh tun oder nicht weher tun als dringend</Unicode>
                </TextEquiv>
            </TextLine>
            <TextLine id="tr_1_tl_7" custom="readingOrder {index:6;}">
                <Coords points="679,1406 2906,1409 3058,1384 3061,1245 2741,1319 682,1303"/>
                <Baseline points="695,1387 737,1387 781,1387 826,1387 871,1384 916,1384 961,1384 1005,1387 1050,1387 1095,1387 1140,1387 1184,1387 1229,1390 1274,1387 1319,1384 1364,1384 1408,1381 1453,1381 1498,1381 1543,1381 1587,1381 1632,1381 1677,1381 1722,1381 1766,1384 1811,1384 1856,1381 1901,1378 1946,1378 1990,1381 2035,1378 2080,1378 2125,1381 2169,1381 2214,1381 2259,1378 2304,1381 2348,1378 2393,1378 2438,1378 2483,1378 2528,1375 2572,1375 2617,1375 2662,1375 2707,1375 2751,1375 2796,1375 2841,1375 2886,1375 2931,1372 2975,1372 3020,1375 3065,1378"/>
                <TextEquiv>
                    <Unicode>notwendig. Sie müssen auch an Ihre Mutter</Unicode>
                </TextEquiv>
            </TextLine>
            <TextLine id="tr_1_tl_8" custom="readingOrder {index:7;}">
                <Coords points="676,1571 3058,1581 3058,1468 2715,1435 1319,1500 676,1432"/>
                <Baseline points="692,1543 737,1540 781,1540 826,1543 871,1543 916,1540 961,1540 1005,1543 1050,1543 1095,1543 1140,1543 1184,1540 1229,1540 1274,1540 1319,1537 1364,1540 1408,1540 1453,1540 1498,1540 1543,1540 1587,1537 1632,1537 1677,1537 1722,1537 1766,1537 1811,1537 1856,1537 1901,1537 1946,1537 1990,1537 2035,1537 2080,1537 2125,1534 2169,1537 2214,1534 2259,1534 2304,1534 2348,1534 2393,1534 2438,1534 2483,1534 2528,1534 2572,1534 2617,1534 2662,1534 2707,1534 2751,1531 2796,1531 2841,1534 2886,1531 2931,1531 2975,1531 3020,1531 3065,1531"/>
                <TextEquiv>
                    <Unicode>denken, Willi. Es wird ihr nicht so leicht Sie, den</Unicode>
                </TextEquiv>
            </TextLine>
            <TextLine id="tr_1_tl_9" custom="readingOrder {index:8;}">
                <Coords points="685,1752 2896,1716 2835,1616 689,1594"/>
                <Baseline points="704,1707 710,1707 755,1701 799,1701 844,1701 889,1698 934,1698 978,1698 1023,1698 1068,1698 1113,1698 1158,1698 1202,1695 1247,1695 1292,1695 1337,1701 1381,1701 1426,1698 1471,1698 1516,1698 1561,1695 1605,1695 1650,1695 1695,1695 1740,1695 1784,1695 1829,1692 1874,1692 1919,1692 1963,1692 2008,1689 2053,1692 2098,1692 2143,1692 2187,1689 2232,1689 2277,1689 2322,1689 2366,1692 2411,1689 2456,1689 2501,1689 2545,1686 2590,1686 2635,1686 2680,1686 2725,1686 2769,1686 2814,1689 2859,1689 2904,1692"/>
                <TextEquiv>
                    <Unicode>geliebten Sohn, gleich wieder ziehen zu lassen.</Unicode>
                </TextEquiv>
            </TextLine>
            <TextLine id="tr_1_tl_10" custom="readingOrder {index:9;}">
                <Coords points="666,1897 2961,1894 2961,1797 2819,1762 2156,1804 1949,1716 1626,1817 666,1781"/>
                <Baseline points="683,1853 686,1850 731,1856 776,1859 820,1859 865,1856 910,1856 955,1856 999,1856 1044,1856 1089,1853 1134,1850 1178,1847 1223,1847 1268,1847 1313,1850 1358,1850 1402,1850 1447,1853 1492,1850 1537,1850 1581,1850 1626,1850 1671,1850 1716,1847 1760,1850 1805,1850 1850,1850 1895,1850 1940,1847 1984,1847 2029,1847 2074,1847 2119,1847 2163,1847 2208,1847 2253,1844 2298,1844 2343,1847 2387,1847 2432,1844 2477,1844 2522,1844 2566,1844 2611,1841 2656,1841 2701,1841 2745,1841 2790,1841 2835,1841 2880,1841 2925,1841 2969,1838"/>
                <TextEquiv>
                    <Unicode>Willi: Sie weiss es schon, dass ich wieder</Unicode>
                </TextEquiv>
            </TextLine>
            <TextLine id="tr_1_tl_11" custom="readingOrder {index:10;}">
                <Coords points="659,2027 2893,2049 3058,2011 3058,1923 1678,1956 1280,1865 1115,1962 659,1956"/>
                <Baseline points="677,2008 692,2011 737,2011 781,2011 826,2011 871,2011 916,2011 961,2008 1005,2008 1050,2011 1095,2008 1140,2008 1184,2011 1229,2011 1274,2008 1319,2008 1364,2008 1408,2005 1453,2005 1498,2005 1543,2005 1587,2002 1632,2005 1677,2008 1722,2005 1766,2005 1811,2002 1856,2002 1901,2002 1946,2002 1990,2002 2035,2002 2080,2002 2125,1999 2169,1999 2214,1999 2259,1999 2304,1999 2348,1999 2393,1999 2438,1999 2483,1999 2528,1999 2572,1999 2617,1996 2662,1996 2707,1996 2751,1996 2796,1993 2841,1996 2886,1993 2931,1993 2975,1996 3020,1996 3065,2002"/>
                <TextEquiv>
                    <Unicode>fort fahre.) (Sie weiss, dass wir beide zusammen weg¬</Unicode>
                </TextEquiv>
            </TextLine>
            <TextLine id="tr_1_tl_12" custom="readingOrder {index:11;}">
                <Coords points="653,2221 2059,2159 2783,2230 3161,2108 2916,2033 1409,2114 1047,2020 653,2111"/>
                <Baseline points="671,2169 707,2166 752,2163 796,2166 841,2163 886,2163 931,2166 976,2163 1020,2163 1065,2166 1110,2163 1155,2160 1199,2160 1244,2160 1289,2160 1334,2160 1378,2157 1423,2160 1468,2157 1513,2157 1558,2157 1602,2157 1647,2157 1692,2157 1737,2157 1781,2157 1826,2157 1871,2157 1916,2157 1960,2157 2005,2157 2050,2157 2095,2154 2140,2154 2184,2154 2229,2154 2274,2154 2319,2157 2363,2154 2408,2154 2453,2154 2498,2154 2542,2151 2587,2154 2632,2151 2677,2154 2722,2154 2766,2151 2811,2151 2856,2151 2901,2151 2945,2151 2990,2151 3035,2151 3080,2151 3125,2151 3169,2154"/>
                <TextEquiv>
                    <Unicode>reisen. Ich habe die Brücken hinter mir abgebrochen.</Unicode>
                </TextEquiv>
            </TextLine>
            <TextLine id="tr_1_tl_13" custom="readingOrder {index:12;}">
                <Coords points="1063,2253 1299,2237 1367,2292 1497,2247 2133,2256 2133,2182 2088,2166 1739,2214 1063,2175"/>
                <Baseline points="1080,2238 1110,2238 1155,2235 1199,2235 1244,2235 1289,2235 1334,2235 1378,2235 1423,2235 1468,2238 1513,2241 1558,2244 1602,2244 1647,2247 1692,2244 1737,2244 1781,2244 1826,2241 1871,2241 1916,2238 1960,2235 2005,2232 2050,2232 2095,2232 2140,2232"/>
                <TextEquiv>
                    <Unicode>Es ma A/ alle abxwardt jursch.</Unicode>
                </TextEquiv>
            </TextLine>
            <TextLine id="tr_1_tl_14" custom="readingOrder {index:13;}">
                <Coords points="695,2350 3262,2331 3262,2237 3051,2211 1361,2285 695,2224"/>
                <Baseline points="713,2319 716,2316 761,2319 805,2322 850,2322 895,2322 940,2322 984,2319 1029,2316 1074,2316 1119,2316 1164,2316 1208,2316 1253,2316 1298,2316 1343,2316 1387,2319 1432,2316 1477,2316 1522,2316 1566,2313 1611,2313 1656,2313 1701,2316 1746,2316 1790,2313 1835,2313 1880,2313 1925,2316 1969,2313 2014,2316 2059,2316 2104,2313 2149,2313 2193,2310 2238,2310 2283,2310 2328,2310 2372,2307 2417,2307 2462,2307 2507,2307 2551,2307 2596,2307 2641,2307 2686,2307 2731,2307 2775,2307 2820,2307 2865,2307 2910,2307 2954,2307 2999,2307 3044,2307 3089,2304 3133,2304 3178,2304 3223,2304 3268,2301"/>
                <TextEquiv>
                    <Unicode>Morgen - (wie verzweifelnd) wollten Sie fort von ihm!</Unicode>
                </TextEquiv>
            </TextLine>
        </TextRegion>
        <TextRegion id="tr_2" custom="readingOrder {index:1;}">
            <Coords points="617,2403 3247,2403 3247,3579 617,3579"/>
            <TextLine id="tr_2_tl_1" custom="readingOrder {index:0;}">
                <Coords points="643,2554 1668,2483 2169,2570 2557,2479 3190,2538 3239,2418 646,2395"/>
                <Baseline points="662,2477 695,2477 740,2474 784,2477 829,2477 874,2477 919,2477 964,2474 1008,2471 1053,2471 1098,2471 1143,2468 1187,2471 1232,2471 1277,2474 1322,2474 1367,2471 1411,2471 1456,2471 1501,2471 1546,2471 1590,2468 1635,2468 1680,2468 1725,2471 1769,2471 1814,2471 1859,2468 1904,2468 1949,2468 1993,2468 2038,2468 2083,2468 2128,2465 2172,2468 2217,2465 2262,2465 2307,2465 2351,2465 2396,2465 2441,2465 2486,2462 2531,2462 2575,2462 2620,2462 2665,2462 2710,2462 2754,2462 2799,2462 2844,2462 2889,2462 2933,2462 2978,2459 3023,2459 3068,2459 3113,2456 3157,2456 3202,2456 3247,2453"/>
                <TextEquiv>
                    <Unicode>Lisa: Die Ewigkeit liegt vor uns - kommt es auf den eu</Unicode>
                </TextEquiv>
            </TextLine>
            <TextLine id="tr_2_tl_2" custom="readingOrder {index:1;}">
                <Coords points="646,2677 718,2647 782,2677 824,2657 853,2667 889,2657 947,2693 1005,2689 1005,2567 905,2583 866,2554 782,2570 646,2554"/>
                <Baseline points="665,2629 710,2629 755,2632 799,2632 844,2632 889,2632 934,2632 978,2632 1014,2632"/>
                <TextEquiv>
                    <Unicode>Tag an?</Unicode>
                </TextEquiv>
            </TextLine>
            <TextLine id="tr_2_tl_3" custom="readingOrder {index:2;}">
                <Coords points="659,2874 3139,2825 3178,2686 659,2699"/>
                <Baseline points="677,2787 719,2784 764,2784 808,2784 853,2784 898,2784 943,2784 987,2781 1032,2781 1077,2781 1122,2781 1167,2781 1211,2781 1256,2781 1301,2778 1346,2781 1390,2781 1435,2781 1480,2781 1525,2778 1569,2778 1614,2778 1659,2778 1704,2778 1749,2778 1793,2778 1838,2778 1883,2778 1928,2778 1972,2778 2017,2778 2062,2778 2107,2778 2151,2778 2196,2775 2241,2778 2286,2778 2331,2775 2375,2775 2420,2775 2465,2775 2510,2775 2554,2772 2599,2772 2644,2772 2689,2772 2734,2772 2778,2772 2823,2772 2868,2772 2913,2772 2957,2772 3002,2772 3047,2772 3092,2772 3136,2775 3181,2781"/>
                <TextEquiv>
                    <Unicode>(Hofrat Winkler von rechts.Lisa atmet sichtlich auf.</Unicode>
                </TextEquiv>
            </TextLine>
            <TextLine id="tr_2_tl_4" custom="readingOrder {index:3;}">
                <Coords points="672,3013 2938,2977 2964,2838 672,2858"/>
                <Baseline points="689,2933 731,2936 776,2939 820,2939 865,2939 910,2939 955,2936 999,2939 1044,2939 1089,2939 1134,2936 1178,2936 1223,2936 1268,2936 1313,2933 1358,2933 1402,2933 1447,2933 1492,2933 1537,2931 1581,2933 1626,2933 1671,2933 1716,2936 1760,2939 1805,2936 1850,2933 1895,2933 1940,2933 1984,2933 2029,2933 2074,2933 2119,2931 2163,2931 2208,2931 2253,2931 2298,2931 2343,2931 2387,2931 2432,2931 2477,2931 2522,2931 2566,2931 2611,2928 2656,2928 2701,2925 2745,2925 2790,2925 2835,2925 2880,2925 2925,2925 2969,2928"/>
                <TextEquiv>
                    <Unicode>Winkler) Küss'die Hand, gnädige Frau. Entzückend</Unicode>
                </TextEquiv>
            </TextLine>
            <TextLine id="tr_2_tl_5" custom="readingOrder {index:4;}">
                <Coords points="627,3145 2234,3090 2518,3155 3132,3094 3136,3003 627,3051"/>
                <Baseline points="644,3092 677,3092 722,3092 767,3092 811,3092 856,3092 901,3092 946,3092 990,3092 1035,3092 1080,3095 1125,3095 1170,3095 1214,3092 1259,3092 1304,3092 1349,3092 1393,3095 1438,3095 1483,3092 1528,3092 1572,3092 1617,3092 1662,3089 1707,3092 1752,3092 1796,3092 1841,3092 1886,3089 1931,3089 1975,3089 2020,3089 2065,3089 2110,3089 2154,3089 2199,3089 2244,3089 2289,3089 2334,3089 2378,3089 2423,3089 2468,3089 2513,3089 2557,3089 2602,3089 2647,3086 2692,3086 2736,3086 2781,3086 2826,3086 2871,3086 2916,3086 2960,3086 3005,3083 3050,3086 3095,3080 3139,3083"/>
                <TextEquiv>
                    <Unicode>sehen Sie aus. Malst du die Frau van Jack in dem Ko-</Unicode>
                </TextEquiv>
            </TextLine>
            <TextLine id="tr_2_tl_6" custom="readingOrder {index:5;}">
                <Coords points="627,3281 834,3281 866,3310 944,3326 1070,3307 1167,3265 1170,3165 1096,3171 1076,3152 973,3178 828,3152 711,3174 630,3145"/>
                <Baseline points="644,3256 683,3253 728,3250 773,3253 817,3253 862,3253 907,3250 952,3250 996,3250 1041,3250 1086,3250 1131,3250 1175,3250"/>
                <TextEquiv>
                    <Unicode>stiim, Willi?</Unicode>
                </TextEquiv>
            </TextLine>
            <TextLine id="tr_2_tl_7" custom="readingOrder {index:6;}">
                <Coords points="608,3498 1361,3404 2997,3459 3161,3426 3161,3284 608,3336"/>
                <Baseline points="626,3414 662,3408 707,3405 752,3405 796,3408 841,3408 886,3405 931,3405 976,3405 1020,3402 1065,3405 1110,3405 1155,3402 1199,3402 1244,3402 1289,3402 1334,3402 1378,3402 1423,3402 1468,3402 1513,3402 1558,3402 1602,3402 1647,3402 1692,3402 1737,3402 1781,3402 1826,3402 1871,3399 1916,3399 1960,3399 2005,3399 2050,3399 2095,3399 2140,3399 2184,3399 2229,3399 2274,3399 2319,3399 2363,3399 2408,3399 2453,3399 2498,3396 2542,3396 2587,3396 2632,3399 2677,3396 2722,3396 2766,3396 2811,3396 2856,3396 2901,3396 2945,3396 2990,3396 3035,3396 3080,3396 3125,3393 3169,3387"/>
                <TextEquiv>
                    <Unicode>Lisa: Nein, Herr Langer malt mich genau so, wie ich da-</Unicode>
                </TextEquiv>
            </TextLine>
            <TextLine id="tr_2_tl_8" custom="readingOrder {index:7;}">
                <Coords points="598,3646 1396,3572 1700,3643 2547,3565 2906,3624 2906,3501 2770,3436 598,3498"/>
                <Baseline points="617,3563 662,3563 707,3563 752,3566 796,3566 841,3569 886,3566 931,3566 976,3566 1020,3566 1065,3566 1110,3563 1155,3563 1199,3563 1244,3563 1289,3563 1334,3563 1378,3563 1423,3563 1468,3563 1513,3563 1558,3563 1602,3563 1647,3563 1692,3563 1737,3563 1781,3563 1826,3563 1871,3563 1916,3563 1960,3563 2005,3563 2050,3563 2095,3563 2140,3563 2184,3563 2229,3563 2274,3563 2319,3563 2363,3563 2408,3563 2453,3563 2498,3563 2542,3563 2587,3563 2632,3566 2677,3566 2722,3566 2766,3563 2811,3563 2856,3563 2901,3563 2913,3563"/>
                <TextEquiv>
                    <Unicode>mals, wenn Sie sich vielleichter noch erinnern, ins</Unicode>
                </TextEquiv>
            </TextLine>
        </TextRegion>
    </Page>
</PcGts>
