3513 4136
2858 318 2993 499 92
811 465 2873 606 Helanstalt (und dergleichen geprochen.
796 594 3158 811 Mutter: Ja, sind wir denn überhapt verpflich¬
808 783 3189 933 tet den Leuten mitzuteilen,was für ein Gebäu¬
808 930 2372 1086 de wir dort hin bauen wollen?
799 1028 2959 1227 Berta: Und muss es denn grad dort stehn?
1873 1193 1968 1279 d
710 1215 3170 1401 Winkler: Na, es wär schen bequem für die hech-
799 1380 1879 1561 würdigen Herren. Ha!
829 1496 3026 1689 Mutter: Darauf käm's wieder uns nicht an.
2690 1603 3351 1726 Man schon
793 1707 3198 1860 Winkler: (plötzlich wieder ernst) Der Pktz
774 1873 2861 2038 ist schon wie geschaffen und ich glaube
765 1971 2941 2157 schon, dass man in solcher Nähe der Gross
2157 2102 2558 2212 solchen
768 2139 2980 2332 stadt nicht so leicht einen Grund finden
762 2267 3078 2448 würde, (der unter normalen Umständen umxxxx
759 2476 2846 2625 verhältnismässig wohlfeil zu haben sein
741 2604 1123 2782 müsste.
731 2723 3011 2956 Mutter: Glaukstaduxdaunxkkkah Manp muss
747 2938 3130 3088 es den stiftherren wirklich nicht an die Naß
716 3112 1138 3256 binden
1744 3140 1946 3302 offert
722 3182 3124 3387 Winker: Man hat es schon getan.Denn der Bür-
2093 3351 2225 3449 get
728 3348 3032 3559 germeister wen Bgstens, der ahnt achon etwas.
