3501 4232
2940 365 3209 541 197 0
910 615 3283 823 Welch ein edles Antlitz! Welche Unschuld u.s.
893 743 1009 916 W.
890 868 3305 1153 Da Treuenhof aus ihrem Bild so viel Tugend und Un-
881 1057 3331 1310 schuld liest, fühlt Willi erst, wie wenig sichtig er
868 1207 1672 1396 sie gesehen hat.
868 1342 3286 1624 Willi: Sie war meine Geliebte. Zach hatte ihr die
855 1537 1560 1707 Wahl gestellt.
849 1691 3299 1918 Die hätte mir folgen sollen. Noch vor einer Stunde
826 1832 2018 2002 habe ich es so geglaubt.
833 1944 3404 2245 Mit hatte sie gesagt, dass er sie zwang zu bleiben un-
833 2146 1777 2338 ter Todesdrohungen.
804 2322 3366 2562 Ich wollte mit ihr sterben. Sie hat mich hingehalten
797 2488 1992 2645 Es lässt sich nachholen.
791 2652 3257 2828 Treuenhof: Warum sie? Sie ist dazu da,um weiter zu
801 2828 3327 3001 leben, noch viele glücklich zu machen. Mit dir steht
785 2940 3273 3212 es anders. Schuldig geworden bist nur du. Aber nimm
788 3097 1697 3321 es nicht zu schwer.
759 3254 3020 3430 Es wäre eine Selbstüberschätzung,wenn du es zu
762 3401 3196 3632 schwer nähmest. Du bist ein junger Mensch wie alle
746 3558 3186 3789 andern. Du hattest mir geradezu den Glauben an die
