3512 4152
2783 347 2966 514 142
749 636 3281 823 nun bin ich endgüttig fertig mit ihm und den Andern.
758 730 2960 990 Winkler: Sie gedenken Ihren Beruf aufzugeben?
752 942 3037 1077 Rapp: Soll ich meine Existenz damit verbringen
758 1061 3111 1250 durch eine Welt des Scheins und der Narretei als
765 1163 2960 1420 Spielverderber zu spazieren? Ich beabsichtige
771 1356 3214 1623 (mit Selbstironie) - meine Feder von nun an in den
768 1520 3069 1739 Dienst grösserer Angelegenheiten zu stellen. Es
765 1694 3014 1874 gibt so viel Elende und Schurkerei auf der Erde
755 1851 3339 2076 wir wollen sehen, was sich für die Menschheit wird tun
755 2054 1118 2192 lassen.
762 2092 2905 2304 Winkler: Ich fürchte, wenig, Herr Rapp,wenig.
771 2324 2574 2545 rapp: Ich weiss es sogar,Herr Hofrat.
755 2520 1343 2642 Winkler: Ha!
752 2526 3284 2870 Fr.Flatterer: (kommt aus dem Saal mit den beiden Jün-
765 2835 1009 2966 gern)
771 2854 3217 3146 (Eventuell ist Gleissner mit dieser Gruppe bereits
758 3101 3018 3326 zusammengetroffen, Frau Flatterer und Gleissner
752 3198 3076 3419 haben angelegentlich miteinander gesprochen und
755 3397 3198 3564 Frau Flatterer tritt jetzt absichtsvoll zu Winkler
752 3596 1433 3754 und Rapp, hin)
