3592 4296
900 456 3230 685 Treuenhof: Kommt’s grad auf das Verständigen an?
1544 602 1832 704 Mr. Sir
894 615 3221 805 Winkler: (will etwas erwidern, legt dann plötzlich
903 780 3027 1040 seine beiden Hände auf Treuenhofs Schultern.
891 957 1785 1125 Kommst du mit mir?
888 1106 2190 1252 Treuenhof: Ein anderes Mal.
897 1239 3107 1439 Winkler: (nach kurzem Besinnen) Schad um dich.
875 1414 2200 1550 Treuenhof: Was heisst das? -
1335 1525 1870 1633 Toup   - her
888 1509 3170 1759 Winkler: Ist ja nur ein Wort. Servus! (er geht).
888 1747 3072 1858 (Die beiden Jünger haben sich indess an einen
869 1902 3005 2010 Tisch gesetzt, Treuenhof kommt zu ihnen. Der
869 1981 3240 2184 Kleinere, ziemlich sicheres Wesen, eher kühl, stetes
862 2181 3107 2333 ironisches Lächeln. Der Andere gross und hager,
865 2324 3294 2593 hängt an Treuenhofs Antlitz und Mund mit naiver Be-
903 2517 1477 2641 geisterung.
843 2603 3262 2834 Treuenhof: (setzt sich zu ihnen) Haben Sie den ge/
846 2774 3344 2996 kannt? Das ist der Hofrat Winkler. Auf einer Schul-
840 2910 3348 3167 bank sind wir zusammen gesessen. In selben Jahr sind
837 3100 3379 3306 wir geboren, er ist ein Jüngling und ich bin ein Greis
834 3227 3192 3420 Er ist ein Sieger und hat alle Beute hingeworfen.
2336 3386 2526 3481 men
878 3395 3160 3636 Ich bin ein Besiegter und beklage mich, dass ich
824 3579 3186 3801 keine Beute gemacht habe. Er hat ein Leben hinter
