3560 4200
2659 353 2814 521 20
1844 468 2352 623 vastein le
855 548 3189 756 mich sogar einmal verkauft - zu wohltätigen
858 722 1732 896 Zweck natürlich.
861 843 2916 1078 Rapp: (kühl) Welchen Preis haben Sie er
861 1063 1931 1209 zielt, gnädige Frau?
861 1125 3136 1339 Fr.Flatterer: (Ach,Sie nehmen alles so wort
858 1295 3145 1534 lich). (auf Albine deutend) Diese kleine Zer-
858 1472 3083 1645 te dort, die ist ja - diesieht ja geradezu
2042 1618 2151 1729 xx
871 1692 2085 1834 unschuldig aus. Freih
2612 1673 3353 1844 Ist dort wisserschre¬
849 1769 3254 1992 Gleissner: Das findet man häufig. Warum eif.
852 1958 3167 2104 auch nicht? Gerade unter diesen Weibern, die
3114 2030 3272 2126 erbt
855 2073 3340 2281 aus der Liebe einen Beruf gemacht haben,
2730 2206 3055 2302 belegent
1252 2231 1701 2361 oft mens
852 2299 3089 2429 g iht es anständigere - man könnte sagen
861 2405 2913 2625 reinere Wesen als unter den neuen und
1475 2591 1583 2671 ne
855 2584 2343 2745 Töchtern der guten Familien
855 2721 3009 2969 Rapp: (ein wenig ennerviert) Ein Tiefsinn
852 2919 1974 3080 von mässiger Neuheit.
852 3062 3151 3251 Gleissner: Es gibt keine neuen Wahrheiten.
837 3232 3186 3381 Es gibt immer nur alte Lügen, die das Leben
849 3309 3189 3551 auf kurze Augenblicke zu Wahrheiten wandelt.
843 3495 3204 3728 Rapp: (schüttelt sieh, nimmt den Zwicker, setzt
849 3669 1717 3793 ihn wieder auf).
964 3827 1686 3966 H. Osteht waren auf
