3560 4200
1410 503 1588 619 und
893 540 3100 766 Willi: Ja, kia jetzt hängt ihr Herz an ei-
865 692 3004 873 nem Kinderasyl, einem Heim für uneheliche
854 873 2849 1012 Kinder. Sie hat das gütigste Herz, das
862 1006 1837 1218 sich den kon lässt.
848 1280 3061 1501 Hofrat Winkler: (tritt ein. Kurzer, lichter
848 1504 3083 1676 Ueberzieher, die untern Knöpfe geschlossen,
854 1645 2976 1834 die obern offen. Hinaufgeschlagener Kra-
842 1789 3117 1990 gen. Kurzes blindes, leicht angegrau-
862 1961 3083 2148 tes paar; lebhafte, nie fahrige Bewegungen.
862 2094 2821 2281 Spricht rasch, lacht manchmal kurz und
856 2267 1478 2453 lustig auf).
845 2405 3004 2609 Willi: (mit dem Blick zurTür,sieht ihn so-
834 2575 1546 2764 fort) Onkel!
842 2722 1874 2869 Treuenhof: winkler!
828 2840 2888 3069 Winkler: Grüss dich Gott, Treuenhof. (zu
803 2985 2877 3233 Willi) (Also auch du Schingel in diesem
814 3157 1628 3366 Sündenpfuhl!)
834 3230 3103 3505 Treuenhof: Man weiss, wo ich zu finden bin.
825 3406 2821 3649 Winkler: Also ist das noch immer da
805 3578 2660 3813 Hau ptquartier? Wie gehts dir denn?
