3531 4104
2885 251 3076 470 233
839 588 3244 724 In einer solchen Stunde redet man mancherlei. Das
826 721 3281 891 hat er doch - Das weiss er doh, der Willi. Er hat
833 860 2253 1031 er kennt mich doch, der Willi.
823 984 3194 1247 Winkler Darauf darf man sich nie verlassen. Man
817 1154 3185 1402 hört doch immer nur, was der Andere redt. Du hät:
814 1377 3086 1486 test es in der Hand gehabt — gerade du, weil er
811 1513 2823 1715 dich eben nicht gekannt hat, ihn zu retten.
802 1653 3262 1842 Treuenhof: Mit Worten? Kann man einen Menschen mit
799 1835 1507 2006 Worten retten?
795 1947 3064 2139 Winkler: Ja, das kann man. Geradeso wie man mit
823 2123 1962 2293 Worten jemanden -
780 2259 3265 2467 Berta: (ihm mit einer Geste zum Schweigen bringend)
786 2426 2083 2612 Wir wissen ja noch nichts.
774 2581 2185 2770 Treuenhof: Worte sind nichts.
777 2733 3253 2956 Winkler: Worte sind alles - wir haben ja nichts an-
758 2931 1148 3058 deres.
752 3073 2457 3216 Tennuusta
