3592 4120
1358 444 2008 560 We Pd disi with
780 480 2985 673 Tini: Das ist eine so komische G'schicht.
763 634 2583 804 Unglücklich verliebt ist sie halt.
766 757 2749 989 Ferdinand: Das gibt s - auch bei Euch?
780 861 2976 1081 Tini: Warum soll's denn das bei uns nicht
760 1078 3152 1257 geben? Ich hab mich beinah einmal umgebracht.
846 1203 1701 1314 wegen so mögte sich
757 1275 1749 1400 Ferdinand: Beinah.
748 1406 2064 1612 Tini: Hat wenig gefehlt.
343 1460 500 1549 G.H.P.
754 1480 3023 1740 Ferdinand: In wan ist sie denn unglücklich
2037 1653 2472 1734 Mahrsche
369 1582 486 1743 1.
757 1674 2371 1900 verliebt? In Treuenhof am End?
343 1695 703 1894 Novell
751 1832 2276 2008 Tini: Aber — H hatt — war toch
381 1853 560 1996 Tù
340 1999 593 2148 de la
739 2005 2344 2145 Ferdinand: Seid Ihr doch alle.
357 2121 494 2282 er
748 2148 3006 2380 wini: Verliebt? Respekt haben wir,weil es
748 2279 2401 2475 uns respektiert. Aber verliebt
745 2460 3071 2654 Kollner: (tritt an den Tisch, devot und intim
736 2603 3134 2854 zugleich) Herr Neumann, ich hätt einjinteres
745 2788 2082 2982 santes Buch zu verkaufen.
1585 2898 1883 2994 visit.
742 2961 3041 3154 Tini: Er hat schon wieder was zu verkaufen
736 3122 1323 3283 so ein Jud.
739 3229 3110 3417 Ferdinand: (zum vollner) Lassen S' anschaun.
733 3378 3122 3592 Kollnor: (reicht ihm ein kleines Buch, das er
730 3563 2183 3738 hinter sich gehalten hatte)
