3496 4104
2885 307 3066 476 230
848 559 3021 701 Enttäuschungen, die man an sich selbst erlebt
854 686 1744 869 geht man zugrunde.
875 831 3077 984 Winkler: Und (so in der Art hast du zuletzt mit
837 1002 1839 1224 ihm oben gesprochen?
828 1153 2794 1301 Treuenhof: Janohl, ich hab ihn getröstet.
834 1327 3210 1528 Winkler: Getröstet? Wie hast du denn das gemacht?
810 1487 3128 1599 Kannst du dich nicht erinnern, was du ihm eigent-
807 1635 3098 1797 lich gesagt hast? Haft du ihm zugeredet,er soll
801 1786 3142 1936 sich nichts machen aus der ganzen Sache?
801 1907 2264 2117 Treuenhof: Selbstverständlich.
2158 2016 2569 2161 (zu Lisa
804 2111 3077 2264 Winkler: Und dass manche Frauen - entschuldige
780 2253 3092 2415 schon - nicht wert sind - - und dass er ein jun-
780 2383 3024 2599 ger Mensch ist,und bald drüber wegkommen wird)
272 2510 612 2664 M. L d.
775 2557 2980 2735 Treuenhof: Aber alles mögliche hab ich ihm ge-
760 2699 2918 2956 sagt. (Natürlich nicht lauter Schmeicheleien.)
748 2873 3039 3024 Es fällt einem viel Bitteres und Wahres ein bei
751 3024 1848 3172 solchen Gelegenheiten.
751 3166 2995 3326 Winkler: Daran zweifle ich nicht. So ein Genie
736 3311 2989 3435 bist nicht einmal du, dass dir in einem solchen
721 3412 3009 3595 Moment lauter falsche Sachen einfallen könnten.
