3531 4104
2924 345 3021 503 5
764 521 3009 682 Tini: Maustot auf der Wiese.. „fernen der
736 651 3166 857 Ferdinand: (nicht sehr scharf) Ich wünsche xxx
2330 782 3257 876 Mrs Jongh of his were ever
982 776 1963 882 dieser abgethane Sache
736 833 2885 957 von nicht sehr zu reden. Nebstbei ist es
739 930 1597 1057 Adrei Jahre her.
730 1073 3097 1248 Tini: Der Anastasius hat’s uns aber erst neu
721 1218 1406 1354 lich erzählt.
703 1339 2397 1515 Ferdinand: Also,lassen wir das.
676 1491 2988 1697 Tini: Wie hat er denn ausgeschaut? Hat - de
679 1648 2994 1845 Ferdinand: (etwas enerviert) Mit einer Kugel
676 1827 2779 1976 mitten durch die Stirn pflegt man nicht
688 1951 1963 2136 sehr blühend auszusehen.
961 2063 1133 2160 1:4
688 2100 2554 2276 Tini: So ein guter Schütz bist du?
651 2257 2866 2421 Ferdinand: (etwas irritiert) Ich habe über
651 2427 2854 2612 haupt nicht gezelt, nichts lag mir ferner
2306 2512 2918 2657 Mugh tlet p pct
651 2557 2269 2748 als ihn erschiessen zu wollen.
2548 2600 2833 2703 1/2 phe
2288 2642 2742 2769 ein Stück
630 2754 2782 2912 Tini: Möcht gern einmal bei so etwas zu
633 2891 1018 3045 schaun.
2124 2885 2960 3075 Uur jetzt - schli to
627 3051 2997 3206 Ferdinand: Also haßm nächsten Mal.- (rasch zu
2663 3148 2863 3251 Mar
624 3163 2782 3357 Albaine) (Was ist denn mit dir,Albine? Du
615 3297 2136 3518 bist heut so schweigsam, alhie
609 3475 2966 3633 Albine: (wie erwachend), ohne Affektation) Wie
600 3639 1221 3839 meinen Sie?
