3514 4216
2936 483 3108 605 179
908 591 3198 783 Lisa: Dass du ihm nichts sagst um Gotteswillen.
893 760 3157 917 Willi: Wär es nicht vielleicht das Beste -mein
890 914 2989 1080 Freund, mein einziger, jetzt wo ich wegfahre.
879 1059 2450 1248 Wäre es nicht auch gut für dich?
893 1245 3032 1470 Lisa: Was kommt dir denn nur in den Sinn?) Er
888 1408 2290 1571 ist der Freund meines Mannes.
882 1568 3061 1708 Willi: Doch auch meiner. Und gütig und weise
873 1723 3064 1857 Lisa: Aber Jack ist unberechenbar. Man weiss
858 1880 3015 2017 nie, wesen man sich von ihm zu versenen hat.
239 2017 602 2229 Jetzt –
826 1999 3169 2182 xyztäkkeväkoukset stattaa
259 2171 637 2313 Havit.
864 2191 2858 2363 Versprich mir, dass du mit Treuenhof nicht
271 2249 675 2407 with him
873 2340 2165 2494 sprichst über unsere Sache.
1371 2450 1665 2546 d' xbr
858 2456 2980 2642 Willi: Und versprich mir, dass du mir in spä-
850 2610 2450 2779 testens zehn Tagen folgen wirst.
844 2791 3099 2927 Lisa: Zehn Tage sind nicht genug,hast du mich
826 2925 3128 3088 nicht verstanden? Ich werde bei dir sein,sobald
829 3050 3143 3268 ich meine Freiheit habe. Das kann in zehn Tagen
821 3213 2555 3396 sein oder in areissig oder morgen.
824 3376 2858 3544 Willi: Du wirst mir schreiben - jeden Tag.
832 3539 2869 3725 Lisa: Ich werde dir schreiben - vielleicht
