3501 4232
2711 366 3027 622 197 a
773 669 3223 912 Menschneit zurückgegeben. Seit ich in dich hinein-
776 821 3276 1045 geblickt habe, fühle ich mich beträchtlich wohler in
770 1001 3301 1196 deiner Gesellschaft. Jetzt ist meiner Sympathie die
764 1162 3200 1351 Dosis Verachtung beigemischt, ohne die eine Freund-
770 1313 2863 1483 schaft, eine Gemeinschaft nicht möglich ist.
751 1483 3074 1711 Das Richtigste wäre du kämest mit mir zu Jack.
805 1654 3011 1837 "illi: Ich denke, es bleibt bei meiner Abreise.
764 1736 3292 1960 Treuenhof: Noch besser. Male was Schönes in Italien.
751 1928 3159 2118 Im übrigen weisst du,wer deine Bilder bei Artaria
751 2074 3106 2291 gekauft hat? Kein Mäzen. Dein Onkel. - Komm als
764 2282 1569 2459 ein Mann zurück.
1717 2323 1837 2418 ment
748 2405 3282 2604 Treuenhof sagt unter anderm: Woran geh ich zugrunde?
751 2585 3103 2803 Daran, dass ich nicht zur rechten Zeit krepiert
751 2778 960 2961 bin.
739 2860 3131 3080 Gott liebt die Leute,die es verstehen,ihr eigenes
748 3080 3080 3248 Leben zu leben und ihren eigenen Tod zu sterben.
