<?xml version="1.0" encoding="UTF-8" standalone="yes"?>
<PcGts xmlns="http://schema.primaresearch.org/PAGE/gts/pagecontent/2013-07-15" xmlns:xsi="http://www.w3.org/2001/XMLSchema-instance" xsi:schemaLocation="http://schema.primaresearch.org/PAGE/gts/pagecontent/2013-07-15 http://schema.primaresearch.org/PAGE/gts/pagecontent/2013-07-15/pagecontent.xsd">
    <Metadata>
        <Creator>prov=READ-COOP:name=TrHtr:version=2.1.0:model_id=51170:date=15_08_2023_00:57</Creator>
        <Created>2023-05-10T15:00:06.171+02:00</Created>
        <LastChange>2023-08-15T00:57:15.669+02:00</LastChange>
        <TranskribusMetadata docId="1428698" pageId="55429009" pageNr="135" tsid="132835536" status="IN_PROGRESS" userId="64420" imgUrl="https://files.transkribus.eu/Get?id=LXUWYBPOCJAESJJHIKSMYDFB&amp;fileType=view" xmlUrl="https://files.transkribus.eu/Get?id=VYKGVABKQEFYJBUFSZJKRTQE" imageId="44703082"/>
    </Metadata>
    <Page imageFilename="1428698_0135.jpg" imageWidth="3480" imageHeight="4152">
        <ReadingOrder>
            <OrderedGroup id="ro_1711807908918" caption="Regions reading order">
                <RegionRefIndexed index="0" regionRef="tr_1"/>
                <RegionRefIndexed index="1" regionRef="tr_2"/>
            </OrderedGroup>
        </ReadingOrder>
        <TextRegion id="tr_1" custom="readingOrder {index:0;}">
            <Coords points="656,412 3122,412 3122,2382 656,2382"/>
            <TextLine id="tr_1_tl_1" custom="readingOrder {index:0;}">
                <Coords points="2829,460 2848,460 2888,491 2931,473 2967,503 3004,506 3004,368 2949,384 2891,350 2829,347"/>
                <Baseline points="2847,462 2892,462 2937,462 2981,462 3011,462"/>
                <TextEquiv>
                    <Unicode>141</Unicode>
                </TextEquiv>
            </TextLine>
            <TextLine id="tr_1_tl_2" custom="readingOrder {index:1;}">
                <Coords points="675,706 2906,644 2909,519 678,629"/>
                <Baseline points="692,677 719,680 764,677 808,674 853,674 898,674 943,668 988,668 1032,665 1077,665 1122,665 1167,665 1211,665 1256,662 1301,662 1346,659 1390,656 1435,656 1480,656 1525,653 1570,653 1614,650 1659,650 1704,650 1749,650 1793,647 1838,647 1883,650 1928,647 1973,644 2017,644 2062,641 2107,638 2152,638 2196,635 2241,635 2286,632 2331,632 2375,629 2420,629 2465,629 2510,629 2555,626 2599,626 2644,623 2689,623 2734,626 2778,620 2823,623 2868,629 2913,632"/>
                <TextEquiv>
                    <Unicode>zu machen und die Heilige zur Dirne. Sehen Sie,</Unicode>
                </TextEquiv>
            </TextLine>
            <TextLine id="tr_1_tl_3" custom="readingOrder {index:2;}">
                <Coords points="1080,758 1096,758 1117,776 1154,767 1169,776 1185,764 1209,779 1224,767 1231,773 1261,767 1261,678 1246,678 1237,687 1224,678 1197,700 1185,687 1175,697 1148,669 1132,669 1114,681 1080,678"/>
                <Baseline points="1098,749 1143,749 1187,746 1232,746 1265,749"/>
                <TextEquiv>
                    <Unicode>brus</Unicode>
                </TextEquiv>
            </TextLine>
            <TextLine id="tr_1_tl_4" custom="readingOrder {index:3;}">
                <Coords points="666,884 3087,813 3118,703 669,730"/>
                <Baseline points="683,829 704,829 749,829 793,826 838,826 883,823 928,820 973,823 1017,820 1062,820 1107,817 1152,817 1196,817 1241,817 1286,814 1331,814 1376,811 1420,811 1465,808 1510,805 1555,805 1599,805 1644,802 1689,802 1734,799 1779,802 1823,799 1868,799 1913,799 1958,796 2002,796 2047,796 2092,793 2137,793 2181,793 2226,790 2271,790 2316,790 2361,788 2405,788 2450,788 2495,785 2540,782 2584,782 2629,782 2674,782 2719,779 2764,779 2808,776 2853,776 2898,776 2943,773 2987,770 3032,770 3077,767 3122,770"/>
                <TextEquiv>
                    <Unicode>solche Dirne machen mir eigentlich Spass. Das ist</Unicode>
                </TextEquiv>
            </TextLine>
            <TextLine id="tr_1_tl_5" custom="readingOrder {index:4;}">
                <Coords points="666,991 2802,939 2937,1013 2940,862 666,927"/>
                <Baseline points="683,982 704,985 749,985 793,985 838,982 883,979 928,979 973,979 1017,976 1062,976 1107,973 1152,976 1196,973 1241,973 1286,973 1331,970 1376,970 1420,967 1465,967 1510,964 1555,964 1599,961 1644,961 1689,961 1734,961 1779,958 1823,958 1868,955 1913,955 1958,955 2002,952 2047,952 2092,952 2137,949 2181,946 2226,946 2271,943 2316,943 2361,940 2405,940 2450,940 2495,940 2540,937 2584,937 2629,934 2674,934 2719,931 2764,934 2808,931 2853,928 2898,925 2943,925"/>
                <TextEquiv>
                    <Unicode>amisanter als ein Schauspiel von fünf Akten zu</Unicode>
                </TextEquiv>
            </TextLine>
            <TextLine id="tr_1_tl_6" custom="readingOrder {index:5;}">
                <Coords points="660,1188 715,1191 770,1157 829,1169 887,1145 982,1191 1037,1151 1154,1157 1157,1092 1065,1062 1031,1083 985,1071 930,1089 878,1065 663,1092"/>
                <Baseline points="677,1134 713,1134 758,1134 802,1134 847,1137 892,1134 937,1134 982,1131 1026,1131 1071,1131 1116,1131 1161,1131"/>
                <TextEquiv>
                    <Unicode>verfassen.</Unicode>
                </TextEquiv>
            </TextLine>
            <TextLine id="tr_1_tl_7" custom="readingOrder {index:6;}">
                <Coords points="657,1356 2823,1261 2851,1157 660,1224"/>
                <Baseline points="674,1286 707,1289 752,1289 796,1292 841,1292 886,1289 931,1289 976,1286 1020,1286 1065,1283 1110,1283 1155,1283 1199,1280 1244,1277 1289,1277 1334,1277 1379,1277 1423,1277 1468,1274 1513,1274 1558,1271 1602,1271 1647,1268 1692,1268 1737,1265 1781,1265 1826,1265 1871,1262 1916,1262 1961,1259 2005,1259 2050,1256 2095,1256 2140,1253 2184,1253 2229,1253 2274,1253 2319,1250 2364,1247 2408,1247 2453,1247 2498,1244 2543,1244 2587,1244 2632,1244 2677,1241 2722,1241 2767,1241 2811,1238 2856,1241"/>
                <TextEquiv>
                    <Unicode>Rapp: Besonders, wenn man das auch nicht kann.</Unicode>
                </TextEquiv>
            </TextLine>
            <TextLine id="tr_1_tl_8" custom="readingOrder {index:7;}">
                <Coords points="687,1452 2523,1399 3050,1470 3099,1313 2231,1341 2035,1261 1126,1396 690,1353"/>
                <Baseline points="704,1447 731,1444 776,1444 820,1441 865,1441 910,1441 955,1441 999,1441 1044,1438 1089,1438 1134,1435 1179,1435 1223,1432 1268,1432 1313,1432 1358,1429 1402,1426 1447,1426 1492,1423 1537,1423 1581,1420 1626,1420 1671,1420 1716,1420 1761,1420 1805,1420 1850,1417 1895,1417 1940,1417 1984,1414 2029,1414 2074,1414 2119,1411 2164,1411 2208,1411 2253,1408 2298,1405 2343,1402 2387,1402 2432,1399 2477,1399 2522,1399 2567,1402 2611,1402 2656,1399 2701,1399 2746,1399 2790,1396 2835,1393 2880,1390 2925,1390 2969,1384 3014,1384 3059,1384 3104,1379"/>
                <TextEquiv>
                    <Unicode>leissner: (beachtet ihn nicht xxx Leben, ja, darauf</Unicode>
                </TextEquiv>
            </TextLine>
            <TextLine id="tr_1_tl_9" custom="readingOrder {index:8;}">
                <Coords points="657,1608 2661,1593 3050,1550 3053,1455 660,1537"/>
                <Baseline points="674,1599 683,1602 728,1602 773,1599 817,1599 862,1599 907,1596 952,1593 996,1593 1041,1590 1086,1590 1131,1590 1176,1587 1220,1587 1265,1587 1310,1587 1355,1584 1399,1584 1444,1584 1489,1581 1534,1581 1579,1579 1623,1576 1668,1576 1713,1573 1758,1573 1802,1570 1847,1570 1892,1567 1937,1567 1981,1564 2026,1564 2071,1564 2116,1564 2161,1564 2205,1561 2250,1561 2295,1558 2340,1558 2384,1558 2429,1555 2474,1552 2519,1552 2564,1549 2608,1549 2653,1549 2698,1549 2743,1549 2787,1546 2832,1543 2877,1543 2922,1543 2966,1537 3011,1537 3056,1540"/>
                <TextEquiv>
                    <Unicode>kommt es an. Eigentlich möcht ich mich auch ganz</Unicode>
                </TextEquiv>
            </TextLine>
            <TextLine id="tr_1_tl_10" custom="readingOrder {index:9;}">
                <Coords points="657,1811 2986,1737 3087,1722 3090,1611 2725,1636 2538,1553 2237,1663 660,1672"/>
                <Baseline points="677,1758 722,1761 767,1758 811,1758 856,1755 901,1755 946,1752 990,1752 1035,1749 1080,1746 1125,1746 1170,1743 1214,1743 1259,1743 1304,1740 1349,1740 1393,1737 1438,1737 1483,1734 1528,1731 1573,1731 1617,1728 1662,1728 1707,1725 1752,1725 1796,1725 1841,1722 1886,1719 1931,1722 1976,1719 2020,1719 2065,1716 2110,1716 2155,1716 2199,1713 2244,1713 2289,1713 2334,1713 2378,1713 2423,1710 2468,1710 2513,1707 2558,1704 2602,1704 2647,1701 2692,1701 2737,1701 2781,1698 2826,1698 2871,1695 2916,1695 2961,1692 3005,1692 3050,1689 3095,1689"/>
                <TextEquiv>
                    <Unicode>gern zum Abgeordneten wählen lassen und mich einer</Unicode>
                </TextEquiv>
            </TextLine>
            <TextLine id="tr_1_tl_11" custom="readingOrder {index:10;}">
                <Coords points="654,1924 2704,1890 2909,1854 2912,1765 657,1817"/>
                <Baseline points="674,1898 719,1901 764,1901 808,1904 853,1901 898,1904 943,1901 988,1901 1032,1901 1077,1901 1122,1898 1167,1898 1211,1898 1256,1895 1301,1892 1346,1889 1390,1889 1435,1889 1480,1886 1525,1886 1570,1883 1614,1883 1659,1880 1704,1880 1749,1880 1793,1877 1838,1877 1883,1874 1928,1874 1973,1874 2017,1874 2062,1871 2107,1868 2152,1868 2196,1868 2241,1865 2286,1865 2331,1865 2375,1862 2420,1862 2465,1862 2510,1859 2555,1859 2599,1856 2644,1856 2689,1853 2734,1853 2778,1850 2823,1850 2868,1847 2913,1850"/>
                <TextEquiv>
                    <Unicode>Entdeckungsreise anschliessen und ich halte es</Unicode>
                </TextEquiv>
            </TextLine>
            <TextLine id="tr_1_tl_12" custom="readingOrder {index:11;}">
                <Coords points="654,2062 2921,2041 3038,1930 657,1976"/>
                <Baseline points="671,2062 716,2062 761,2062 805,2059 850,2059 895,2059 940,2059 985,2059 1029,2059 1074,2056 1119,2056 1164,2053 1208,2050 1253,2047 1298,2047 1343,2044 1387,2041 1432,2041 1477,2041 1522,2041 1567,2038 1611,2038 1656,2038 1701,2038 1746,2038 1790,2035 1835,2035 1880,2032 1925,2029 1970,2029 2014,2029 2059,2026 2104,2026 2149,2023 2193,2023 2238,2023 2283,2020 2328,2020 2372,2017 2417,2017 2462,2014 2507,2014 2552,2011 2596,2011 2641,2011 2686,2008 2731,2008 2775,2005 2820,2002 2865,2002 2910,2002 2955,1999 2999,1996 3044,1999"/>
                <TextEquiv>
                    <Unicode>durchaus nicht für unmöglich, dass ich einmal ende</Unicode>
                </TextEquiv>
            </TextLine>
            <TextLine id="tr_1_tl_13" custom="readingOrder {index:12;}">
                <Coords points="651,2240 2974,2179 3112,2163 3115,2081 654,2163"/>
                <Baseline points="668,2217 701,2217 746,2214 790,2214 835,2214 880,2211 925,2211 970,2208 1014,2208 1059,2208 1104,2208 1149,2205 1193,2205 1238,2205 1283,2202 1328,2202 1373,2199 1417,2199 1462,2196 1507,2193 1552,2193 1596,2193 1641,2193 1686,2190 1731,2187 1776,2187 1820,2187 1865,2184 1910,2184 1955,2184 1999,2184 2044,2181 2089,2178 2134,2178 2178,2178 2223,2175 2268,2175 2313,2175 2358,2175 2402,2173 2447,2173 2492,2170 2537,2167 2581,2164 2626,2164 2671,2164 2716,2164 2761,2161 2805,2161 2850,2161 2895,2158 2940,2158 2984,2158 3029,2155 3074,2158 3119,2158"/>
                <TextEquiv>
                    <Unicode>wie Sie, Herr Hofrat, -in der Wildnis, als Einsiedler.</Unicode>
                </TextEquiv>
            </TextLine>
            <TextLine id="tr_1_tl_14" custom="readingOrder {index:13;}">
                <Coords points="638,2406 2903,2332 2952,2237 641,2305"/>
                <Baseline points="656,2372 674,2372 719,2372 764,2370 808,2370 853,2367 898,2367 943,2367 988,2364 1032,2364 1077,2364 1122,2361 1167,2361 1211,2361 1256,2355 1301,2355 1346,2355 1390,2352 1435,2352 1480,2352 1525,2349 1570,2349 1614,2349 1659,2346 1704,2343 1749,2340 1793,2340 1838,2340 1883,2340 1928,2340 1973,2337 2017,2337 2062,2334 2107,2334 2152,2334 2196,2331 2241,2331 2286,2328 2331,2328 2375,2328 2420,2325 2465,2325 2510,2325 2555,2325 2599,2325 2644,2322 2689,2319 2734,2319 2778,2316 2823,2313 2868,2310 2913,2310 2958,2310"/>
                <TextEquiv>
                    <Unicode>(er ist aufgestanden und begibt sich nun in den</Unicode>
                </TextEquiv>
            </TextLine>
        </TextRegion>
        <TextRegion id="tr_2" custom="readingOrder {index:1;}">
            <Coords points="644,2466 3116,2466 3116,3624 644,3624"/>
            <TextLine id="tr_2_tl_1" custom="readingOrder {index:0;}">
                <Coords points="648,2550 1344,2532 1344,2449 1298,2430 1163,2470 1139,2449 1050,2470 973,2449 862,2480 795,2455 648,2461"/>
                <Baseline points="665,2531 680,2528 725,2528 770,2525 814,2525 859,2525 904,2522 949,2522 993,2519 1038,2519 1083,2519 1128,2519 1173,2516 1217,2516 1262,2516 1307,2516 1352,2519"/>
                <TextEquiv>
                    <Unicode>nächsten Saal)</Unicode>
                </TextEquiv>
            </TextLine>
            <TextLine id="tr_2_tl_2" custom="readingOrder {index:1;}">
                <Coords points="644,2694 1473,2682 1473,2624 1399,2593 1228,2612 1132,2590 1086,2621 1016,2593 982,2621 783,2636 648,2615"/>
                <Baseline points="662,2683 671,2683 716,2683 761,2686 805,2686 850,2686 895,2683 940,2680 985,2677 1029,2677 1074,2674 1119,2671 1164,2671 1208,2668 1253,2668 1298,2665 1343,2662 1387,2665 1432,2668 1477,2668"/>
                <TextEquiv>
                    <Unicode>Rapp und Winkler.</Unicode>
                </TextEquiv>
            </TextLine>
            <TextLine id="tr_2_tl_3" custom="readingOrder {index:2;}">
                <Coords points="648,2866 2507,2845 3078,2793 3081,2710 2001,2734 1850,2651 1596,2759 654,2750"/>
                <Baseline points="668,2841 671,2838 716,2838 761,2841 805,2841 850,2841 895,2838 940,2835 985,2835 1029,2832 1074,2829 1119,2829 1164,2826 1208,2823 1253,2823 1298,2820 1343,2820 1387,2817 1432,2814 1477,2814 1522,2814 1567,2811 1611,2811 1656,2811 1701,2808 1746,2808 1790,2808 1835,2805 1880,2805 1925,2802 1970,2802 2014,2799 2059,2799 2104,2799 2149,2796 2193,2793 2238,2793 2283,2793 2328,2790 2372,2790 2417,2790 2462,2787 2507,2787 2552,2787 2596,2784 2641,2784 2686,2784 2731,2784 2775,2781 2820,2781 2865,2778 2910,2775 2955,2772 2999,2769 3044,2769 3089,2769"/>
                <TextEquiv>
                    <Unicode>Rapp: Auch das Bewusstsein seiner Unzulänglichkeit</Unicode>
                </TextEquiv>
            </TextLine>
            <TextLine id="tr_2_tl_4" custom="readingOrder {index:3;}">
                <Coords points="641,3041 2863,2971 3109,2894 2443,2888 2271,2805 2001,2912 644,2931"/>
                <Baseline points="662,2990 698,2993 743,2993 788,2993 832,2993 877,2993 922,2993 967,2990 1011,2984 1056,2984 1101,2981 1146,2981 1190,2981 1235,2981 1280,2978 1325,2975 1370,2972 1414,2972 1459,2969 1504,2969 1549,2969 1593,2969 1638,2966 1683,2966 1728,2964 1773,2964 1817,2961 1862,2961 1907,2961 1952,2958 1996,2958 2041,2955 2086,2955 2131,2955 2175,2952 2220,2952 2265,2952 2310,2949 2355,2949 2399,2946 2444,2946 2489,2940 2534,2943 2578,2943 2623,2940 2668,2940 2713,2940 2758,2940 2802,2937 2847,2937 2892,2934 2937,2931 2981,2928 3026,2928 3071,2925 3116,2919"/>
                <TextEquiv>
                    <Unicode>schlägt er um die Schultern, wie einen xxx Purpurman-</Unicode>
                </TextEquiv>
            </TextLine>
            <TextLine id="tr_2_tl_5" custom="readingOrder {index:4;}">
                <Coords points="626,3170 3090,3103 3041,3010 2440,3063 2194,2949 1814,3069 629,3063"/>
                <Baseline points="644,3146 680,3149 725,3149 770,3149 814,3149 859,3149 904,3146 949,3146 993,3143 1038,3143 1083,3140 1128,3140 1173,3137 1217,3137 1262,3134 1307,3134 1352,3134 1396,3131 1441,3131 1486,3128 1531,3125 1576,3125 1620,3122 1665,3122 1710,3122 1755,3119 1799,3119 1844,3116 1889,3116 1934,3116 1978,3116 2023,3116 2068,3116 2113,3116 2158,3116 2202,3113 2247,3110 2292,3110 2337,3107 2381,3104 2426,3101 2471,3101 2516,3098 2561,3098 2605,3098 2650,3095 2695,3092 2740,3092 2784,3092 2829,3092 2874,3089 2919,3086 2964,3086 3008,3083 3053,3083 3098,3083"/>
                <TextEquiv>
                    <Unicode>tel aus der Maskenleihanstalt. Morgen wird er mich</Unicode>
                </TextEquiv>
            </TextLine>
            <TextLine id="tr_2_tl_6" custom="readingOrder {index:5;}">
                <Coords points="638,3317 967,3369 2476,3277 2836,3339 2937,3320 2940,3167 638,3234"/>
                <Baseline points="656,3304 662,3304 707,3304 752,3304 796,3301 841,3304 886,3304 931,3301 976,3298 1020,3298 1065,3295 1110,3295 1155,3292 1199,3289 1244,3289 1289,3289 1334,3286 1379,3286 1423,3283 1468,3280 1513,3283 1558,3283 1602,3280 1647,3280 1692,3277 1737,3274 1781,3274 1826,3274 1871,3271 1916,3271 1961,3271 2005,3268 2050,3268 2095,3265 2140,3265 2184,3265 2229,3262 2274,3262 2319,3259 2364,3256 2408,3256 2453,3256 2498,3256 2543,3253 2587,3253 2632,3250 2677,3250 2722,3250 2767,3247 2811,3247 2856,3244 2901,3244 2946,3241"/>
                <TextEquiv>
                    <Unicode>übrigens nicht mehr grüssen. Endlich einmal zum</Unicode>
                </TextEquiv>
            </TextLine>
            <TextLine id="tr_2_tl_7" custom="readingOrder {index:6;}">
                <Coords points="635,3508 2811,3449 2894,3351 638,3373"/>
                <Baseline points="656,3459 659,3459 704,3456 749,3456 793,3456 838,3456 883,3456 928,3453 973,3453 1017,3450 1062,3450 1107,3447 1152,3447 1196,3447 1241,3444 1286,3444 1331,3441 1376,3441 1420,3438 1465,3438 1510,3435 1555,3438 1599,3435 1644,3432 1689,3432 1734,3432 1779,3432 1823,3429 1868,3429 1913,3426 1958,3426 2002,3426 2047,3426 2092,3426 2137,3423 2181,3420 2226,3420 2271,3420 2316,3417 2361,3414 2405,3411 2450,3411 2495,3411 2540,3408 2584,3405 2629,3405 2674,3405 2719,3405 2764,3402 2808,3402 2853,3399 2898,3399"/>
                <TextEquiv>
                    <Unicode>Abschied habe ich alles gesagt, was ich auf dem</Unicode>
                </TextEquiv>
            </TextLine>
            <TextLine id="tr_2_tl_8" custom="readingOrder {index:7;}">
                <Coords points="635,3618 2928,3597 2928,3498 2799,3477 1264,3563 638,3498"/>
                <Baseline points="653,3614 695,3611 740,3611 785,3611 829,3611 874,3611 919,3608 964,3608 1008,3605 1053,3605 1098,3605 1143,3602 1187,3602 1232,3602 1277,3602 1322,3599 1367,3599 1411,3596 1456,3593 1501,3593 1546,3590 1590,3590 1635,3587 1680,3587 1725,3584 1770,3584 1814,3584 1859,3581 1904,3581 1949,3578 1993,3578 2038,3575 2083,3575 2128,3572 2173,3572 2217,3575 2262,3575 2307,3575 2352,3569 2396,3569 2441,3566 2486,3563 2531,3563 2575,3563 2620,3563 2665,3563 2710,3560 2755,3560 2799,3558 2844,3555 2889,3555 2934,3555"/>
                <TextEquiv>
                    <Unicode>Herzen hatte gegen ihn und seinesgleichen. Aber</Unicode>
                </TextEquiv>
            </TextLine>
        </TextRegion>
    </Page>
</PcGts>
