<?xml version="1.0" encoding="UTF-8" standalone="yes"?>
<PcGts xmlns="http://schema.primaresearch.org/PAGE/gts/pagecontent/2013-07-15" xmlns:xsi="http://www.w3.org/2001/XMLSchema-instance" xsi:schemaLocation="http://schema.primaresearch.org/PAGE/gts/pagecontent/2013-07-15 http://schema.primaresearch.org/PAGE/gts/pagecontent/2013-07-15/pagecontent.xsd">
    <Metadata>
        <Creator>prov=READ-COOP:name=TrHtr:version=2.1.0:model_id=51170:date=15_08_2023_00:56</Creator>
        <Created>2023-05-10T14:59:56.654+02:00</Created>
        <LastChange>2023-08-15T00:56:58.435+02:00</LastChange>
        <TranskribusMetadata docId="1428698" pageId="55428634" pageNr="79" tsid="132835480" status="IN_PROGRESS" userId="64420" imgUrl="https://files.transkribus.eu/Get?id=YTRKYIOTQNDZOKASFVBFCFTR&amp;fileType=view" xmlUrl="https://files.transkribus.eu/Get?id=YVXBSKWVXEDISCSUNYAMQDCM" imageId="44702707"/>
    </Metadata>
    <Page imageFilename="1428698_0079.jpg" imageWidth="3207" imageHeight="4136">
        <ReadingOrder>
            <OrderedGroup id="ro_1711807810803" caption="Regions reading order">
                <RegionRefIndexed index="0" regionRef="tr_2"/>
                <RegionRefIndexed index="1" regionRef="tr_1"/>
            </OrderedGroup>
        </ReadingOrder>
        <TextRegion id="tr_2" custom="readingOrder {index:0;}">
            <Coords points="208,376 2599,376 2599,1540 208,1540"/>
            <TextLine id="tr_2_tl_1" custom="readingOrder {index:0;}">
                <Coords points="2259,484 2279,487 2288,478 2294,484 2315,478 2338,492 2350,484 2397,484 2400,310 2374,313 2344,298 2309,298 2285,313 2262,307"/>
                <Baseline points="2276,429 2315,426 2360,426 2405,426"/>
                <TextEquiv>
                    <Unicode>86</Unicode>
                </TextEquiv>
            </TextLine>
            <TextLine id="tr_2_tl_2" custom="readingOrder {index:1;}">
                <Coords points="224,658 1899,596 2132,672 2589,616 2592,510 1987,445 1884,528 227,531"/>
                <Baseline points="241,632 271,632 316,629 361,629 405,629 450,626 495,629 540,629 584,626 629,629 674,623 719,623 763,623 808,620 853,620 898,617 942,617 987,617 1032,617 1077,617 1122,614 1166,611 1211,611 1256,611 1301,611 1345,611 1390,611 1435,608 1480,608 1524,608 1569,605 1614,602 1659,602 1703,599 1748,599 1793,599 1838,596 1882,593 1927,593 1972,593 2017,590 2062,590 2106,590 2151,587 2196,587 2241,587 2285,584 2330,584 2375,581 2420,581 2464,584 2509,587 2554,587 2599,590"/>
                <TextEquiv>
                    <Unicode>Berta: Mit meinem ist er in drei Taon fertig</Unicode>
                </TextEquiv>
            </TextLine>
            <TextLine id="tr_2_tl_3" custom="readingOrder {index:2;}">
                <Coords points="227,820 372,814 442,790 466,811 495,790 528,817 572,802 622,832 675,834 678,705 631,702 578,725 540,699 484,693 407,728 354,702 230,728"/>
                <Baseline points="247,790 283,784 328,778 373,778 417,775 462,775 507,772 552,775 596,775 641,775 686,778"/>
                <TextEquiv>
                    <Unicode>gewesen.</Unicode>
                </TextEquiv>
            </TextLine>
            <TextLine id="tr_2_tl_4" custom="readingOrder {index:3;}">
                <Coords points="1613,823 1654,817 1672,837 1716,820 1743,837 1775,826 1799,840 1881,808 1940,811 1952,826 1996,808 1999,755 1899,773 1825,764 1808,749 1772,770 1725,749 1619,734"/>
                <Baseline points="1629,814 1647,817 1692,820 1736,814 1781,814 1826,811 1871,808 1915,802 1960,799 2005,796"/>
                <TextEquiv>
                    <Unicode>Vor wenige</Unicode>
                </TextEquiv>
            </TextLine>
            <TextLine id="tr_2_tl_5" custom="readingOrder {index:4;}">
                <Coords points="215,920 1395,905 1634,976 1796,891 2203,896 2203,823 215,843"/>
                <Baseline points="232,916 241,916 286,913 331,910 376,910 420,910 465,910 510,907 555,910 599,910 644,907 689,907 734,904 778,904 823,901 868,901 913,901 957,901 1002,901 1047,898 1092,901 1136,898 1181,898 1226,895 1271,895 1316,892 1360,892 1405,889 1450,889 1495,889 1539,883 1584,883 1629,883 1674,886 1718,883 1763,883 1808,883 1853,883 1897,883 1942,880 1987,880 2032,877 2076,877 2121,874 2166,874 2211,871"/>
                <TextEquiv>
                    <Unicode>Mutter: Daswar doch mehr eine Skizze.</Unicode>
                </TextEquiv>
            </TextLine>
            <TextLine id="tr_2_tl_6" custom="readingOrder {index:5;}">
                <Coords points="1675,973 1696,970 1728,991 1769,976 1816,1011 1843,982 1890,985 1911,964 1931,982 2055,976 2055,947 2020,932 2011,941 1990,923 1952,923 1920,941 1861,902 1840,911 1796,891 1760,923 1710,920 1675,938"/>
                <Baseline points="1692,963 1736,960 1781,960 1826,957 1871,963 1915,966 1960,966 2005,969 2050,969 2062,966"/>
                <TextEquiv>
                    <Unicode>-1-t de</Unicode>
                </TextEquiv>
            </TextLine>
            <TextLine id="tr_2_tl_7" custom="readingOrder {index:6;}">
                <Coords points="628,988 649,982 699,1000 737,997 764,979 793,1003 814,991 840,997 873,976 938,997 938,941 888,944 879,935 817,955 752,932 734,947 702,923 628,911"/>
                <Baseline points="644,975 677,978 722,975 766,975 811,975 856,975 901,972 945,972"/>
                <TextEquiv>
                    <Unicode>Winty</Unicode>
                </TextEquiv>
            </TextLine>
            <TextLine id="tr_2_tl_8" custom="readingOrder {index:7;}">
                <Coords points="206,1106 2433,1085 2495,917 2200,893 1816,1011 209,970"/>
                <Baseline points="223,1065 259,1065 304,1065 349,1065 393,1065 438,1062 483,1065 528,1062 572,1065 617,1065 662,1062 707,1059 752,1062 796,1059 841,1059 886,1056 931,1056 975,1056 1020,1056 1065,1053 1110,1053 1154,1050 1199,1050 1244,1047 1289,1047 1333,1047 1378,1044 1423,1044 1468,1041 1512,1041 1557,1041 1602,1041 1647,1041 1692,1038 1736,1038 1781,1038 1826,1035 1871,1035 1915,1035 1960,1035 2005,1035 2050,1035 2094,1032 2139,1029 2184,1029 2229,1029 2273,1026 2318,1026 2363,1023 2408,1023 2452,1020 2497,1014"/>
                <TextEquiv>
                    <Unicode>Berta: Wenn er nur wenigstens was ordentli</Unicode>
                </TextEquiv>
            </TextLine>
            <TextLine id="tr_2_tl_9" custom="readingOrder {index:8;}">
                <Coords points="2014,1218 2097,1206 2170,1244 2241,1206 2259,1221 2279,1209 2300,1221 2321,1215 2327,1103 2297,1097 2244,1126 2215,1115 2158,1123 2079,1070 2067,1082 2020,1073"/>
                <Baseline points="2032,1169 2059,1169 2103,1166 2148,1163 2193,1163 2238,1160 2282,1160 2327,1160"/>
                <TextEquiv>
                    <Unicode>Mr nil</Unicode>
                </TextEquiv>
            </TextLine>
            <TextLine id="tr_2_tl_10" custom="readingOrder {index:9;}">
                <Coords points="206,1230 832,1265 1203,1209 1589,1259 1592,1138 899,1100 799,1153 209,1171"/>
                <Baseline points="223,1229 256,1226 301,1223 346,1220 390,1217 435,1217 480,1217 525,1217 569,1217 614,1214 659,1214 704,1214 749,1214 793,1211 838,1211 883,1211 928,1211 972,1211 1017,1208 1062,1208 1107,1208 1151,1208 1196,1208 1241,1205 1286,1205 1330,1205 1375,1205 1420,1202 1465,1205 1509,1202 1554,1202 1599,1199"/>
                <TextEquiv>
                    <Unicode>ches dafür gezahlt kriegt.</Unicode>
                </TextEquiv>
            </TextLine>
            <TextLine id="tr_2_tl_11" custom="readingOrder {index:10;}">
                <Coords points="1672,1259 1710,1277 1734,1268 1834,1283 1846,1268 1872,1277 1914,1265 1949,1289 1964,1277 1996,1283 1993,1221 1931,1238 1911,1224 1884,1241 1852,1209 1828,1212 1755,1156 1734,1150 1698,1171 1669,1162"/>
                <Baseline points="1689,1259 1733,1256 1778,1256 1823,1259 1868,1262 1912,1265 1957,1268 2002,1268 2005,1268"/>
                <TextEquiv>
                    <Unicode>unto it</Unicode>
                </TextEquiv>
            </TextLine>
            <TextLine id="tr_2_tl_12" custom="readingOrder {index:11;}">
                <Coords points="206,1398 2235,1412 2503,1359 2506,1283 1106,1292 896,1221 566,1333 209,1227"/>
                <Baseline points="223,1381 229,1378 274,1375 319,1375 364,1375 408,1375 453,1372 498,1372 543,1372 587,1372 632,1372 677,1372 722,1372 766,1369 811,1366 856,1366 901,1366 945,1363 990,1363 1035,1363 1080,1360 1125,1360 1169,1360 1214,1360 1259,1357 1304,1357 1348,1357 1393,1357 1438,1357 1483,1354 1527,1354 1572,1351 1617,1351 1662,1351 1706,1348 1751,1345 1796,1345 1841,1345 1885,1345 1930,1342 1975,1342 2020,1342 2065,1342 2109,1342 2154,1342 2199,1339 2244,1339 2288,1336 2333,1339 2378,1339 2423,1339 2467,1342 2512,1345"/>
                <TextEquiv>
                    <Unicode>Mutter: No das ist doch selbstverständlich.</Unicode>
                </TextEquiv>
            </TextLine>
            <TextLine id="tr_2_tl_13" custom="readingOrder {index:12;}">
                <Coords points="192,1572 1878,1533 1979,1513 1982,1451 1755,1398 1380,1457 1038,1407 195,1445"/>
                <Baseline points="208,1530 241,1530 286,1530 331,1530 376,1527 420,1527 465,1527 510,1527 555,1524 599,1524 644,1524 689,1524 734,1524 778,1521 823,1524 868,1521 913,1521 957,1518 1002,1518 1047,1518 1092,1515 1136,1515 1181,1515 1226,1515 1271,1515 1316,1512 1360,1512 1405,1515 1450,1512 1495,1512 1539,1509 1584,1509 1629,1506 1674,1504 1718,1504 1763,1501 1808,1501 1853,1501 1897,1504 1942,1504 1987,1509"/>
                <TextEquiv>
                    <Unicode>Es wird doch was ausgemacht sein.</Unicode>
                </TextEquiv>
            </TextLine>
        </TextRegion>
        <TextRegion id="tr_1" custom="readingOrder {index:1;}">
            <Coords points="167,1606 2536,1606 2536,3558 167,3558"/>
            <TextLine id="tr_1_tl_1" custom="readingOrder {index:0;}">
                <Coords points="203,1707 1701,1707 1808,1687 1811,1589 206,1613"/>
                <Baseline points="220,1694 247,1689 292,1689 337,1689 381,1686 426,1686 471,1683 516,1683 561,1683 605,1680 650,1680 695,1680 740,1680 784,1680 829,1677 874,1677 919,1677 963,1677 1008,1674 1053,1674 1098,1674 1142,1674 1187,1671 1232,1671 1277,1668 1321,1668 1366,1668 1411,1665 1456,1665 1501,1662 1545,1662 1590,1662 1635,1662 1680,1659 1724,1659 1769,1659 1814,1656"/>
                <TextEquiv>
                    <Unicode>Berta: Willi macht nichts aus.</Unicode>
                </TextEquiv>
            </TextLine>
            <TextLine id="tr_1_tl_2" custom="readingOrder {index:1;}">
                <Coords points="186,1861 734,1920 1094,1834 2330,1855 2362,1713 189,1775"/>
                <Baseline points="202,1844 220,1844 265,1841 310,1841 355,1841 399,1841 444,1841 489,1838 534,1838 578,1838 623,1835 668,1835 713,1835 757,1835 802,1832 847,1832 892,1832 937,1829 981,1829 1026,1829 1071,1829 1116,1826 1160,1826 1205,1826 1250,1823 1295,1823 1339,1823 1384,1823 1429,1820 1474,1820 1518,1820 1563,1817 1608,1817 1653,1817 1697,1814 1742,1814 1787,1814 1832,1811 1877,1808 1921,1808 1966,1811 2011,1808 2056,1808 2100,1805 2145,1805 2190,1805 2235,1802 2279,1802 2324,1799 2369,1796"/>
                <TextEquiv>
                    <Unicode>Mutter: Uebrigens werden auch seine zwei</Unicode>
                </TextEquiv>
            </TextLine>
            <TextLine id="tr_1_tl_3" custom="readingOrder {index:2;}">
                <Coords points="195,2023 2359,1990 2506,1973 2509,1893 198,1923"/>
                <Baseline points="211,1999 235,1999 280,1996 325,1993 370,1996 414,1993 459,1993 504,1993 549,1993 593,1993 638,1990 683,1990 728,1990 772,1987 817,1987 862,1987 907,1987 951,1987 996,1984 1041,1987 1086,1981 1130,1981 1175,1981 1220,1981 1265,1978 1310,1978 1354,1978 1399,1975 1444,1975 1489,1975 1533,1975 1578,1972 1623,1972 1668,1972 1712,1969 1757,1969 1802,1969 1847,1966 1891,1966 1936,1966 1981,1963 2026,1963 2070,1966 2115,1966 2160,1966 2205,1963 2250,1960 2294,1957 2339,1957 2384,1954 2429,1954 2473,1954 2518,1954"/>
                <TextEquiv>
                    <Unicode>römischen Aquarelle verkauft werden. Es hat</Unicode>
                </TextEquiv>
            </TextLine>
            <TextLine id="tr_1_tl_4" custom="readingOrder {index:3;}">
                <Coords points="192,2182 1206,2241 1637,2150 2530,2164 2530,2046 2445,2020 790,2102 195,2043"/>
                <Baseline points="211,2148 253,2148 298,2151 343,2151 387,2148 432,2148 477,2148 522,2145 566,2148 611,2145 656,2145 701,2145 746,2145 790,2145 835,2142 880,2142 925,2142 969,2142 1014,2139 1059,2139 1104,2139 1148,2139 1193,2136 1238,2136 1283,2136 1327,2136 1372,2136 1417,2136 1462,2133 1506,2130 1551,2127 1596,2127 1641,2127 1686,2127 1730,2127 1775,2130 1820,2124 1865,2124 1909,2121 1954,2121 1999,2121 2044,2121 2088,2118 2133,2118 2178,2115 2223,2115 2267,2112 2312,2112 2357,2112 2402,2109 2446,2112 2491,2112 2536,2115"/>
                <TextEquiv>
                    <Unicode>soch schon war beim Artaria um den Preis er</Unicode>
                </TextEquiv>
            </TextLine>
            <TextLine id="tr_1_tl_5" custom="readingOrder {index:4;}">
                <Coords points="192,2335 280,2347 301,2335 357,2353 422,2324 478,2324 507,2350 537,2324 584,2332 610,2324 610,2215 439,2229 413,2217 369,2235 336,2212 283,2238 230,2212 192,2220"/>
                <Baseline points="208,2306 253,2306 298,2306 343,2306 387,2306 432,2306 477,2309 522,2312 566,2309 611,2309 617,2306"/>
                <TextEquiv>
                    <Unicode>kundigt.</Unicode>
                </TextEquiv>
            </TextLine>
            <TextLine id="tr_1_tl_6" custom="readingOrder {index:5;}">
                <Coords points="578,2371 593,2371 602,2359 610,2368 640,2365 672,2388 714,2388 722,2377 746,2374 746,2321 699,2324 690,2332 646,2291 607,2318 578,2324"/>
                <Baseline points="593,2360 638,2360 683,2366 728,2363 754,2363"/>
                <TextEquiv>
                    <Unicode>Nen</Unicode>
                </TextEquiv>
            </TextLine>
            <TextLine id="tr_1_tl_7" custom="readingOrder {index:6;}">
                <Coords points="171,2539 1123,2450 2282,2471 2388,2450 2391,2330 767,2400 495,2344 171,2412"/>
                <Baseline points="188,2458 205,2458 250,2461 295,2461 340,2461 384,2461 429,2455 474,2455 519,2455 564,2455 608,2455 653,2455 698,2455 743,2455 787,2452 832,2452 877,2449 922,2452 966,2452 1011,2452 1056,2452 1101,2449 1145,2449 1190,2449 1235,2449 1280,2446 1324,2446 1369,2444 1414,2444 1459,2441 1504,2441 1548,2438 1593,2438 1638,2438 1683,2435 1727,2435 1772,2432 1817,2429 1862,2432 1906,2429 1951,2429 1996,2426 2041,2426 2085,2426 2130,2426 2175,2426 2220,2426 2264,2423 2309,2423 2354,2423 2399,2420"/>
                <TextEquiv>
                    <Unicode>porta: Wir wollen hoffen, dass römische</Unicode>
                </TextEquiv>
            </TextLine>
            <TextLine id="tr_1_tl_8" custom="readingOrder {index:7;}">
                <Coords points="852,2542 876,2542 917,2571 952,2536 994,2536 1006,2548 1020,2542 1029,2551 1076,2554 1076,2486 1050,2495 1041,2486 1032,2495 1006,2483 991,2492 920,2465 876,2486 852,2483"/>
                <Baseline points="868,2527 913,2533 957,2533 1002,2533 1047,2536 1083,2533"/>
                <TextEquiv>
                    <Unicode>dam</Unicode>
                </TextEquiv>
            </TextLine>
            <TextLine id="tr_1_tl_9" custom="readingOrder {index:8;}">
                <Coords points="183,2639 551,2707 719,2621 2350,2642 2294,2465 186,2557"/>
                <Baseline points="202,2614 208,2614 253,2614 298,2614 343,2614 387,2611 432,2611 477,2611 522,2611 566,2611 611,2611 656,2608 701,2608 746,2608 790,2608 835,2608 880,2608 925,2608 969,2605 1014,2605 1059,2605 1104,2602 1148,2602 1193,2602 1238,2602 1283,2602 1327,2599 1372,2599 1417,2599 1462,2599 1506,2596 1551,2596 1596,2596 1641,2593 1686,2593 1730,2593 1775,2593 1820,2590 1865,2587 1909,2587 1954,2587 1999,2587 2044,2584 2088,2584 2133,2581 2178,2581 2223,2578 2267,2578 2312,2578 2357,2581"/>
                <TextEquiv>
                    <Unicode>peise (mit dem Ertrag) hereingebracht sein</Unicode>
                </TextEquiv>
            </TextLine>
            <TextLine id="tr_1_tl_10" custom="readingOrder {index:9;}">
                <Coords points="171,2781 271,2816 295,2807 321,2822 330,2816 342,2828 380,2807 439,2816 439,2695 401,2680 321,2689 286,2677 242,2701 221,2686 168,2677"/>
                <Baseline points="188,2772 232,2769 277,2769 322,2769 367,2769 411,2772 447,2772"/>
                <TextEquiv>
                    <Unicode>wird.</Unicode>
                </TextEquiv>
            </TextLine>
            <TextLine id="tr_1_tl_11" custom="readingOrder {index:10;}">
                <Coords points="186,2993 817,2999 870,2955 1185,2925 1188,2834 882,2825 849,2854 737,2822 543,2872 360,2816 189,2843"/>
                <Baseline points="202,2927 208,2924 253,2927 298,2927 343,2927 387,2927 432,2924 477,2924 522,2924 566,2921 611,2921 656,2921 701,2921 746,2918 790,2915 835,2915 880,2915 925,2912 969,2912 1014,2912 1059,2912 1104,2912 1148,2912 1193,2915"/>
                <TextEquiv>
                    <Unicode>Mutter: Aber Berta.</Unicode>
                </TextEquiv>
            </TextLine>
            <TextLine id="tr_1_tl_12" custom="readingOrder {index:11;}">
                <Coords points="171,3137 2480,3052 2480,2961 2032,2922 1802,2999 1324,2925 1147,3005 174,2981"/>
                <Baseline points="188,3085 205,3085 250,3088 295,3082 340,3079 384,3079 429,3079 474,3079 519,3076 564,3076 608,3076 653,3073 698,3073 743,3070 787,3070 832,3067 877,3070 922,3070 966,3067 1011,3067 1056,3067 1101,3067 1145,3070 1190,3070 1235,3070 1280,3067 1324,3067 1369,3064 1414,3064 1459,3064 1504,3061 1548,3058 1593,3055 1638,3055 1683,3052 1727,3052 1772,3052 1817,3052 1862,3049 1906,3052 1951,3049 1996,3046 2041,3046 2085,3046 2130,3046 2175,3046 2220,3046 2264,3043 2309,3040 2354,3040 2399,3040 2444,3040 2488,3040"/>
                <TextEquiv>
                    <Unicode>Berta: (etwas beschämt), näher zur Mutter, den</Unicode>
                </TextEquiv>
            </TextLine>
            <TextLine id="tr_1_tl_13" custom="readingOrder {index:12;}">
                <Coords points="162,3241 2220,3241 2356,3220 2359,3120 1872,3149 1657,3070 1510,3158 162,3167"/>
                <Baseline points="179,3240 211,3240 256,3237 301,3234 346,3231 390,3234 435,3237 480,3237 525,3231 569,3234 614,3234 659,3231 704,3228 749,3228 793,3225 838,3225 883,3225 928,3225 972,3225 1017,3222 1062,3222 1107,3222 1151,3222 1196,3222 1241,3219 1286,3219 1330,3219 1375,3216 1420,3216 1465,3216 1509,3213 1554,3213 1599,3210 1644,3210 1689,3210 1733,3207 1778,3207 1823,3207 1868,3207 1912,3204 1957,3204 2002,3201 2047,3201 2091,3198 2136,3198 2181,3198 2226,3198 2270,3196 2315,3196 2360,3196"/>
                <TextEquiv>
                    <Unicode>Arm um ihren Hals, herzlich) (Ich weiss ja,</Unicode>
                </TextEquiv>
            </TextLine>
            <TextLine id="tr_1_tl_14" custom="readingOrder {index:13;}">
                <Coords points="171,3388 2150,3426 2447,3365 2447,3238 1321,3320 979,3232 174,3252"/>
                <Baseline points="188,3386 217,3386 262,3386 307,3386 352,3386 396,3386 441,3384 486,3384 531,3384 575,3384 620,3381 665,3381 710,3381 754,3381 799,3381 844,3381 889,3378 934,3378 978,3378 1023,3378 1068,3375 1113,3375 1157,3375 1202,3372 1247,3372 1292,3372 1336,3369 1381,3369 1426,3366 1471,3363 1515,3363 1560,3363 1605,3363 1650,3363 1694,3360 1739,3363 1784,3363 1829,3360 1874,3360 1918,3357 1963,3357 2008,3357 2053,3354 2097,3351 2142,3351 2187,3351 2232,3351 2276,3351 2321,3351 2366,3348 2411,3348 2455,3348"/>
                <TextEquiv>
                    <Unicode>dass die römische Reise für ihn eine Notwen-</Unicode>
                </TextEquiv>
            </TextLine>
            <TextLine id="tr_1_tl_15" custom="readingOrder {index:14;}">
                <Coords points="150,3565 1507,3533 1878,3597 2433,3550 2436,3444 150,3477"/>
                <Baseline points="167,3545 202,3545 247,3548 292,3542 337,3542 381,3542 426,3539 471,3542 516,3542 561,3539 605,3539 650,3539 695,3539 740,3539 784,3539 829,3539 874,3539 919,3536 963,3533 1008,3536 1053,3533 1098,3533 1142,3530 1187,3530 1232,3527 1277,3527 1321,3527 1366,3527 1411,3527 1456,3524 1501,3524 1545,3521 1590,3521 1635,3518 1680,3518 1724,3518 1769,3518 1814,3518 1859,3518 1903,3515 1948,3512 1993,3512 2038,3512 2082,3509 2127,3509 2172,3506 2217,3509 2261,3506 2306,3503 2351,3503 2396,3500 2441,3500"/>
                <TextEquiv>
                    <Unicode>digkeit war, ich möcht halt nur, dass es ihm</Unicode>
                </TextEquiv>
            </TextLine>
        </TextRegion>
    </Page>
</PcGts>
