3544 4200
521 524 1387 763 dass er mich halt.
502 689 2075 898 Zack: (sieht sie und ihn an, stumm
1757 798 1844 869 en
515 763 3069 1062 Willi: Ihre Frau Gemahlin sagte, dass die Entscheidung
531 923 2944 1178 von Ihnen abhängig ist, Herr van Jack. Es wäre eine
524 1126 1589 1374 grosse Ehre für mich.
521 1326 981 1503 Zack: So.
531 1387 2706 1683 Lisa: (hat immer noch ihre Hand auf Zacks Arm)
524 1557 3044 1828 Treuenhof: (ist dazugetreten) Was gibts denn? Was ma-
541 1696 3134 1972 chen Sie denn für ein Gesichte Ja, wenn man es riskiert
541 1873 2899 2120 mit seiner Gattin in ein solches Lokal zu kommen,
534 2050 2236 2284 muss man auf allerlei gefasst sein.
528 2214 2349 2429 Zack: Sie selbst, Anastasius Treuenhof
537 2329 2970 2603 Rapp: (ist herangetreten,Willi wendet sich rasch zu
553 2584 779 2716 1hm)
544 2629 2777 2854 Willi: Sie ist seine Frau, wirklich seine frau?
534 2819 2239 3079 Rapp: Selbstverständlich. Ach so -!
569 2896 3028 3237 Eisa: (ganz gefasst, sehr heitar) Aber was wollt Ihr
560 3092 2928 3398 denn? Herr Langer möchte mein Portrait malen. Ich
985 3253 1911 3385 dit die winn sorgthan
547 3259 2510 3539 kann daran nichts so Furchtbares finden.
550 3456 1924 3713 Rapp: (zu Gleissner) Lausbub!
579 3568 2181 3887 Gleissner: Ich muss schon bitten.
