3514 4216
2882 464 3054 664 181
850 659 1926 873 aus seinen Armen, fort)
864 948 3093 1162 Willi: (allein, bleibt in tiefster Bewegung, dann
2495 1086 3071 1192 Handkoffer
856 1103 2429 1300 im Zimmer hin und her, zu seinem
861 1267 3040 1423 in den er noch einige Skizzenblätter oder der
850 1406 3087 1609 gleichenlegt. Er geht zum Schrank, sieht naah,
842 1562 3026 1695 schliesst ihn wieder; dann zur Kommode,öffnet
842 1712 2948 1917 eine Lade, nimmt eine Mappe heraus, sieht die
845 1878 2987 2059 Blätter an, legt die Mappe wieder zurück. Die
842 2040 2192 2267 stumme Szene ziemlich lang.)
