3544 4072
353 204 838 369 26.11.1927
2673 259 2861 411 122
1476 417 2068 560 Dritter Akt.
725 592 3262 725 Das Atelier von van Jack.Zu einem Tanzfest herge-
735 693 3217 780 richtet.Eine Flucht von Sälen. Vorn ein kleiner Raum
738 754 3252 858 oder ein verhältnismässig kleiner Teil des gedachten
725 848 3168 945 Raums, sowohl rechts wie links hohe Kleiderschränke
718 919 3239 994 mit Toiletten resp.Kostümen.Sitzgelegenheit an klei-
722 994 3282 1100 nen Tischchen links vorn. Der Haupteingang ist rechts
718 1074 3097 1175 gedacht. Eine sehr grosse Türöffnung, durch einen
718 1152 3197 1269 Vorhang abschliessbar, der fast bis zur Decke reicht
715 1236 3142 1320 führt in den nächsten Saal, der auch noch nicht der
709 1311 2987 1401 eigentliche Tanzsaal ist, aber in dem lebhaftere
706 1379 3139 1485 Bewegung herrscht. Wieder eine Türöffnung führt in
709 1460 3068 1557 den eigentlichen Tanzsaal [von dem man nicht viel
706 1544 3120 1628 sieht. In diesem Saal befindet sich das Klavier, auf
699 1612 1764 1738 dem Nachtigall spielt,
683 1754 3117 1880 Zu Beginn des Aktes sieht man Tanzpaare im letzten
686 1851 2968 1939 Saal. Promenierende im zweiten Saal. Der vordere
683 1919 3155 2023 Saal,in dem die Handlung dieses Aktes grösstenteils
683 2010 2867 2091 vor sich geht, ist anfangs leer.
2417 2071 3184 2188 Arief in der ai selber Tall
657 2162 3233 2259 Die Türe rechts öffnet sich (Diener, verschwindet
667 2246 3049 2333 bald). Zwei kostümierte Damen kommen, gehen in den
663 2307 1841 2466 nächsten Saal.
680 2440 3282 2573 letzt kommt Lisa von ganz rückwärts nach vorn, begrüsst
657 2553 3123 2638 die eben Angekommenen, die gleich weitergehen, wieder
654 2631 3078 2722 öffnet sich die Türe rechts, Frau Flatterer in sehr
650 2702 3172 2806 phantastischer Pracht, bacchantisch, aber nicht so wie
641 2790 3168 2896 im ersten Akt geschildert, tritt ein, zusammen mit ihr
638 2858 3120 2971 Ferdinand Neumann, färbiger Frack, Kniehosen, wie alle
631 2935 1654 3023 Herren in diesem Akt.
628 3000 1858 3159 Lisa begrüsst die Beiden.
