3528 4184
364 338 881 582 10.10.1927
2938 350 3084 508 28
872 552 3140 708 einzige Stelle in der ganzen Welt seit Jah¬
864 664 3228 867 ren, wo ich geleugentlich für eine halbe
849 870 3202 1013 Stunde die Augen zu schliessen imstande bin.
852 1008 3073 1163 Guten Abend.van Jack. (reicht ihm die Hand
872 1163 2829 1375 (begrüsst auch die Andern,flüchtiger)
855 1287 3093 1501 Rapp: Hier ist eine Dame, dixxx aus Berlin,
846 1451 3120 1639 die die Sehenswürdigkeiten Wien s zu besich
1598 1572 2130 1680 Unter andere
849 1630 3061 1748 tigen wünscht. Vor allen dich,Treunhof. Du
843 1768 3123 1933 hast offenbar einen Stern im Baedecker,
1856 1877 2165 1980 Hedwig
887 1892 3070 2103 (vorstellend) Frau Matterer aus Ber-
2562 2015 3211 2144 keisch könnt.
861 2083 2514 2274 lin. Bekannte Schriftstellerin.
2805 2103 2938 2241 &
837 2227 2996 2429 Fr.Flatterer (ihm die Hand reichend) Ich
840 2406 2890 2553 bin glücklich endlich Ihren persönliche
834 2523 2902 2708 Bekanntschaft zu machen.Herr Treuenhof
828 2702 3102 2852 Seit Jahren begleiten mich Ihre herrlichen
837 2835 3167 3005 Werke auf meinen Wanderungen durch die Welt.
849 3026 2929 3187 Als geringes Zeichen meiner Bewunderung
831 3181 3064 3316 habe ich mir erlaubt Ihnen vor einigen Wo-
828 3322 3008 3499 chen ein kleines Buch von mir zu übersen-
822 3510 1063 3642 den.
840 3581 2993 3863 Treuenhof: So. Dafür soll ich Ihnen wahr
