3464 4104
2690 329 2873 486 128
712 470 3099 660 Lisa: Sie danke ich Ihnen, dass Sie gekommen sind.
712 651 3270 825 Treuenhof: Ich habe Ihnen ein grosses Opfer gebracht.
709 805 3170 976 (Alle nach rückwärts, ausser Lisa, die nun Willi ent-
699 976 1295 1095 gegengeht. )
702 1115 1240 1298 Lisa, Willi.
680 1269 1375 1456 Lisa: Endlich!
696 1382 1662 1591 Willi: (fragend) Nun?
680 1572 3118 1698 Lisa: Ich habe so gefürchtet, dass Sie nicht kommen
676 1752 1018 1920 werden.
667 1897 2918 2029 Willi: Nun? Wär' es vielleicht besser gewesen?
654 2068 2796 2219 Lisa: Ich bin so glücklich, dass Sie da sind.
1395 2168 1649 2252 The r/a
647 2194 1884 2390 Willi: Was hat er gesagt?
660 2355 2542 2516 Lisa: Nichts - er weiss ja noch nichts.
635 2509 2687 2696 Willi: Sie haben nicht mit ihm gesprochen?
641 2670 2935 2835 Lisa: Ich konnte nicht. Es war unmöglich. Keinen
628 2835 2848 2957 Augenblick hatte ich ihn allein für mich. Ich
2065 2918 2496 3009 Sen H
625 2970 3215 3118 glaube, er vermied es absichtlich. Wer weiss,was
618 3099 3080 3279 geschehen wäre. (Glauben Sie, es ist besser, ich habe
615 3302 3199 3476 noch nichts gesagt. Morgen heute Nacht, wenn alle fort
606 3463 873 3669 sind.
