3528 4184
2560 387 2722 570 34
783 532 2966 722 Treuenhof: (zu Fr.Flaterer) Sie werden das
1990 688 2139 783 Titr
783 713 2922 922 entzückendste, reinste Wesen sehen, das es
764 862 2865 1062 heute in dieser Stadt, ja wahrscheinlich
3023 973 3200 1134 1.
776 1036 1984 1220 in der ganzen Welt gibt.
1534 1043 3378 1242 d'il zeigte - je vous Blimenmacherol., est pu oud
764 1166 3311 1397 Fr. Flaterer (Sie machen mich wahrhaft neu-
767 1312 3096 1505 gierig, Herr Treuenhof. Was mag das für eine
767 1505 2846 1686 Frau sein, die esversteht Sie zu solcher
760 1689 2091 1838 Schwärmerei hinzureissen?
754 1832 2941 2003 Treuenhof: Das ist jedas Einzige,was sie
738 1955 2896 2139 mir verdächtig macht Ich bin ja geboren
748 2107 1664 2288 zum Hineinfallen.
719 2370 2842 2605 Ferdinand Neumann trat eben wieder ein,
738 2602 2994 2792 kurze Begegnung mit Jack mit flüchtiger Be
748 2750 1226 2934 grüssung.
729 2871 2884 3045 werdinand: (tritt zu dem Tisch hin) Guten
732 3026 2700 3188 Abend. Es hat zu schneien angefangen.
2465 3137 3210 3330 Es schwer Heum
719 3181 2966 3378 Kellner: (nimmt ihm den Pelz ab)
716 3343 2443 3562 Ferdinand: Wie geht's,Treuenhof?
707 3460 2808 3749 Gleissner: Was denken Sie,Nemann,wer in
