3488 3987
2598 121 2744 336 97
402 336 956 536 nachsehen.
405 430 2791 673 Winkler: Du hast halt noch immer die Schwär
389 629 1931 788 merei.-wie als junges Mädel.
411 748 2682 956 Mutter: Na,wer damals mehr pespekt vor sei-
386 906 2788 1174 nen valent gehabt hat.du oder ich - das ist
389 1087 1215 1249 noch die Frage.
392 1224 2732 1405 Winkler: (ernst) Der Treuenhof ist meiner An-
389 1396 2508 1548 sicht nach nicht das, was man ein Talent
383 1523 1975 1685 nennt, sondern eher ein Genie.
374 1691 1592 1875 Berta: Also noch mehr?
368 1838 2838 2040 Winkler: Das ist nicht mehr - nur was anderes.
364 1990 2532 2171 Das ist so ein ähnlicher Unterschied, wie
371 2137 2698 2367 zwischen einem Stern und einer elektrischen
361 2324 2567 2452 Lampe. Es gibt auch sehr kleine Stene, die
579 2439 735 2545 und
352 2461 2856 2676 man (durch das Fenrohr entdeckt. Aber was Himm-
2492 2545 2648 2645 rill
358 2613 2797 2788 lisches sind sie jedenfalls. Zum Lesen gehalt
399 2738 2772 2944 ich mir lieber meine elektrische Lampe ein.
343 2947 1676 3121 Irdischer aber sicherer.
343 3090 2642 3277 Mutter: Also,wenn wir schon in Vergleichen
340 3221 2788 3392 reden,-ich darf wohl behaupten,dass gerade an
