3544 4168
2891 306 3028 601 43
1815 423 1946 613 nt
843 575 2947 782 sind es, Tote, und wenn sie über die Erde
837 659 3060 913 wandeln ist ewige Mitternacht. Sie ziehen
843 831 3186 1079 einander die Würmer aus der Nase, die sie
831 1036 3043 1243 aus den Grüften der Verwesung mit herauf
831 1196 3168 1435 gebracht haben- und das heissen sie Unterhal¬
829 1389 1114 1520 tung.
834 1503 3069 1727 Fr. Flatterer: Und Sie schweigen,meine Her-
837 1686 1132 1864 ren? -
834 1774 3095 1990 Treuenhof: Freunde. Es gibt einen einzigen
829 1958 3037 2176 Menschen heute, den ich Freund hiesse, wenn
823 2101 2655 2314 ich mich seiner für würdig hielte?
2608 2209 2847 2322 Culm
814 2241 3034 2474 Gleissner: (ganz kühl) Ich habe heute aus
817 2465 2637 2667 padua eine Karte von ihm bekommen.
811 2573 1955 2783 Treuenhof: Von Willy?
2492 2608 2693 2763 at
811 2716 3148 2929 Ferdinand: Und ich bin ihr heut sogar begeg-
808 2906 1129 3093 net.
1202 2950 1494 3090 St. S
796 3052 2220 3244 Treuenhof: Er ist in Wien?
796 3119 2900 3367 Ferdinand: Ja, heute Morgens angekommen.
802 3341 3087 3533 Treuenhof: Und hat sich bei mir noch nicht
1608 3425 2649 3571 Um F usatt bei und jetzt
794 3521 1336 3673 gemeldet?
1707 3548 2629 3679 Ten nicht nicht erledert
805 3632 2923 3839 Ferdinand: Er kommt möglicherweise noch
