3554 4136
2608 353 2744 477 85
631 510 2860 637 Berta: Aber du gibst ja nichts auf, Mutter
661 625 2786 842 (nach Pause, aber doch rasch) Dem Willi
622 821 1823 1014 bin ich grad begegnet.
611 951 2816 1100 Mutter: Ist er nicht im Atelier oben?
664 1114 2661 1292 Berta: (etwas ungeduldig),ihre Art,die
613 1260 2810 1449 sie nicht immer beherrschen kann) Du hörst
602 1437 2703 1592 doch, ich bin ihm eben begegnet.-auf der
590 1597 1814 1769 Stiege,-mit einer Dame
596 1758 2365 1935 Mutter: (gleichgültig) So. Modell?
637 1915 2801 2072 Berta: Nicht gerade. Es war die Frau van
575 2009 2641 2220 Zackndie Holländerin, die er jetzt malt
572 2211 2739 2398 Mutter: Es ist keine Holländerin. Esist
566 2356 2943 2537 nur die Frau von diesem holländischen Schnei-
554 2549 777 2700 der.
1159 2543 1346 2736 Mr.
551 2685 2777 2863 Berta: Ich sage eben Holländerin in einem
551 2833 1266 2999 solchen Fall.
548 3002 2012 3150 Mutter: Hab nichts dagegen.
545 3133 2848 3308 Berta: Mit dem Portrait wird er sein Lebtag
536 3299 1245 3471 nicht fertig.
528 3426 2750 3625 Mutter: Es ist ja noch nicht so lang
531 3610 1980 3835 her, dass er angefangen hat.
