3526 4587
2603 492 3036 700 184—190
240 492 658 733 18.2.1929
679 582 1270 847 vierter Akt:
664 805 1216 994 Zack, Willy.
661 961 3069 1141 Zaek: Sehr erfreut Sie doch noch in Wien anzutref
664 1084 2660 1267 fen. (Lisa vermutete Sie schon abgereist.
673 1237 2975 1450 Willy: Bin tatsächlich im Begriffe. Heute Abend
658 1438 934 1594 fort.
661 1570 2975 1753 Zack: So können wir unsere Angelegenheiten nach
658 1711 3018 1895 persönlich in Ordnung bringen. (leicht) Wie viel
667 1880 3084 2048 bin ich Ihnen schuldig? Ich meine,wie hoch berech-
658 2051 1507 2174 nen Sie das Bild?
703 2120 2663 2378 Willy: Verzeihen Sie, es ist nicht ertig
649 2345 2921 2507 Zack: Ich weiss. Aber es ist nicht Ihre Schuld,
637 2486 2303 2675 dass es nicht fertig wurde. - Somit
640 2627 2969 2822 Willy: Ich gebe nichts unvollendet aus der Hand.
1516 2753 2105 2861 or uniliest
634 2786 2918 2948 Auch wenn es nicht meine Schuld istque(sondern?)
610 2942 2987 3123 Zack: Auch nicht nie meine, (wie Ihnen hoffentlich
1411 3054 2696 3228 ob i ue Lis; - in as he
634 3114 1273 3276 bekannt ist.
1588 3153 2327 3306 möß empfleichtet.
2297 3150 3102 3387 in such <gap/>
640 3246 2222 3480 Willy: Ich verstehe nicht ganz.
2267 3312 3135 3474 bychle - at - heeft
1255 3384 1916 3489 Esist dort cinq all
243 3417 594 3552 :Mrs. Wirberg
628 3447 2984 3621 Zack: Im Grunde nur Lisas Schuld. - Immerhin - ich
607 3564 1856 3762 möchte das Bild bezahlen.
