3432 4120
2654 341 2798 512 54
706 489 2784 706 das Bürge rliche seines Wesans, auch eine
694 666 2931 883 gewisse Befangenheit durch alles Ungezwun-
689 836 2593 1062 gene und manchmal Stürmische heraus
703 995 2361 1160 Treuenhof: (ihm entgegen) Willi!
706 1137 2934 1380 Willi: Ja, ich bin's. Also, hieher muss man
703 1259 1988 1493 kommen, um dich zu sehen.
692 1441 2902 1673 Trouenhof : (Seit wann bist du donn egenté-
706 1597 2813 1774 lich zurück? Warum hast du mir nicht ge-
712 1745 3024 1965 schrieben? Herr Gleissner bekommt Nachricht
764 1884 2986 2086 von dir und ich nicht. Von Herrn Ferdinand
709 2023 3036 2220 Neumann weiss ich, dass du wieder da bist.
2341 2144 2489 2240 the
2856 2156 2955 2277 ne
706 2170 2732 2416 Willi: Die Mutter hat mir geschrieben,
1418 2318 1916 2425 Hldue pbele
712 2338 2749 2558 dass sie dich heute erwartet. Zu hast
721 2518 2260 2732 ihr nicht einmal geantwortet.
1458 2642 1675 2746 Sister
709 2680 2949 2908 Treuenhof: Ich hatte keine Ahnung, dass du
706 2827 2914 3099 Willi: ich war dir als Ueberraschung zuge
703 3033 1036 3206 d acht.
706 3030 2928 3386 Treuenhof: xxxx Zu Euch wäre ich übri
709 3331 2046 3516 gens keineswegs gekommen.
706 3441 2859 3643 Willi: Du bist seit vielen Wochen nicht
721 3614 1461 3857 oben gewesen?
