3496 4088
2930 344 3111 534 127
684 597 3014 693 Ich denke nicht daran dich in deiner Freiheit zu
672 662 3049 928 beschränken. Aber dass sich das Tanzen mit dem Be-
662 872 3043 1037 griff der Keuschheit und der Reinheit in keiner
675 1021 3002 1250 Weise verträgt, das wirst du wohl nicht in Abrede
1696 1137 2362 1287 Ab. A. Soe wird ich
668 1212 1403 1393 stellen können.
659 1340 2262 1565 Albine: Und du - du wirst tanzen?
1899 1449 2093 1537 Wm it
1359 1468 1609 1565 sincer.
653 1503 2839 1627 Gleissner: Ich habe keine Sünden abzuwaschen
665 1640 2986 1846 (Die Türe öffnet sich wieder. Treuenhof und Willi
650 1824 3027 2012 treteh ein.Treuenhof zuerst. Pisa (war früher nicht
643 1987 2986 2165 völlig abgegangen steht (ungefähr) zwischen erstem
640 2127 3039 2252 und zweitem Saal.Fr.Flatterer und die zwei Jünger,
640 2277 3146 2405 die im zweiten Saal, wo etwa das Buffet stehen könn-
647 2433 3071 2624 te.etwas zu sich genommen haben, kommen wieder nach
637 2608 906 2793 vorn)
640 2696 3074 2924 Fr. Flatterer: Hier ist ja Treuenhof! (ihm entgegen
628 2911 3039 3099 mit den beiden Jüngern) Endlich! (Sie begrüsst ihn.
622 3043 2971 3258 Treuenhof begrüsst sie und die zwei Jünger. Lisa
631 3177 2949 3405 tritt dazu. Willi tritt jetzt eben in die Türe).
625 3352 2030 3567 Treuenhof: Guten Abend,Lisa.
