3528 4104
2851 395 3028 550 155
774 535 2254 706 nicht hereinlassen, Nachtigall.
774 671 2988 917 Nachtigall: Warum. Herr Neumann? Ohne jemanden
768 842 3028 982 nahe zu treten - ich war noch in ganz anderen
768 948 3106 1138 Häusern. Ich meine natürlich nicht feinere,aber
768 1094 3233 1331 bei Aristokratie und so. Soll ich Ihnen erzählen, an
762 1281 3149 1477 gnädige Frau von dem merkwürdigsten Ball, den ich
762 1498 1557 1632 mitgemacht habe?
749 1623 3134 1775 Ferdinand: (bietet Lisa den Arm) Kommen Siey, Lisa.
755 1800 1595 1971 Lisa: Wo war der?
746 1918 3103 2067 Nachtigall: Ich darf nicht sagen wo. Oder viel
743 2102 3199 2251 mehr ich weiss gar nicht wo, Mit verbundenen Augen
743 2241 3224 2403 hat man mich hingebracht, in einen prachtvollen Saal
743 2375 3230 2552 hat man mich geführt, mit tausend Lichtern - und ich
740 2549 3171 2702 hab gespielt. Ein Instrument übrigens.wie ein Or-
740 2680 3056 2876 chester. Sehr gesittet und sehr fein hat man ge-
740 2866 3236 3031 tanzt. Es war ein Maskenball, Domino. Und um Mitter-
724 3037 1023 3177 nacht
727 3180 2294 3320 Lisa: Sind die Masken gefallen.
721 3345 3118 3494 Nachtigall: Um Mitternacht sind die Lichter ausge-
721 3441 3118 3634 löscht worden. Ganz dunkel war es. Nacht. Aber ich
858 3600 1169 3715 weiter
709 3622 3019 3796 hab müssen. Da hör ich es rascheln
709 3805 3137 3936 rings um mich, plötzlich wird es wieder hell - und
