3416 4168
2616 410 2811 519 146
763 604 1782 775 Willy: Und mich auch.
763 754 1641 960 Winkler: Lag nahe.
766 816 3088 1081 Willy: Dass man mir nachspioniert, darauf war ich
763 1084 1576 1249 allerdings nicht
760 1170 3111 1343 Winkler: Red nicht so dumm daher. Da braucht ei-
763 1367 3070 1532 ner viel zu spionieren. Der Teufel soll mich ho-
807 1508 3144 1688 len, wenn es einen unter al 1 den Leuten gibt,
763 1691 2834 1830 der nicht merkt. wie viel es geschlagen hat,
1629 1771 1889 1874 adamort
757 1821 3032 1986 Willy: Also was denkst du dir eigentlich, Onkel?
769 1983 3099 2145 Ich soll davonlaufen weil ein eifersüchtiger Ehe-
804 2130 3076 2280 mann - weil ein ohne jeden Grund eifersüchtiger
751 2269 3117 2439 Ehemann mich schief anschaut? Ich denke nicht da-
760 2442 3091 2613 ran. Entschuldige mich, Onkel. (wendet sich um und
760 2593 2254 2764 geht wieder in den Saal zurück)
769 2687 3035 2940 Winkler: (zögert einen Augenblick,dann) Hol ihn
760 2917 1833 3102 der Teufel! (er geht).
