3608 4184
2952 380 3092 533 23
806 449 3037 725 Zack: Ich will versuchen die Welt wieder
2838 608 3228 751 du Welt,
810 663 3024 901 bunt zu machen, gnädige Frau. Ich will sie
2929 774 3336 933 F. H. l
800 865 3407 985 aus ihrer grauen Verzauberung erlösen.
1531 982 3310 1073 weil sind Sie mit der Verbere hören
793 1027 3072 1203 Rapp: Nun wie stahts mit Ihrem Kostümball?
780 1177 3007 1323 Zack: Ich treffe meine Vorbereitungen. In
1762 1261 2416 1375 fut to we it in the
784 1307 2855 1470 vierzehn Tagen wird er stattfinden. In
1954 1427 2344 1538 fieberhaft
2916 1385 3141 1538 to the
771 1424 3053 1658 meinem,telier wird bereits gearbeitet. Die
771 1632 3069 1791 Herren werden in bunten Fräcken und Phanta¬
2282 1736 2468 1817 etc
767 1817 3033 1951 siewesten erscheinen. (zu Rapp) ich rechne
774 1951 1892 2110 darauf, dass auch Sie
2107 2000 2562 2185 farbigen
771 2078 1330 2221 Guxesmarx
748 2152 3046 2354 Rapp: Woher soll ich ehen b###ten Frank neh-
738 2344 998 2500 men?
1138 2380 3176 2549 Ihr voll schon. es immer in meinen Atelie geachtet
738 2510 2903 2695 Zack: Es ist selbstverständlich, dass ich
1778 2627 1908 2712 „ d
2107 2627 2842 2721 del Thauten un
2864 2604 3157 2764 fartige
725 2689 2851 2861 meinen verehrten Freunden Westen,Fräcke
735 2832 2829 3001 und die Kniehosen zur Verfügung stelle.
719 2994 2887 3150 Gleissner: Was Rapp anbelangt,so bin ich
1830 3098 3196 3245 Rapt. Un celle un emeurement une
706 3163 2601 3326 für grün und gelb. Fürkoren Teil sein?
2637 3196 3105 3316 A Tilsfleck
712 3274 2972 3498 Zack: (zu Frau Flatterer) Ich hoffe,gnädige
702 3414 2884 3596 Frau, wenn Sie noch in Wien anwesend sein
702 3570 2936 3749 sollten - werden auch Sie mir die Ehre er
