3624 4136
2951 284 3150 483 100
838 519 1594 659 Mutter: (Blick
835 577 3170 879 Treuenhof: No jaass ich Ihren Brief nicht
832 835 1755 958 beantwortet habe.
829 938 1491 1113 Berta: Zwei.
929 1034 3217 1234 reuenhof: Sie rechnet mir schon wieder nach.
2356 1204 2602 1324 Ombrle
850 1222 3065 1409 Immer rechnest du mir nach - in jeder Hin
815 1412 3167 1570 sicht. Kenn' ich schon. Ich schreib halt kein
815 1559 3071 1708 Briefe. Schreiben ist überhaupt eine Qual.
806 1676 2907 1861 Ich schreib höchstens im Kaffeehaus auf
788 1822 2951 2004 Marmorplatten, wenn mir zufällig was ein-
785 1995 1122 2174 fällt.
1450 2022 2760 2221 du méthé de Bmestreger et Le
791 2177 2909 2326 Winkler: Und du kannst ihnen doch keine
2288 2265 3009 2411 4 mocht auf 1 Befl
771 2312 2681 2488 Marmorplatte ins Haus schicken. Ha!
768 2432 3118 2637 Mutter: Willy hat ihnen aber wahrscheinlich
779 2628 2716 2833 gesagt, um was ich Sie bitten wollte.
2616 2704 2807 2833 art
2408 2740 2546 2825 in
1995 2751 2159 2854 art
771 2772 3088 2980 Treuenhof: Hat er -? (Ja, natürl ich. Ein Suf-
765 2918 3079 3161 ruf. Ich soll Ihnen einen Aufruf schrei-
753 3053 2994 3246 ben.-wggen einer Sammlung - ein Heim für
756 3241 1761 3422 verlassene Kinder?
759 3387 2312 3569 perta: Für uneheliche Kinder.
