3608 4104
2862 370 3068 547 112
943 504 3278 699 Mutter: Sie war sieb zehn, die kleine Italie-
940 681 3261 900 nerin in Gmunden und du ein Jahr jünger als
937 865 3036 1010 heut. Umbringen hast du dich wollen, wie
940 975 2766 1176 sie mit ihrer Mutter abgereist ist.
940 1130 2923 1365 Willy: Wie kannst du das vergleichen!
964 1287 3194 1493 Mutter: Wäre ihre Mutter damals nicht mit
929 1485 3188 1642 ihr auf und davon - wer weiss, wie es damals
917 1639 3025 1779 geendet hätte! Und wenn ich nicht (unter
914 1753 2146 1910 deinem Polster)damals -
1473 1892 2082 1991 your due and
908 1913 3127 2137 Willy: Es war ein Wahnsinn - unmöglich zu
902 2052 3179 2215 vergleichen. Wenn du sie erst kennen wirst
900 2192 3191 2378 in vierzehn Tagen war damals alles vorüber.
900 2370 3202 2574 Mutter: Und woher weisst du,dass es diesmal
894 2542 1613 2754 nicht auch -?
882 2658 3144 2888 Willy: (ahwehrend) Lass mich nicht bedauen,
1933 2804 2134 2903 all
1255 2836 1429 2914 Was
873 2827 2498 3060 Mutter, dass ich dir gesagt habe
870 2952 2993 3211 Mutter: Du hast nichts zu bedauern. Ich
873 3159 3130 3319 werde nichts unbilliges von dir verlangen.
859 3284 3197 3476 Eines nur,-wahrhaftig nicht viel, Willy, stax
856 3470 2923 3691 eine Bitte, die du mir nicht abschlagen
859 3639 2969 3825 darfst: Bedenkzeit. Eine ganz kleine Be
