3432 4120
2750 371 2872 525 53
722 485 2938 762 ab, ich tät noch ganz andere Sache, um meine
702 679 1808 919 ramilie zu ernähren.
699 813 2830 1030 Verdinand: Und sich selbst,Herr Nachti-
690 1050 1058 1227 gall.
690 1121 2921 1358 Nachtigall: Gehör ich vielleicht nicht zu
687 1335 1526 1509 meiner Familie?
1409 1423 2002 1566 in him it being
1221 1458 1386 1557 int
705 1432 2892 1669 Lisa: Der soll auf unserem Ball spielen?
693 1597 2924 1817 Rapp: Wissen Sie, was dieser Mensch für ei-
696 1712 2989 1923 ne wunderbare Gabo hat? Er lookt durch sein
690 1897 2741 2097 Spiel aus den Seelen der Menschen ihre
693 2074 2259 2268 wahre Natur zum Licht hervor.
690 2231 2881 2462 Lisa: Und der soll auf unserem Ball spie-
699 2416 1195 2590 lon,Zack?
685 2496 2858 2707 Gleissner: Haben Sie keine Angst,Ltsa. Es
1974 2650 2191 2756 sulx
687 2678 2747 2895 gibt immer eine noch wahere Natur, die
685 2821 2784 3041 durch kein Spiel der Welt aus der Tiefe
702 3001 2245 3175 der Seele hervorzulocken ist.
670 3286 2944 3497 Willi: (tritt ins Haffeehaus,sehr jung, sehr
679 3403 2884 3674 frisch, nicht elegant, aber in keiner Weise
670 3597 2844 3854 von bohemienartigen Auftreten. Man spürt
