3416 4152
2677 339 2855 504 134
619 520 2996 754 Gleissner: Sie haben kein Vertrauen zu
609 738 830 892 mir.
612 810 2601 1031 Mimi: Die Wahrheit zu sagen - nicht viel.
616 1004 2911 1222 Gleissner; Ich fühl es. Das gibt mir einesolche
639 1126 2990 1294 - eine gewisse Empfindung der Zusammengehörigkeit
612 1297 3039 1475 mit Ihnen - mir geht es geradeso. Ich habe nämlich
612 1482 1920 1620 auch kein Vertrauen zu mir,
596 1571 3118 1794 Mimi: (lachend) Sie werden wohl Ihre Gründe dafür ha-
612 1824 813 1982 ben.
606 1900 2025 2074 Gleissner: Tausend für einen.
599 2078 2644 2222 Mimi: Und da wollen Sie Vertrauen von mir?
596 2166 3253 2440 Gleissner: Will ich ja gar nicht. Das wäre zu wohlfeil.
606 2377 2996 2535 Ich liebe nicht Beziehungen, die mit gegenseitigem
603 2539 3029 2700 Vertrauen beginnen. Diesind meistens verurteilt in
606 2706 1824 2874 Trivialität unterzugehen.
586 2861 1666 3059 Mimi: Glaub ich nicht.
596 2953 2999 3213 Gleissner: Wenn Sie das heute schon glaubten, Mimi
576 3181 1574 3391 Mimi: Fräulein Mimi.
1702 3256 2219 3378 gnädigst es
579 3269 3102 3513 Gleissner: Fräulein Mimi, allergnädigstes.allerungnä-
576 3513 1656 3684 digstes Fräulein Mimi.
