3480 4104
2623 347 2802 487 131
2848 409 2950 546 avec
657 487 3172 661 Kaffeehaus gekommen bin, mit der weissen Boa.Die halt
654 638 3178 840 ich in den zwei Fingern der linken Hand. Ich glaube
657 837 3136 1004 es wird ganz hübsch aussehen. Aber vielleicht nimmt
2528 906 2672 997 dort
647 988 3205 1109 sich Herr Langer auch einmal Zeit mich so zu malen.
2188 1073 2590 1164 in it. Le
654 1151 3254 1295 Winkler: Da bin ich eigentlich nicht dafür. Ein junger
638 1282 3126 1475 Maler sollte jede schöne Frau höchstenseinmal malen
634 1458 2475 1602 und manchmal ist schon das zu viel. Ha!
844 1553 1014 1651 Tied
638 1602 2515 1743 Gleissner (kommt mit Mimi aus dem Saal)
634 1717 3241 1906 Lisa: Erlauben Sie, dass ich Ihnen meine Schwester Mimi
628 1880 3110 2103 vorstelle. Das ist der Herr Hofrat Winkler und das
602 2067 1436 2233 ist Herr Langer. -
605 2184 3237 2364 Mimi: Also Sie sind der Herr, der meine Schwester malt?
618 2374 2737 2554 Ich freue mich Sie endlich kennen zu lernen.
605 2541 1884 2714 Rudinandxnsammxxkkemmttxx
608 2649 2986 2812 (Nicht Cleissner, sondern Ferdinand Neumann kommt
687 2799 889 2904 duv
589 2835 3192 2989 mit Mimi,um Lisa zum Tanzen aufzufordern, dann Zack.)
886 2982 1671 3156 Mussieur
