3496 4104
421 317 798 497 17.12.27
2844 377 3033 541 132
786 537 1804 738 Willy: Ja, ich bin es.
776 716 1436 911 Klavierspiel.
770 867 1992 1046 Zack: (kommt) Guten Abend.
760 1012 2363 1200 Willy: Guten Abend, Herr van Zack.
764 1153 3061 1323 Zack: Ich finde. Sie sind der Einzige heute, der
760 1314 3139 1490 vollkommen in dieses Kost체m passt. (gegenseitiger
742 1486 1065 1640 Blick)
751 1631 3271 1779 Ferdinand: (zu Lisa) Darf ich um diesen Tanz bitten?
757 1791 2190 1967 (mit ihr in den n채chsten Saal)
748 1955 3026 2118 Gleissner: (kommt in diesem Augenblick und tritt
735 2090 3042 2285 zu Mimi hin) Darf ich bitten, mein Fr채ulein? (er
723 2244 2998 2445 fasst sie um die Taille und beginnt mit ihr zu
729 2410 1081 2574 tanzen)
710 2539 3083 2728 Winkler: (zu Willy, der den Andern nachgesehen hat
754 2699 3124 2872 Du, Willy, jetzt weiss ich nicht recht,war das ein
707 2850 2316 3070 Ehemanns-oder ein Schneiderblick?
682 3039 2131 3174 Willy: Du bist komisch,Onkel?
688 3152 2844 3369 Winkler: Weiss nicht. (beide in den n채chsten
691 3337 1009 3554 Saal).
