3368 4136
241 276 709 436 24.10.1927
2585 314 2721 526 38
628 436 2698 709 Albine: No Albine heiss ich halt jetzt.
1259 631 1430 709 Tout
613 613 2902 855 Fr.Flatterer: Also Ihr nom de guerre sozu-
625 864 962 1032 sagen.
608 1003 1285 1189 Albine: Was?
605 1067 2934 1311 Fr. Flatterer: Ich würde so gern liebes Fräu-
616 1265 2919 1442 lein Albine, etwas aus Ihrem Leben erfahren.
1997 1372 2835 1486 (Sohne jetzt & wolle sie n
613 1407 2945 1622 Wie sind Sie so allmählich. Ich meine, es ist
631 1564 2954 1788 ja noch nicht sehr lange her, dass Sie dieses
805 1718 939 1808 Lor
605 1759 1817 1948 Kaffeehaus besuchen?.
608 1902 2910 2082 Albine: Aber was wollen S’ denn? Was fragen
596 2021 2748 2277 S' mich denn aus? (Ich weiss ja nix, løh
590 2239 2466 2370 hab schon selber alles vergessen.)
1567 2306 2021 2384 Tweid de Cin
1195 2317 1576 2425 Touteshills
1567 2349 1713 2419 W &
587 2375 2750 2564 Gleissner: Albine stammt aus eine brafen
2122 2390 3190 2567 wie woll ich habenste. Hochwegen
605 2518 2858 2704 aber veramten Wiener Familie. Dr Vater ein
579 2643 2782 2881 biederer Handwerksmann vom alten Schlag,
582 2835 2739 3001 brachtes ich und die Seinen schlecht und
587 2963 2742 3172 recht fort; aber oft genug war Schmalhans
582 3146 2785 3323 Küchenmeister. Ih-re Mutts, starb früh. Aus
582 3277 2919 3489 Gram darüber ergab sich der Vater dem Trunk.
570 3434 2878 3646 das einstmals so blühende Geschäft kam im-
573 3591 2809 3806 mer mehr hemmter, xxx und bald musste Al-
