3544 4120
3031 369 3198 495 169
814 486 1936 681 Willi: (fragender Blick)
1804 571 2063 710 nt
798 672 3337 836 Berta: - dass ich aufatmen würde, wenn du wegfährst.
792 788 3138 1016 Willi: (aus Verlegenheit scherzend) Das find ich
2596 946 3135 1107 J - mit 14 t
779 965 1731 1142 nicht (nett) freindle
776 1079 3125 1280 Berta: Du wirst’s nicht wieder aufschieben. Herr
785 1268 2722 1438 van Zack muss ja jeden Tag zurückkommen.
1375 1375 2350 1470 M. dit doit nul a four
763 1403 3160 1599 Willi: Das ist wohl ziemlich belanglos.
1176 1548 1299 1630 it
2252 1533 3188 1634 Mutter Adieu sagen?
751 1602 3047 1798 Berta: Du kommet doch bald hinunter?
751 1760 3088 1908 Willi: Sobald ich fertig bin, (auf die Handtasche
754 1927 3179 2069 weisend)
732 2053 1101 2249 HÖκMENX
716 2141 3078 2387 Berta: Onkel Rudolf will dir auch noch Adieu
710 2381 3040 2517 sagen. (Und richtig) (Treuenhof bin ich begegnet.
1116 2460 1952 2592 Wie konnte daß Er
700 2520 3040 2703 Er hat gar nicht gewusst, dass du schon heute ab-
1703 2618 2034 2725 noill
300 2605 606 2725 (V. ellen et
319 2690 606 2791 de terre
700 2649 2482 2838 reist. Ich denke,er kommt auch, n. 12
262 2741 659 2936 à stin
691 2813 3138 3006 Willi: Das wird ja beinahe eine Abschiedsfeierlich
214 2898 486 3047 Lmert
672 2917 2889 3198 keit. (Eigentlich wollte ich xxx) schliesslich
681 3113 3170 3293 bin ich ja in ein paar Monaten wieder zurück.-auch
662 3264 2614 3447 wenn ich Sizilien noch mitnehmen sollte.
643 3412 1722 3639 Berta: Nimm's nur mit.
