3507 4136
2824 423 3003 589 175
880 574 2114 713 Mord und Totschlag enden?
880 670 2969 917 Willi: Es ist ein Schicksalszeichen, dass er
1194 836 1543 935 Nomah
861 883 3037 1074 früher/kommt. Wir dürfen es nicht länger auf-
2191 991 2531 1099 will in
855 988 3188 1234 schieben. Mann gegen Mann tret ich ihm entgegen.
1679 1157 1787 1253 er
852 1201 3327 1401 Nur so ist es unser würdig. Nur so mach ichs wieder
843 1343 1451 1488 ℥κεκκκ gut
1500 1426 1827 1571 gul cecn
839 1506 3216 1676 Lisa: machst es gut? -Verdirbst alles. Vernichtest
2379 1630 2799 1750 Yr Nesing
827 1660 3055 1824 dich und mich und ihn. (Komm doch zu dir,willi.
1043 1759 1645 1864 Mir xxx ct
830 1815 3052 2009 Es stand doch schon alles fest. Du fährst weg,
2046 1910 2151 2015 liche
815 1966 2966 2154 zuerst nach Venedig oder gleich nach Romlich
790 2071 3015 2309 rede unterdessen hier mit ihm, setz es ihm ein-
790 2284 2950 2475 fach und klar auseinander, dass ich in diesen
781 2420 2941 2586 Wochen, da ich weder ihn noch dich gesehen, zu
768 2571 3021 2747 der Ueberzeugung gekommen bin, dass ich mit ihm
1827 2700 2352 2799 So-irmffande
753 2713 2938 2920 nicht mehr leben kann. Ich werde nicht durch-
759 2842 2944 3099 gehen,die Verfolger auf den Fersen-als freies
741 3043 2855 3244 Weib will ich zu dir, dem Geliebten, dem Mann
728 3185 3028 3404 meiner Wahl. Nur das ist unser aller würdig und
704 3333 2920 3552 nur dieser Weg führt mit Sicherheit zum Ziel.
707 3540 2734 3719 Und darum brauch ich auch ein wenig Zeit
