3448 4168
2887 446 3070 594 148
729 588 3102 790 van Zack: (der halb verborgen einem Tanz von Willy
723 806 1879 1015 und Lisa zugesehen hat)
723 909 3202 1095 Anastasius Treuenhof(der sich eben entfernen will
732 1069 3308 1246 (Vielleicht vorher ein kurzes Gespräch mit Fr.Flatte
723 1259 1002 1432 rer) )
1378 1297 1930 1464 Orit un Most
719 1336 2739 1596 v. Zack: Sie wollen schon gehen,Treuenhof?
735 1529 3256 1699 Treuenhof: Ja. Was machen Sie denn für ein Gesicht?
726 1657 3173 1914 Zack: Ich leide, Anastasius Treuenhof, ich leide wie
732 1907 1182 2091 ein Tier.
739 2007 3163 2206 Treuenhof: (unbewegt) (So ( Sie leiden.) Je mehr Sie
732 2129 3105 2354 leiden, umso schönere Kostüme werden Sie erfinden.
732 2235 3247 2540 Zack: Ein geliebtes Wesen verlieren - gut,man muss
735 2418 3153 2636 vielleicht darauf gefasst sein. Aber nicht wissen
729 2620 2290 2810 nicht wissen, das ist Höllenqual.
758 2714 3131 2993 Treuenhof: Was wissen Sie denn nicht? Wovon reden
732 2935 1670 3112 Sie denn überhaupt?
1618 3019 2084 3163 Tranenhof
745 3028 3256 3279 Trenenhof: (macht nur durch einen Blick auf die
729 3086 999 3179 Zack:
739 3243 2986 3442 eben vorbeitanzenden Lisa und Willy aufmerksam
739 3388 3221 3574 Treuenhof: Ach so.Was f'ltt Ihnen denn ein van Zack 2
729 3516 3128 3725 Sie glauben doch nicht, dass Willy - von Lisä will
