<?xml version="1.0" encoding="UTF-8" standalone="yes"?>
<PcGts xmlns="http://schema.primaresearch.org/PAGE/gts/pagecontent/2013-07-15" xmlns:xsi="http://www.w3.org/2001/XMLSchema-instance" xsi:schemaLocation="http://schema.primaresearch.org/PAGE/gts/pagecontent/2013-07-15 http://schema.primaresearch.org/PAGE/gts/pagecontent/2013-07-15/pagecontent.xsd">
    <Metadata>
        <Creator>prov=READ-COOP:name=TrHtr:version=2.1.0:model_id=51170:date=15_08_2023_00:57</Creator>
        <Created>2023-05-10T15:00:00.633+02:00</Created>
        <LastChange>2023-08-15T00:57:05.942+02:00</LastChange>
        <TranskribusMetadata docId="1428698" pageId="55428801" pageNr="102" tsid="132835503" status="IN_PROGRESS" userId="64420" imgUrl="https://files.transkribus.eu/Get?id=YBHFCBLPDGYYKZLCJPFYESKD&amp;fileType=view" xmlUrl="https://files.transkribus.eu/Get?id=YWYKQSODPLSIVRALULPCQYLM" imageId="44702874"/>
    </Metadata>
    <Page imageFilename="1428698_0102.jpg" imageWidth="3531" imageHeight="4120">
        <ReadingOrder>
            <OrderedGroup id="ro_1711807851678" caption="Regions reading order">
                <RegionRefIndexed index="0" regionRef="tr_1"/>
                <RegionRefIndexed index="1" regionRef="tr_2"/>
            </OrderedGroup>
        </ReadingOrder>
        <TextRegion id="tr_1" custom="readingOrder {index:0;}">
            <Coords points="707,439 3036,439 3036,2192 707,2192"/>
            <TextLine id="tr_1_tl_1" custom="readingOrder {index:0;}">
                <Coords points="2830,558 2909,561 2952,524 2973,524 3016,550 3022,375 2993,369 2941,401 2926,396 2885,419 2833,416"/>
                <Baseline points="2848,495 2892,492 2937,492 2982,492 3027,489"/>
                <TextEquiv>
                    <Unicode>109</Unicode>
                </TextEquiv>
            </TextLine>
            <TextLine id="tr_1_tl_2" custom="readingOrder {index:1;}">
                <Coords points="753,654 2714,646 2885,727 2976,701 2976,526 2816,593 753,579"/>
                <Baseline points="770,644 815,641 859,644 904,644 949,644 994,644 1038,647 1083,647 1128,647 1173,647 1218,650 1262,647 1307,647 1352,650 1397,647 1442,650 1486,647 1531,650 1576,650 1621,647 1665,647 1710,647 1755,647 1800,650 1845,650 1889,650 1934,647 1979,647 2024,647 2068,647 2113,647 2158,650 2203,647 2248,647 2292,647 2337,647 2382,647 2427,647 2472,647 2516,644 2561,644 2606,644 2651,644 2695,644 2740,647 2785,647 2830,650 2875,650 2919,653 2964,653 2982,653"/>
                <TextEquiv>
                    <Unicode>wenn er keinen Grund hat - das kommt vor.</Unicode>
                </TextEquiv>
            </TextLine>
            <TextLine id="tr_1_tl_3" custom="readingOrder {index:2;}">
                <Coords points="736,800 989,800 1236,884 1766,852 1824,881 1929,841 1929,745 1803,721 1638,742 1582,695 1547,730 1239,716 1193,750 1079,669 736,657"/>
                <Baseline points="752,794 797,794 841,791 886,791 931,794 976,797 1021,797 1065,794 1110,794 1155,794 1200,797 1244,797 1289,794 1334,794 1379,797 1424,797 1468,797 1513,797 1558,797 1603,797 1648,797 1692,797 1737,797 1782,794 1827,797 1871,797 1916,803 1937,803"/>
                <TextEquiv>
                    <Unicode>Lass das Porträt soin.</Unicode>
                </TextEquiv>
            </TextLine>
            <TextLine id="tr_1_tl_4" custom="readingOrder {index:3;}">
                <Coords points="739,954 1588,1038 3008,954 3008,835 1097,887 739,800"/>
                <Baseline points="755,952 776,946 821,943 865,949 910,949 955,949 1000,952 1044,949 1089,949 1134,949 1179,946 1224,946 1268,949 1313,952 1358,952 1403,949 1447,949 1492,946 1537,949 1582,949 1627,949 1671,946 1716,946 1761,946 1806,946 1851,949 1895,952 1940,949 1985,949 2030,949 2074,949 2119,946 2164,946 2209,946 2254,946 2298,943 2343,943 2388,943 2433,946 2477,943 2522,943 2567,943 2612,943 2657,940 2701,940 2746,937 2791,940 2836,943 2881,946 2925,943 2970,940 3015,940"/>
                <TextEquiv>
                    <Unicode>Willy: Was fällt dir ein,Mutter? Es ist ja</Unicode>
                </TextEquiv>
            </TextLine>
            <TextLine id="tr_1_tl_5" custom="readingOrder {index:4;}">
                <Coords points="739,1172 2984,1172 3028,1024 2586,954 2152,1041 739,1041"/>
                <Baseline points="755,1092 800,1098 844,1101 889,1101 934,1104 979,1104 1024,1101 1068,1101 1113,1101 1158,1101 1203,1101 1247,1101 1292,1107 1337,1107 1382,1107 1427,1107 1471,1104 1516,1104 1561,1104 1606,1107 1650,1104 1695,1104 1740,1101 1785,1104 1830,1101 1874,1101 1919,1101 1964,1101 2009,1101 2054,1098 2098,1101 2143,1101 2188,1101 2233,1101 2277,1101 2322,1098 2367,1098 2412,1101 2457,1101 2501,1101 2546,1101 2591,1095 2636,1095 2680,1095 2725,1095 2770,1095 2815,1095 2860,1095 2904,1095 2949,1095 2994,1092 3036,1092"/>
                <TextEquiv>
                    <Unicode>in Auftrag. Ich kann doch nicht plötzlich</Unicode>
                </TextEquiv>
            </TextLine>
            <TextLine id="tr_1_tl_6" custom="readingOrder {index:5;}">
                <Coords points="727,1283 995,1280 1100,1361 2717,1318 2659,1175 727,1204"/>
                <Baseline points="743,1256 788,1256 832,1256 877,1256 922,1256 967,1256 1012,1256 1056,1256 1101,1253 1146,1256 1191,1259 1236,1259 1280,1262 1325,1262 1370,1259 1415,1256 1459,1259 1504,1259 1549,1259 1594,1256 1639,1259 1683,1259 1728,1256 1773,1256 1818,1259 1862,1259 1907,1256 1952,1256 1997,1256 2042,1256 2086,1256 2131,1253 2176,1259 2221,1256 2266,1250 2310,1253 2355,1253 2400,1253 2445,1250 2489,1250 2534,1253 2579,1253 2624,1256 2669,1259 2713,1262 2722,1265"/>
                <TextEquiv>
                    <Unicode>ich habe sogar schon einen Vorschuss.</Unicode>
                </TextEquiv>
            </TextLine>
            <TextLine id="tr_1_tl_7" custom="readingOrder {index:6;}">
                <Coords points="713,1501 1841,1466 1862,1326 1361,1358 1201,1323 1108,1367 713,1344"/>
                <Baseline points="728,1412 773,1409 818,1409 862,1409 907,1412 952,1412 997,1409 1041,1409 1086,1412 1131,1409 1176,1409 1221,1409 1265,1409 1310,1412 1355,1412 1400,1409 1444,1409 1489,1406 1534,1409 1579,1406 1624,1406 1668,1406 1713,1409 1758,1409 1803,1409 1848,1409 1868,1415"/>
                <TextEquiv>
                    <Unicode>Mutter: Ist das wahr?</Unicode>
                </TextEquiv>
            </TextLine>
            <TextLine id="tr_1_tl_8" custom="readingOrder {index:7;}">
                <Coords points="710,1649 2819,1614 2917,1594 2917,1431 2635,1501 2173,1440 1946,1510 710,1501"/>
                <Baseline points="725,1564 731,1564 776,1564 821,1567 865,1567 910,1567 955,1567 1000,1567 1044,1567 1089,1567 1134,1567 1179,1567 1224,1564 1268,1567 1313,1564 1358,1564 1403,1564 1447,1564 1492,1567 1537,1564 1582,1564 1627,1564 1671,1567 1716,1567 1761,1567 1806,1567 1851,1567 1895,1564 1940,1564 1985,1561 2030,1564 2074,1561 2119,1561 2164,1561 2209,1558 2254,1561 2298,1561 2343,1561 2388,1555 2433,1558 2477,1555 2522,1555 2567,1555 2612,1552 2657,1555 2701,1555 2746,1555 2791,1552 2836,1552 2881,1552 2925,1549"/>
                <TextEquiv>
                    <Unicode>Willy: (schlägt die Augen nider, bei sst die</Unicode>
                </TextEquiv>
            </TextLine>
            <TextLine id="tr_1_tl_9" custom="readingOrder {index:8;}">
                <Coords points="710,1792 788,1809 1123,1769 1248,1801 1338,1763 1513,1795 1539,1789 1542,1661 1341,1641 1068,1673 713,1643"/>
                <Baseline points="725,1722 743,1722 788,1722 832,1722 877,1725 922,1719 967,1719 1012,1719 1056,1722 1101,1719 1146,1716 1191,1716 1236,1716 1280,1716 1325,1716 1370,1716 1415,1716 1459,1716 1504,1716 1549,1710"/>
                <TextEquiv>
                    <Unicode>Lippen zusammen</Unicode>
                </TextEquiv>
            </TextLine>
            <TextLine id="tr_1_tl_10" custom="readingOrder {index:9;}">
                <Coords points="692,1949 2856,1914 2973,1862 2973,1769 692,1789"/>
                <Baseline points="707,1871 740,1868 785,1868 829,1868 874,1871 919,1868 964,1868 1009,1868 1053,1868 1098,1868 1143,1868 1188,1868 1233,1871 1277,1871 1322,1871 1367,1871 1412,1871 1456,1874 1501,1874 1546,1871 1591,1868 1636,1868 1680,1868 1725,1868 1770,1868 1815,1865 1859,1868 1904,1868 1949,1868 1994,1868 2039,1868 2083,1868 2128,1865 2173,1868 2218,1868 2263,1865 2307,1865 2352,1865 2397,1865 2442,1862 2486,1865 2531,1862 2576,1862 2621,1859 2666,1859 2710,1862 2755,1862 2800,1859 2845,1859 2889,1856 2934,1856 2979,1856"/>
                <TextEquiv>
                    <Unicode>Mutter: Willy! mit mir kann man schon auf</Unicode>
                </TextEquiv>
            </TextLine>
            <TextLine id="tr_1_tl_11" custom="readingOrder {index:10;}">
                <Coords points="692,2068 823,2097 878,2065 925,2103 1076,2120 1140,2083 1399,2120 1396,1960 1248,1955 1216,1931 1062,1966 893,1937 861,1960 692,1955"/>
                <Baseline points="707,2030 752,2024 797,2021 841,2024 886,2024 931,2024 976,2024 1021,2027 1065,2027 1110,2027 1155,2024 1200,2024 1244,2024 1289,2024 1334,2027 1379,2030 1403,2033"/>
                <TextEquiv>
                    <Unicode>richtig sein.</Unicode>
                </TextEquiv>
            </TextLine>
            <TextLine id="tr_1_tl_12" custom="readingOrder {index:11;}">
                <Coords points="689,2260 2816,2182 2798,1984 2216,2118 692,2065"/>
                <Baseline points="707,2176 719,2176 764,2173 809,2176 853,2179 898,2182 943,2182 988,2179 1032,2182 1077,2182 1122,2179 1167,2179 1212,2179 1256,2179 1301,2179 1346,2179 1391,2176 1436,2176 1480,2176 1525,2176 1570,2176 1615,2176 1659,2176 1704,2176 1749,2176 1794,2176 1839,2176 1883,2173 1928,2173 1973,2173 2018,2173 2062,2173 2107,2170 2152,2170 2197,2173 2242,2170 2286,2170 2331,2170 2376,2170 2421,2167 2466,2167 2510,2170 2555,2170 2600,2170 2645,2170 2689,2167 2734,2170 2779,2170 2824,2173"/>
                <TextEquiv>
                    <Unicode>Willy: Du hast Recht,Mutter,vezeih mir.</Unicode>
                </TextEquiv>
            </TextLine>
        </TextRegion>
        <TextRegion id="tr_2" custom="readingOrder {index:1;}">
            <Coords points="635,2266 2982,2266 2982,3565 635,3565"/>
            <TextLine id="tr_2_tl_1" custom="readingOrder {index:0;}">
                <Coords points="663,2342 1062,2330 1312,2420 1856,2336 2502,2365 2821,2339 2821,2211 663,2272"/>
                <Baseline points="680,2334 725,2334 770,2331 815,2331 859,2331 904,2331 949,2331 994,2331 1038,2331 1083,2331 1128,2331 1173,2331 1218,2331 1262,2331 1307,2331 1352,2331 1397,2331 1442,2328 1486,2328 1531,2328 1576,2328 1621,2328 1665,2328 1710,2328 1755,2328 1800,2328 1845,2328 1889,2328 1934,2325 1979,2325 2024,2325 2068,2322 2113,2325 2158,2325 2203,2325 2248,2325 2292,2322 2337,2322 2382,2322 2427,2322 2472,2322 2516,2322 2561,2322 2606,2322 2651,2322 2695,2319 2740,2319 2785,2316 2830,2316"/>
                <TextEquiv>
                    <Unicode>Auch wenn man wollte,man kann dir nichts</Unicode>
                </TextEquiv>
            </TextLine>
            <TextLine id="tr_2_tl_2" custom="readingOrder {index:1;}">
                <Coords points="669,2496 1009,2490 1097,2568 2883,2531 2883,2385 669,2435"/>
                <Baseline points="686,2483 695,2480 740,2483 785,2483 829,2483 874,2483 919,2483 964,2483 1009,2483 1053,2483 1098,2483 1143,2486 1188,2486 1233,2483 1277,2483 1322,2480 1367,2480 1412,2483 1456,2480 1501,2480 1546,2480 1591,2480 1636,2480 1680,2480 1725,2480 1770,2480 1815,2480 1859,2480 1904,2483 1949,2480 1994,2480 2039,2480 2083,2477 2128,2480 2173,2480 2218,2480 2263,2477 2307,2477 2352,2474 2397,2474 2442,2474 2486,2474 2531,2477 2576,2477 2621,2477 2666,2477 2710,2474 2755,2472 2800,2472 2845,2472 2889,2472"/>
                <TextEquiv>
                    <Unicode>verschweigen. Man soll auch nicht.Eigent</Unicode>
                </TextEquiv>
            </TextLine>
            <TextLine id="tr_2_tl_3" custom="readingOrder {index:2;}">
                <Coords points="660,2656 1501,2723 2068,2638 2798,2659 2874,2560 660,2566"/>
                <Baseline points="677,2639 686,2639 731,2636 776,2636 821,2633 865,2636 910,2633 955,2636 1000,2633 1044,2633 1089,2633 1134,2633 1179,2633 1224,2633 1268,2639 1313,2636 1358,2633 1403,2630 1447,2630 1492,2630 1537,2633 1582,2630 1627,2630 1671,2630 1716,2630 1761,2630 1806,2633 1851,2630 1895,2630 1940,2633 1985,2633 2030,2630 2074,2630 2119,2633 2164,2630 2209,2627 2254,2630 2298,2627 2343,2627 2388,2627 2433,2624 2477,2627 2522,2627 2567,2624 2612,2627 2657,2627 2701,2627 2746,2627 2791,2624 2836,2621 2881,2624"/>
                <TextEquiv>
                    <Unicode>lich wollt ich erst morgen; da du es doch</Unicode>
                </TextEquiv>
            </TextLine>
            <TextLine id="tr_2_tl_4" custom="readingOrder {index:3;}">
                <Coords points="643,2804 2458,2833 2865,2792 2868,2694 646,2694"/>
                <Baseline points="659,2788 677,2785 722,2785 767,2785 812,2785 856,2785 901,2785 946,2785 991,2785 1035,2785 1080,2782 1125,2782 1170,2782 1215,2782 1259,2782 1304,2779 1349,2779 1394,2779 1439,2779 1483,2779 1528,2779 1573,2782 1618,2779 1662,2782 1707,2782 1752,2782 1797,2779 1842,2779 1886,2782 1931,2782 1976,2779 2021,2779 2065,2779 2110,2779 2155,2779 2200,2776 2245,2776 2289,2779 2334,2776 2379,2776 2424,2773 2469,2776 2513,2776 2558,2776 2603,2773 2648,2776 2692,2776 2737,2776 2782,2776 2827,2776 2872,2779"/>
                <TextEquiv>
                    <Unicode>beinah efrätst - so ist es besser - Na, du</Unicode>
                </TextEquiv>
            </TextLine>
            <TextLine id="tr_2_tl_5" custom="readingOrder {index:4;}">
                <Coords points="625,2947 2728,2981 2824,2955 2827,2792 625,2853"/>
                <Baseline points="641,2931 683,2928 728,2925 773,2925 818,2925 862,2922 907,2922 952,2922 997,2919 1041,2919 1086,2919 1131,2919 1176,2919 1221,2919 1265,2922 1310,2919 1355,2916 1400,2916 1444,2919 1489,2916 1534,2913 1579,2913 1624,2913 1668,2910 1713,2910 1758,2910 1803,2907 1848,2907 1892,2907 1937,2907 1982,2904 2027,2904 2071,2904 2116,2901 2161,2901 2206,2904 2251,2901 2295,2901 2340,2904 2385,2901 2430,2898 2474,2898 2519,2895 2564,2895 2609,2895 2654,2892 2698,2895 2743,2895 2788,2898 2833,2895"/>
                <TextEquiv>
                    <Unicode>musst keine so erschrockenen Augn machen,</Unicode>
                </TextEquiv>
            </TextLine>
            <TextLine id="tr_2_tl_6" custom="readingOrder {index:5;}">
                <Coords points="620,3101 2225,3054 2714,3139 2952,3109 2955,2964 1073,3057 620,2999"/>
                <Baseline points="635,3081 677,3081 722,3081 767,3078 812,3075 856,3075 901,3072 946,3075 991,3072 1035,3075 1080,3075 1125,3075 1170,3072 1215,3072 1259,3072 1304,3072 1349,3072 1394,3072 1439,3069 1483,3069 1528,3069 1573,3066 1618,3069 1662,3066 1707,3066 1752,3066 1797,3066 1842,3066 1886,3066 1931,3063 1976,3060 2021,3060 2065,3057 2110,3057 2155,3057 2200,3060 2245,3057 2289,3054 2334,3054 2379,3054 2424,3051 2469,3051 2513,3051 2558,3048 2603,3048 2648,3048 2692,3051 2737,3045 2782,3045 2827,3045 2872,3045 2916,3042 2961,3042"/>
                <TextEquiv>
                    <Unicode>Mutter Frau van Zaak,Lisa - wird in weni-</Unicode>
                </TextEquiv>
            </TextLine>
            <TextLine id="tr_2_tl_7" custom="readingOrder {index:6;}">
                <Coords points="625,3281 1609,3223 1827,3310 2007,3217 2400,3208 2778,3267 2778,3153 2670,3112 628,3162"/>
                <Baseline points="644,3257 680,3245 725,3242 770,3239 815,3239 859,3236 904,3233 949,3236 994,3236 1038,3233 1083,3233 1128,3233 1173,3233 1218,3230 1262,3230 1307,3227 1352,3227 1397,3224 1442,3224 1486,3224 1531,3224 1576,3224 1621,3221 1665,3221 1710,3221 1755,3224 1800,3221 1845,3218 1889,3218 1934,3218 1979,3215 2024,3215 2068,3215 2113,3209 2158,3209 2203,3209 2248,3209 2292,3209 2337,3209 2382,3206 2427,3206 2472,3209 2516,3209 2561,3206 2606,3203 2651,3203 2695,3203 2740,3206 2785,3206"/>
                <TextEquiv>
                    <Unicode>gen Tagen nicht mehr Frau van Jack sein,</Unicode>
                </TextEquiv>
            </TextLine>
            <TextLine id="tr_2_tl_8" custom="readingOrder {index:7;}">
                <Coords points="666,3392 1271,3389 1390,3482 2976,3459 2979,3299 2749,3267 669,3322"/>
                <Baseline points="683,3391 698,3391 743,3394 788,3391 832,3391 877,3391 922,3391 967,3388 1012,3388 1056,3385 1101,3385 1146,3385 1191,3385 1236,3385 1280,3382 1325,3382 1370,3382 1415,3382 1459,3382 1504,3379 1549,3379 1594,3379 1639,3379 1683,3376 1728,3376 1773,3376 1818,3376 1862,3376 1907,3376 1952,3373 1997,3373 2042,3370 2086,3370 2131,3370 2176,3370 2221,3373 2266,3370 2310,3370 2355,3367 2400,3367 2445,3364 2489,3370 2534,3370 2579,3367 2624,3361 2669,3358 2713,3358 2758,3358 2803,3358 2848,3352 2892,3355 2937,3355 2982,3355"/>
                <TextEquiv>
                    <Unicode>heute hat es sich entschieden. Sie geht von</Unicode>
                </TextEquiv>
            </TextLine>
            <TextLine id="tr_2_tl_9" custom="readingOrder {index:8;}">
                <Coords points="622,3665 707,3653 768,3668 794,3648 942,3648 1006,3671 1102,3662 1105,3470 969,3485 910,3464 829,3511 739,3482 704,3450 625,3456"/>
                <Baseline points="641,3555 665,3552 710,3549 755,3549 800,3549 844,3549 889,3546 934,3546 979,3546 1024,3546 1068,3543 1113,3549"/>
                <TextEquiv>
                    <Unicode>ihm fort.</Unicode>
                </TextEquiv>
            </TextLine>
        </TextRegion>
    </Page>
</PcGts>
