3560 4088
3003 332 3182 536 167
826 497 3224 647 nicht verachten - mein Lieber, mein geliebter, -ich
816 630 1762 819 w체rde dran sterben.
816 770 1427 985 Willy: Lis채!
2658 926 3133 1105 Un sterb
816 956 1544 1089 Lisa: Morgen -
2798 1063 3166 1206 nur zu
803 1089 1918 1284 Willy: (fragender Blick)
793 1264 2730 1446 Lisa: Erwarte mich zur gewohnten Stunde.
1680 1388 2762 1570 Und moyen fehret de mes
783 1414 1323 1592 Willy:(ab).
790 1563 3341 1771 (Klavierspiel drin,steigende Bewegung. Lisa noch eine
767 1726 3377 1875 Weile an der T체re, dann langsam wieder dem andern Saale
764 1878 1820 1996 zu. Zack ihr entgegen)
751 2038 3357 2194 Lisa: Er ist fort. Mein Bild bleibt unvollendet.Morgen
734 2213 3156 2395 reist er wieder nach Italien zur체ck. Komm! Damen-
725 2334 2252 2532 wahl! (sie bietet sich ihm an).
1573 2509 1963 2642 Vorhang.
871 2577 2860 2958 Jan. Dr. Houssicht auf 14 Tge - a/M
1147 2880 1904 3104 fe wegges nicht
1037 3022 2620 3289 fort heim -. d t. A. 14 tg til -.
