3304 4120
485 465 2562 709 Winkler: (steht neben ihnen) Was gibts denn?
465 683 2899 887 Rapp: (zu Winkler) Er hat Schicksal spielen wollen.
472 814 3083 1042 Aber auch darin bleibet in ein Dilettant wie in allem.
468 989 2955 1223 Gleissner: Das wird sich zeigen. (er geht jetzt auf
455 1177 2978 1365 Albine zu) Komm, mein Kind, wir wollen jetzt ein neues
448 1303 1204 1487 Leben anfangen,
448 1454 2988 1609 Lisa: (zu Jack) Du hättest mich eben nicht mitbringen
448 1606 1246 1810 sollen, Fridolin.
442 1725 2542 1926 Zack: Ich bin vielleicht zu heftig gewesen.
445 1929 1421 2124 Lisa: Ganz bestimmt.
432 2008 2964 2288 Zack: (zu Willi) Entschuldigen Sie, Herr Langer, es lag
425 2213 2143 2427 natürlich nicht ir meiner Absicht -
442 2371 2806 2549 Willi: Es ist an mir um Entschuldigung zu bitten.
432 2529 3080 2730 Auch Sie, gnädige Frau ich war ja geradezu sudringlich.
422 2681 1939 2866 Verzeihen Sie mir, gnädige Frau.
412 2955 2331 3185 Lisa: (reicht ihm die Hand,er küsst sie)
419 3143 1962 3327 (Auch Zack reicht ihm die Hand).
412 3321 2922 3482 Fr. Flatterer: Man könnte vielleicht noch ein anderes
399 3489 1194 3660 Lokal aufsuchen.
