3592 4312
852 525 3232 765 aälein sind, in einem andern, aber noch nicht allzu
2019 635 2379 749 p. heure
823 687 3222 904 kühnen Ton) Das wär ja wundervoll, wenn ich Sie ma-
823 843 1993 1066 len dürfte, gnädige Frau.
801 937 3322 1215 Lisa: (lächelnd) Da müssen Sie Fridolin - (verbessert
807 1154 2042 1345 sich meinen Mann fragen.
801 1186 3141 1527 Willi: Warum? Es könnte ja - eine Ueberraschung
810 1475 1436 1660 für ihn sein.
794 1569 3079 1857 Lisa: (immer lächelnd) Darüber - darüber liesse
810 1805 1873 1958 sich vielleicht reden.
1663 1841 2159 1974 ed at it
788 1890 3150 2172 Willi: Aoh ja. Kommen Sie in mein Atelier, gnädige
797 2126 1050 2272 Frau!
781 2282 1322 2460 Lisa: Aber
784 2356 2447 2629 Willi: Sobald als möglich.- Morgen!
781 2531 3199 2755 Lisa: (wirklich erschrocken) Was fällt Ihnen ein.
775 2645 3254 2888 Willi: (dringender), näher zu ihr, sich über den Tisch
771 2826 2606 3092 beugend) Ich bitte Sie.Madonna Lisa
758 2885 3248 3212 Zack: (Beide beobachtend), rasch zu ihnenl) Was geht
726 3173 2567 3374 hier vor? Du bist blass, Liea - Herr
749 3306 3355 3530 Lisa: Nichts ist geschehen. Was hast du denn, Fridoliny
817 3442 3199 3672 (legt die Hand auf seinen Arm) Herr Langer fragte
2363 3601 3102 3860 gestatten würden.
745 3653 2301 3890 mich, ob er mein Portrait - ob du
