3544 4184
2788 369 2943 502 30
819 571 1175 707 nacher
816 642 2875 884 Treuenhof: Warum setzen Sie sich
2431 788 3154 1005 Morgablieben!
809 865 1420 1011 nicht.Zack?
1417 896 2183 1076 man ebis in Beyor
822 961 3188 1188 Zack: Ich bin sehen xxx weggehen. Ich - ich
1768 1098 2326 1206 in the Elle
915 1135 2980 1303 muss meine Frau/abholen, sie ist bei
806 1244 3064 1454 ihren Eltern. Familiensouper, ich absentie-
813 1436 2915 1619 re mich gern bei solchen Gelegenheiten.
1399 1563 2273 1715 him to be sie at
850 1631 3030 1808 Treuenhof : Grüssen Sie Lisadie Wundersa
794 1734 2847 1923 me. Ich habe sie lange nicht gesehen.
800 1889 3052 2115 v.Zack: In der Tat. Sie vermisst Sie sehr.
809 2081 2856 2248 Wann werden die uns endlich wieder das
803 2261 1727 2431 Vergnügen machen?
806 2372 3138 2515 Treuenhof: Bedauere.ich mache keine Besuche
794 2524 3030 2698 mehr. Wer-mich sehen will weiss,wo ich zu
788 2676 3092 2872 finden bin. (Warum bringen Sie Lisa nie hie-
788 2835 3284 3018 hors) Wie wurke leider außer Huit verzeiht
788 3030 2683 3182 Zack: Das wird wohl nicht - muss
1817 3073 3278 3185 Man mogen die es nicht treten
785 3129 3089 3346 Treuenhof: Warum nicht? Weht hier eine un-
791 3281 3067 3464 ge sundere Luft als im Hause Ihres Arbeiter
778 3433 2962 3601 aussaugenden,Hungerlöhne zahlenden Herrn
791 3591 3098 3780 Schwiegervaters? Sind diese Dirnen da nicht
