<?xml version="1.0" encoding="UTF-8" standalone="yes"?>
<PcGts xmlns="http://schema.primaresearch.org/PAGE/gts/pagecontent/2013-07-15" xmlns:xsi="http://www.w3.org/2001/XMLSchema-instance" xsi:schemaLocation="http://schema.primaresearch.org/PAGE/gts/pagecontent/2013-07-15 http://schema.primaresearch.org/PAGE/gts/pagecontent/2013-07-15/pagecontent.xsd">
    <Metadata>
        <Creator>prov=READ-COOP:name=TrHtr:version=2.1.0:model_id=51170:date=15_08_2023_00:56</Creator>
        <Created>2023-05-10T14:59:53.505+02:00</Created>
        <LastChange>2023-08-15T00:56:51.129+02:00</LastChange>
        <TranskribusMetadata docId="1428698" pageId="55428494" pageNr="58" tsid="132835459" status="IN_PROGRESS" userId="64420" imgUrl="https://files.transkribus.eu/Get?id=XLYNQMSGSSQBMPTEHORKSZHO&amp;fileType=view" xmlUrl="https://files.transkribus.eu/Get?id=JZCUNUZAKFHNRYLHBTZDXDCK" imageId="44702567"/>
    </Metadata>
    <Page imageFilename="1428698_0058.jpg" imageWidth="3544" imageHeight="4200">
        <ReadingOrder>
            <OrderedGroup id="ro_1711807773969" caption="Regions reading order">
                <RegionRefIndexed index="0" regionRef="tr_2"/>
                <RegionRefIndexed index="1" regionRef="tr_1"/>
            </OrderedGroup>
        </ReadingOrder>
        <TextRegion id="tr_2" custom="readingOrder {index:0;}">
            <Coords points="725,406 3313,406 3313,1821 725,1821"/>
            <TextLine id="tr_2_tl_1" custom="readingOrder {index:0;}">
                <Coords points="2912,515 2927,518 2946,536 2961,533 2994,509 3004,515 3025,506 3049,509 3052,378 3037,378 3019,363 3010,366 2998,353 2985,353 2964,329 2952,329 2937,314 2921,311"/>
                <Baseline points="2931,462 2967,459 3011,459 3056,456"/>
                <TextEquiv>
                    <Unicode>56</Unicode>
                </TextEquiv>
            </TextLine>
            <TextLine id="tr_2_tl_2" custom="readingOrder {index:1;}">
                <Coords points="731,737 2885,676 2934,524 2461,579 1922,521 1368,612 737,570"/>
                <Baseline points="752,680 788,680 832,680 877,680 922,677 967,677 1011,677 1056,674 1101,674 1146,674 1191,671 1235,671 1280,671 1325,671 1370,668 1414,665 1459,662 1504,662 1549,662 1594,659 1638,659 1683,662 1728,659 1773,662 1817,659 1862,656 1907,653 1952,650 1997,650 2041,647 2086,644 2131,641 2176,641 2220,635 2265,638 2310,635 2355,635 2400,635 2444,632 2489,632 2534,629 2579,626 2623,623 2668,623 2713,620 2758,620 2802,617 2847,617 2892,614 2937,617"/>
                <TextEquiv>
                    <Unicode>einmal eine Stellung für mich in Aussicht</Unicode>
                </TextEquiv>
            </TextLine>
            <TextLine id="tr_2_tl_3" custom="readingOrder {index:2;}">
                <Coords points="2163,789 2903,728 3004,783 3214,768 3305,740 3311,628 2565,701 2169,673"/>
                <Baseline points="2182,761 2194,758 2238,755 2283,755 2328,755 2373,752 2417,755 2462,746 2507,743 2552,740 2597,737 2641,734 2686,731 2731,731 2776,728 2820,728 2865,728 2910,725 2955,722 3000,719 3044,716 3089,716 3134,716 3179,713 3223,713 3268,713 3313,719"/>
                <TextEquiv>
                    <Unicode>Nen - di collé de schab</Unicode>
                </TextEquiv>
            </TextLine>
            <TextLine id="tr_2_tl_4" custom="readingOrder {index:3;}">
                <Coords points="2559,816 2589,804 2614,826 2644,807 2751,816 2806,853 2848,835 2885,853 2937,844 2937,737 2867,737 2848,755 2760,734 2675,752 2605,737 2559,749"/>
                <Baseline points="2576,797 2585,800 2629,797 2674,794 2719,797 2764,797 2808,797 2853,797 2898,797 2943,791"/>
                <TextEquiv>
                    <Unicode>in the trif.</Unicode>
                </TextEquiv>
            </TextLine>
            <TextLine id="tr_2_tl_5" custom="readingOrder {index:4;}">
                <Coords points="737,893 850,844 950,883 1121,850 1261,886 1389,826 1654,822 1657,719 1432,707 1380,743 1084,777 1014,743 905,777 819,743 740,783"/>
                <Baseline points="755,835 767,835 811,832 856,832 901,832 946,832 991,832 1035,829 1080,829 1125,829 1170,829 1214,826 1259,823 1304,820 1349,820 1394,817 1438,814 1483,814 1528,811 1573,808 1617,808 1662,811"/>
                <TextEquiv>
                    <Unicode>oder dergleichen?</Unicode>
                </TextEquiv>
            </TextLine>
            <TextLine id="tr_2_tl_6" custom="readingOrder {index:5;}">
                <Coords points="1359,920 2495,859 2501,762 2196,804 2074,737 1706,838 1362,835"/>
                <Baseline points="1376,883 1385,883 1429,886 1474,886 1519,883 1564,880 1608,880 1653,877 1698,877 1743,871 1788,865 1832,865 1877,862 1922,859 1967,856 2011,856 2056,856 2101,853 2146,850 2191,847 2235,847 2280,844 2325,841 2370,838 2414,838 2459,835 2504,844"/>
                <TextEquiv>
                    <Unicode>Möglich nahr, betrüb¬</Unicode>
                </TextEquiv>
            </TextLine>
            <TextLine id="tr_2_tl_7" custom="readingOrder {index:6;}">
                <Coords points="716,1002 2056,1027 2227,941 2708,932 2937,999 2943,847 2662,804 1846,917 719,874"/>
                <Baseline points="734,988 749,988 794,988 838,988 883,988 928,988 973,985 1017,985 1062,985 1107,985 1152,982 1197,979 1241,979 1286,976 1331,973 1376,970 1420,973 1465,973 1510,970 1555,967 1600,967 1644,964 1689,961 1734,961 1779,961 1823,961 1868,958 1913,955 1958,955 2002,952 2047,949 2092,946 2137,946 2182,946 2226,943 2271,940 2316,937 2361,937 2405,937 2450,934 2495,934 2540,931 2585,931 2629,931 2674,931 2719,931 2764,928 2808,925 2853,922 2898,919 2943,910"/>
                <TextEquiv>
                    <Unicode>Willi: Davon ist mir nichts bekannt. Aber</Unicode>
                </TextEquiv>
            </TextLine>
            <TextLine id="tr_2_tl_8" custom="readingOrder {index:7;}">
                <Coords points="2148,1033 2285,1033 2333,1008 2428,1030 2474,1008 2583,1030 2787,1002 2842,1020 2860,938 2778,966 2708,935 2632,984 2534,950 2391,984 2321,947 2273,984 2221,944 2148,975"/>
                <Baseline points="2164,1008 2197,1008 2241,1008 2286,1005 2331,1005 2376,1005 2420,1005 2465,1005 2510,1005 2555,1002 2600,1005 2644,1005 2689,1002 2734,1002 2779,1000 2823,991 2868,988"/>
                <TextEquiv>
                    <Unicode>5 hériture et ciel</Unicode>
                </TextEquiv>
            </TextLine>
            <TextLine id="tr_2_tl_9" custom="readingOrder {index:8;}">
                <Coords points="713,1173 2760,1151 2882,1139 2885,1020 719,1039"/>
                <Baseline points="734,1140 743,1140 788,1140 832,1140 877,1140 922,1140 967,1137 1011,1134 1056,1134 1101,1131 1146,1131 1191,1128 1235,1128 1280,1125 1325,1125 1370,1125 1414,1122 1459,1122 1504,1122 1549,1125 1594,1122 1638,1119 1683,1116 1728,1116 1773,1113 1817,1110 1862,1110 1907,1107 1952,1107 1997,1104 2041,1104 2086,1101 2131,1101 2176,1101 2220,1095 2265,1092 2310,1092 2355,1089 2400,1089 2444,1089 2489,1086 2534,1083 2579,1083 2623,1080 2668,1080 2713,1080 2758,1077 2802,1074 2847,1071 2892,1068"/>
                <TextEquiv>
                    <Unicode>kommen musst du jedenfalls. Wenigstens zu</Unicode>
                </TextEquiv>
            </TextLine>
            <TextLine id="tr_2_tl_10" custom="readingOrder {index:9;}">
                <Coords points="707,1340 2903,1292 2985,1142 710,1234"/>
                <Baseline points="725,1301 755,1301 800,1298 844,1298 889,1295 934,1292 979,1289 1023,1289 1068,1286 1113,1289 1158,1286 1202,1283 1247,1280 1292,1280 1337,1277 1382,1274 1426,1274 1471,1274 1516,1274 1561,1274 1605,1277 1650,1277 1695,1274 1740,1268 1785,1262 1829,1262 1874,1259 1919,1259 1964,1256 2008,1256 2053,1253 2098,1253 2143,1250 2188,1247 2232,1247 2277,1244 2322,1244 2367,1241 2411,1238 2456,1238 2501,1238 2546,1235 2591,1238 2635,1238 2680,1235 2725,1232 2770,1229 2814,1226 2859,1226 2904,1223 2949,1223 2994,1223"/>
                <TextEquiv>
                    <Unicode>mir ins Atelier. nu musst dir meine Sachen</Unicode>
                </TextEquiv>
            </TextLine>
            <TextLine id="tr_2_tl_11" custom="readingOrder {index:10;}">
                <Coords points="725,1523 2924,1465 2930,1286 728,1371"/>
                <Baseline points="743,1453 785,1447 829,1447 874,1444 919,1444 964,1444 1008,1441 1053,1441 1098,1441 1143,1438 1188,1438 1232,1438 1277,1435 1322,1432 1367,1426 1411,1426 1456,1429 1501,1426 1546,1423 1591,1423 1635,1423 1680,1420 1725,1420 1770,1417 1814,1417 1859,1414 1904,1411 1949,1408 1994,1408 2038,1405 2083,1405 2128,1405 2173,1402 2217,1402 2262,1400 2307,1400 2352,1397 2397,1394 2441,1394 2486,1391 2531,1391 2576,1391 2620,1391 2665,1388 2710,1388 2755,1385 2800,1382 2844,1379 2889,1379 2934,1379"/>
                <TextEquiv>
                    <Unicode>ansehen. Oder interessierst du dich dafür</Unicode>
                </TextEquiv>
            </TextLine>
            <TextLine id="tr_2_tl_12" custom="readingOrder {index:11;}">
                <Coords points="710,1618 2763,1611 2903,1584 2906,1453 2787,1514 2684,1447 1289,1547 713,1508"/>
                <Baseline points="728,1605 761,1605 805,1602 850,1600 895,1600 940,1600 985,1600 1029,1597 1074,1597 1119,1594 1164,1594 1208,1591 1253,1588 1298,1588 1343,1585 1388,1585 1432,1582 1477,1582 1522,1582 1567,1579 1611,1579 1656,1576 1701,1573 1746,1573 1791,1570 1835,1570 1880,1570 1925,1567 1970,1564 2014,1564 2059,1564 2104,1561 2149,1558 2194,1558 2238,1558 2283,1555 2328,1552 2373,1552 2417,1546 2462,1546 2507,1546 2552,1543 2597,1543 2641,1543 2686,1546 2731,1543 2776,1546 2820,1543 2865,1543 2910,1540"/>
                <TextEquiv>
                    <Unicode>auch nicht mehr? Ich bin sehr fleissig ge</Unicode>
                </TextEquiv>
            </TextLine>
            <TextLine id="tr_2_tl_13" custom="readingOrder {index:12;}">
                <Coords points="722,1770 2626,1742 2870,1703 2876,1587 725,1682"/>
                <Baseline points="740,1758 776,1758 820,1755 865,1755 910,1755 955,1755 1000,1755 1044,1752 1089,1752 1134,1755 1179,1749 1223,1749 1268,1743 1313,1740 1358,1740 1402,1740 1447,1737 1492,1734 1537,1731 1582,1731 1626,1734 1671,1731 1716,1728 1761,1725 1805,1722 1850,1719 1895,1719 1940,1722 1985,1719 2029,1719 2074,1716 2119,1713 2164,1710 2208,1710 2253,1710 2298,1704 2343,1701 2388,1701 2432,1698 2477,1698 2522,1695 2567,1695 2611,1695 2656,1695 2701,1695 2746,1692 2791,1686 2835,1686 2880,1683"/>
                <TextEquiv>
                    <Unicode>wesen in Rom. Ich hoffe,manches wird dir</Unicode>
                </TextEquiv>
            </TextLine>
            <TextLine id="tr_2_tl_14" custom="readingOrder {index:13;}">
                <Coords points="1270,1816 2766,1800 3110,1761 3147,1654 2921,1642 2620,1742 1273,1764"/>
                <Baseline points="1286,1811 1316,1808 1361,1808 1405,1808 1450,1805 1495,1802 1540,1800 1585,1800 1629,1797 1674,1797 1719,1794 1764,1791 1808,1788 1853,1788 1898,1788 1943,1782 1988,1782 2032,1779 2077,1776 2122,1767 2167,1770 2211,1767 2256,1770 2301,1764 2346,1764 2391,1761 2435,1761 2480,1761 2525,1761 2570,1764 2614,1767 2659,1764 2704,1761 2749,1761 2794,1764 2838,1758 2883,1752 2928,1749 2973,1746 3017,1746 3062,1743 3107,1743 3152,1743"/>
                <TextEquiv>
                    <Unicode>Du bittet hat en augustia - 4 erlant 1- (S. S. F.</Unicode>
                </TextEquiv>
            </TextLine>
        </TextRegion>
        <TextRegion id="tr_1" custom="readingOrder {index:1;}">
            <Coords points="710,1788 3164,1788 3164,3738 710,3738"/>
            <TextLine id="tr_1_tl_1" custom="readingOrder {index:0;}">
                <Coords points="716,1931 2815,1944 3025,1922 3031,1761 719,1846"/>
                <Baseline points="734,1928 752,1925 797,1919 841,1916 886,1910 931,1910 976,1907 1020,1907 1065,1907 1110,1904 1155,1904 1200,1904 1244,1907 1289,1904 1334,1901 1379,1898 1423,1895 1468,1892 1513,1889 1558,1889 1602,1886 1647,1886 1692,1883 1737,1883 1782,1883 1826,1880 1871,1880 1916,1877 1961,1871 2005,1871 2050,1868 2095,1868 2140,1865 2185,1862 2229,1859 2274,1859 2319,1856 2364,1856 2408,1856 2453,1853 2498,1853 2543,1856 2588,1853 2632,1853 2677,1850 2722,1850 2767,1850 2811,1844 2856,1844 2901,1844 2946,1841 2991,1838 3035,1838"/>
                <TextEquiv>
                    <Unicode>gefallen. (auf Lisa hinüberdeutend,die auch</Unicode>
                </TextEquiv>
            </TextLine>
            <TextLine id="tr_1_tl_2" custom="readingOrder {index:1;}">
                <Coords points="719,2129 3058,2096 3086,1913 725,1980"/>
                <Baseline points="740,2062 761,2065 805,2065 850,2065 895,2065 940,2062 985,2062 1029,2059 1074,2059 1119,2056 1164,2053 1208,2053 1253,2050 1298,2050 1343,2047 1388,2047 1432,2047 1477,2041 1522,2041 1567,2041 1611,2041 1656,2041 1701,2038 1746,2038 1791,2038 1835,2038 1880,2035 1925,2032 1970,2032 2014,2032 2059,2026 2104,2026 2149,2023 2194,2020 2238,2020 2283,2017 2328,2017 2373,2017 2417,2014 2462,2008 2507,2008 2552,2005 2597,2005 2641,2002 2686,2000 2731,2000 2776,2000 2820,1997 2865,1997 2910,1994 2955,1994 3000,1991 3044,1991 3089,1985"/>
                <TextEquiv>
                    <Unicode>ihn schon öfters angesehen hat) Die hat übri-</Unicode>
                </TextEquiv>
            </TextLine>
            <TextLine id="tr_1_tl_3" custom="readingOrder {index:2;}">
                <Coords points="713,2266 2900,2215 2903,2087 716,2160"/>
                <Baseline points="731,2235 758,2229 802,2229 847,2223 892,2220 937,2217 982,2217 1026,2214 1071,2211 1116,2211 1161,2211 1205,2211 1250,2211 1295,2208 1340,2205 1385,2202 1429,2202 1474,2200 1519,2197 1564,2194 1608,2194 1653,2194 1698,2191 1743,2191 1788,2188 1832,2188 1877,2188 1922,2188 1967,2185 2011,2182 2056,2179 2101,2179 2146,2179 2191,2176 2235,2173 2280,2173 2325,2173 2370,2170 2414,2167 2459,2167 2504,2167 2549,2167 2594,2164 2638,2161 2683,2161 2728,2158 2773,2155 2817,2152 2862,2152 2907,2152"/>
                <TextEquiv>
                    <Unicode>gens eine ganz italienische Physiognomie.</Unicode>
                </TextEquiv>
            </TextLine>
            <TextLine id="tr_1_tl_4" custom="readingOrder {index:3;}">
                <Coords points="707,2458 1910,2397 2251,2464 2452,2385 3132,2452 3156,2242 713,2291"/>
                <Baseline points="728,2376 746,2376 791,2376 835,2373 880,2373 925,2373 970,2373 1014,2373 1059,2370 1104,2367 1149,2367 1194,2364 1238,2364 1283,2364 1328,2358 1373,2358 1417,2358 1462,2355 1507,2352 1552,2352 1597,2355 1641,2352 1686,2349 1731,2349 1776,2346 1820,2343 1865,2343 1910,2340 1955,2337 2000,2337 2044,2337 2089,2334 2134,2334 2179,2331 2223,2328 2268,2331 2313,2331 2358,2331 2402,2328 2447,2325 2492,2325 2537,2325 2582,2319 2626,2322 2671,2316 2716,2316 2761,2316 2805,2316 2850,2316 2895,2310 2940,2307 2985,2301 3029,2301 3074,2292 3119,2289 3164,2283"/>
                <TextEquiv>
                    <Unicode>Treuenhof: (dreht sich flüchtig um) Ach ja, m.</Unicode>
                </TextEquiv>
            </TextLine>
            <TextLine id="tr_1_tl_5" custom="readingOrder {index:4;}">
                <Coords points="713,2541 795,2580 826,2562 938,2586 996,2547 1057,2580 1094,2550 1209,2586 1319,2525 1365,2538 1371,2428 1267,2410 1124,2455 1005,2434 862,2477 755,2449 716,2464"/>
                <Baseline points="731,2531 749,2531 794,2528 838,2525 883,2528 928,2528 973,2525 1017,2525 1062,2525 1107,2519 1152,2516 1197,2516 1241,2516 1286,2513 1331,2507 1376,2507"/>
                <TextEquiv>
                    <Unicode>Frau Zack —½</Unicode>
                </TextEquiv>
            </TextLine>
            <TextLine id="tr_1_tl_6" custom="readingOrder {index:5;}">
                <Coords points="713,2687 1429,2742 2336,2665 2446,2729 2854,2672 3019,2556 2419,2510 716,2608"/>
                <Baseline points="731,2683 740,2683 785,2683 829,2683 874,2683 919,2680 964,2680 1008,2680 1053,2677 1098,2674 1143,2671 1188,2671 1232,2668 1277,2668 1322,2665 1367,2665 1411,2662 1456,2662 1501,2659 1546,2659 1591,2659 1635,2659 1680,2659 1725,2656 1770,2653 1814,2653 1859,2650 1904,2647 1949,2647 1994,2644 2038,2644 2083,2641 2128,2641 2173,2641 2217,2638 2262,2638 2307,2638 2352,2638 2397,2635 2441,2632 2486,2632 2531,2629 2576,2626 2620,2623 2665,2620 2710,2620 2755,2620 2800,2620 2844,2620 2889,2620 2934,2620 2979,2614 3023,2620"/>
                <TextEquiv>
                    <Unicode>Willi: Ein bildhübsches Wesen. Ich habe gar</Unicode>
                </TextEquiv>
            </TextLine>
            <TextLine id="tr_1_tl_7" custom="readingOrder {index:6;}">
                <Coords points="710,2888 2964,2809 3065,2726 2336,2665 713,2775"/>
                <Baseline points="731,2835 743,2838 788,2838 832,2838 877,2835 922,2835 967,2832 1011,2832 1056,2832 1101,2832 1146,2829 1191,2826 1235,2826 1280,2826 1325,2823 1370,2823 1414,2823 1459,2820 1504,2814 1549,2814 1594,2811 1638,2811 1683,2808 1728,2805 1773,2805 1817,2805 1862,2802 1907,2802 1952,2800 1997,2800 2041,2800 2086,2800 2131,2794 2176,2794 2220,2791 2265,2791 2310,2791 2355,2791 2400,2788 2444,2785 2489,2785 2534,2782 2579,2782 2623,2779 2668,2776 2713,2776 2758,2773 2802,2773 2847,2773 2892,2773 2937,2773 2982,2773 3026,2773 3071,2773"/>
                <TextEquiv>
                    <Unicode>nicht gedacht, dass man in solchen lokalen...</Unicode>
                </TextEquiv>
            </TextLine>
            <TextLine id="tr_1_tl_8" custom="readingOrder {index:7;}">
                <Coords points="1688,2879 1724,2888 1733,2879 1773,2903 1813,2873 1831,2888 1901,2894 1919,2879 1947,2888 1950,2845 1907,2845 1880,2821 1861,2830 1837,2812 1791,2824 1770,2818 1736,2833 1691,2830"/>
                <Baseline points="1704,2871 1728,2871 1773,2871 1817,2868 1862,2868 1868,2868 1913,2868 1958,2868"/>
                <TextEquiv>
                    <Unicode>it in</Unicode>
                </TextEquiv>
            </TextLine>
            <TextLine id="tr_1_tl_9" custom="readingOrder {index:8;}">
                <Coords points="710,3049 2988,2994 3031,2809 1983,2906 716,2873"/>
                <Baseline points="731,2994 749,2994 794,2991 838,2991 883,2991 928,2988 973,2988 1017,2985 1062,2985 1107,2979 1152,2976 1197,2976 1241,2976 1286,2976 1331,2973 1376,2973 1420,2973 1465,2970 1510,2970 1555,2970 1600,2964 1644,2961 1689,2961 1734,2961 1779,2958 1823,2955 1868,2955 1913,2955 1958,2952 2002,2952 2047,2952 2092,2949 2137,2946 2182,2946 2226,2946 2271,2946 2316,2940 2361,2934 2405,2934 2450,2934 2495,2931 2540,2931 2585,2928 2629,2925 2674,2925 2719,2925 2764,2922 2808,2919 2853,2919 2898,2919 2943,2919 2988,2919 3032,2922"/>
                <TextEquiv>
                    <Unicode>Treuenhof: Ja, heute ist auch ein besonderer</Unicode>
                </TextEquiv>
            </TextLine>
            <TextLine id="tr_1_tl_10" custom="readingOrder {index:9;}">
                <Coords points="695,3189 2477,3125 2614,3098 2617,3034 2123,2973 1849,3049 698,3061"/>
                <Baseline points="710,3149 740,3146 785,3146 829,3146 874,3149 919,3146 964,3146 1008,3140 1053,3137 1098,3134 1143,3134 1188,3131 1232,3125 1277,3125 1322,3125 1367,3125 1411,3125 1456,3122 1501,3119 1546,3119 1591,3116 1635,3116 1680,3113 1725,3113 1770,3113 1814,3110 1859,3107 1904,3107 1949,3104 1994,3101 2038,3101 2083,3101 2128,3101 2173,3098 2217,3095 2262,3095 2307,3092 2352,3092 2397,3092 2441,3089 2486,3089 2531,3086 2576,3086 2620,3083"/>
                <TextEquiv>
                    <Unicode>Tag, und eine besondere Gesellschaft,</Unicode>
                </TextEquiv>
            </TextLine>
            <TextLine id="tr_1_tl_11" custom="readingOrder {index:10;}">
                <Coords points="707,3314 3074,3296 3107,3049 2574,3183 713,3189"/>
                <Baseline points="728,3295 737,3292 782,3292 826,3292 871,3295 916,3292 961,3289 1005,3289 1050,3286 1095,3286 1140,3283 1185,3280 1229,3277 1274,3274 1319,3271 1364,3271 1408,3271 1453,3268 1498,3268 1543,3265 1588,3265 1632,3265 1677,3262 1722,3262 1767,3259 1811,3259 1856,3259 1901,3256 1946,3253 1991,3253 2035,3253 2080,3253 2125,3250 2170,3247 2214,3244 2259,3244 2304,3244 2349,3244 2394,3241 2438,3235 2483,3235 2528,3235 2573,3235 2617,3232 2662,3232 2707,3229 2752,3232 2797,3229 2841,3226 2886,3226 2931,3223 2976,3223 3020,3223 3065,3223 3110,3229"/>
                <TextEquiv>
                    <Unicode>Es ist nämlich die Frau von Jack.Lisa.</Unicode>
                </TextEquiv>
            </TextLine>
            <TextLine id="tr_1_tl_12" custom="readingOrder {index:11;}">
                <Coords points="701,3491 2489,3454 2842,3357 3025,3397 3052,3275 707,3317"/>
                <Baseline points="719,3423 725,3423 770,3417 814,3417 859,3417 904,3414 949,3414 994,3411 1038,3411 1083,3411 1128,3408 1173,3405 1217,3402 1262,3402 1307,3400 1352,3397 1397,3397 1441,3397 1486,3394 1531,3394 1576,3391 1620,3394 1665,3391 1710,3388 1755,3385 1800,3385 1844,3385 1889,3382 1934,3382 1979,3382 2023,3376 2068,3376 2113,3376 2158,3373 2202,3370 2247,3367 2292,3367 2337,3364 2382,3364 2426,3364 2471,3367 2516,3364 2561,3361 2605,3358 2650,3355 2695,3355 2740,3352 2785,3352 2829,3352 2874,3352 2919,3349 2964,3352 3008,3361 3053,3361"/>
                <TextEquiv>
                    <Unicode>Willi: lch wusste nicht,dass Herr Zach ver-</Unicode>
                </TextEquiv>
            </TextLine>
            <TextLine id="tr_1_tl_13" custom="readingOrder {index:12;}">
                <Coords points="691,3628 1529,3649 2044,3561 3007,3634 3074,3394 698,3485"/>
                <Baseline points="710,3579 746,3573 791,3573 835,3570 880,3570 925,3567 970,3567 1014,3567 1059,3564 1104,3561 1149,3561 1194,3561 1238,3558 1283,3555 1328,3555 1373,3555 1417,3552 1462,3552 1507,3552 1552,3549 1597,3546 1641,3543 1686,3543 1731,3543 1776,3540 1820,3540 1865,3540 1910,3534 1955,3534 2000,3534 2044,3531 2089,3531 2134,3531 2179,3528 2223,3528 2268,3528 2313,3525 2358,3522 2402,3519 2447,3519 2492,3516 2537,3519 2582,3516 2626,3513 2671,3510 2716,3510 2761,3507 2805,3507 2850,3504 2895,3504 2940,3501 2985,3501 3029,3498 3074,3498"/>
                <TextEquiv>
                    <Unicode>heiratet ist,und noch weniger, dass hier auch</Unicode>
                </TextEquiv>
            </TextLine>
            <TextLine id="tr_1_tl_14" custom="readingOrder {index:13;}">
                <Coords points="707,3786 957,3744 1127,3790 1474,3713 2303,3799 2309,3610 710,3649"/>
                <Baseline points="728,3728 749,3725 794,3725 838,3722 883,3722 928,3719 973,3719 1017,3719 1062,3716 1107,3716 1152,3716 1197,3713 1241,3713 1286,3713 1331,3713 1376,3713 1420,3707 1465,3707 1510,3701 1555,3704 1600,3701 1644,3701 1689,3701 1734,3701 1779,3698 1823,3695 1868,3692 1913,3692 1958,3689 2002,3686 2047,3686 2092,3683 2137,3680 2182,3683 2226,3683 2271,3683 2313,3692"/>
                <TextEquiv>
                    <Unicode>verhei ratete Frauen verkehren.</Unicode>
                </TextEquiv>
            </TextLine>
        </TextRegion>
    </Page>
</PcGts>
