3528 4088
544 434 2576 725 d) Lisz - - - unübrig. (copfangl hoch.
579 632 2431 905 S. Plallere... (as de re jingt -
571 774 1217 981 For Minum
786 905 3127 1121 Weilet die Mier? - R-alle mögten se
623 1039 1886 1243 Sev.  Novembl.  Loffert
501 1217 2396 1450 2) Jack day - Spiel N Theenfor.
748 1371 2786 1569 Les Mérie avant dt veuft en Schile
670 1560 2213 1764 lad. H/ken nicht Tazu. -
786 1657 1951 1919 Yours, and Altmé
859 1843 2215 2073 heile unverständtert.
940 1948 3004 2213 it die ist mitt den schliert teil
917 2175 3048 2443 Heim. Allme: Auston benetin
879 2338 1732 2571 uhthorgen
751 2434 2483 2751 Sreich of day is a hills.
725 2652 1869 2926 (Welt--Lie-
975 2870 1258 3019 Mr
754 3031 2908 3266 tig. Ich tat ist auf verspragt!
821 3144 2210 3377 kent und d Nabl.
806 3342 2935 3604 Mll. Mon tout de de gelle!
795 3523 2687 3831 Und das morgen wegende zu
