3430 4136
2644 320 2782 474 87
2045 404 2244 519 mit
535 478 2820 702 nicht am Ende geht wie mir in der Klavier-
522 647 2929 811 spielerei, dass er damit endet dumme Buben im
538 817 1878 987 Zeichnen zu unterrichten.
1144 907 1949 1022 a nallert ue delitrit
526 939 2715 1144 Mutter:Du wolltest ja auch nie Virtuosin
519 1106 2939 1276 werden,Berta. Und du bist ja darum nicht we-
503 1260 1417 1449 niger,weiss Gott
1410 1314 1766 1506 Nähehaft
510 1394 3083 1599 Borta: Ich hätte gar nichts dagegen, dass an den
1744 1542 2067 1631 and my
510 1596 2753 1776 der Willi mehr wird als ich. Wirklich, von
510 1715 2590 1904 ganzem Herzen wünsche ichs ihm. (leise
497 1888 2324 2051 Nicht nur um seinetwillen. (Pause
500 2035 2667 2247 Mutter: (fragend,beiläufig) Ist sie eine
490 2227 1170 2368 schöne Frau?
497 2314 2715 2542 perta: Wer? Ach so. Ja, man kann sie schon
490 2503 2820 2683 schön nennen. Ich hab sie übrigens schon ge
481 2689 801 2862 kannt.
462 2808 1875 3009 Mutter: (verwundeter Blick)
462 2974 1984 3109 Berta: Von dem-Portrait her.
455 3147 2042 3285 Mutter: Er hat's dir gezoigt?
452 3279 2699 3436 porta: Aber was fällt dir ein? So was tut
468 3397 2856 3590 er doch nicht. Bevor was fertig ist.-Ich war
885 3551 1253 3673 an Atelie.
465 3586 2465 3798 einmal oben wie er nicht zuhause war,
