3624 4120
2822 304 3013 504 106
894 423 3230 679 uneheliche Kinder in die Welt gesetzt zu ha-
1290 587 1576 700 lht oul
876 635 3266 846 ben, auch wenn ein paar von ihnen hätten ver-
873 775 1684 960 hungern müssen.
864 936 2980 1103 Mutter: Aber siexxxxx das ist ja alles
870 1049 2971 1240 nicht wahr. Sie kennen sich ja selber
858 1228 3123 1389 nicht, Anastasius, ich weiss von Ihrem Her
843 1404 3120 1600 zen mehr als Sie. Sie sollen wieder an Ihr
834 1532 3013 1719 Herz glauben lernen. (Sie werden sehen -)
828 1836 3111 2020 Willy: (tritt ein; aufgeräumt, etwas unsicher,
817 2014 3153 2196 alle begrüss send) Guten Abend. Guten Abend,
811 2137 3019 2321 Onkel.Ich hab dich warten lassen,Treuen of
799 2315 3046 2494 verzeih! (Ich musste ein bischen ins Freie).
784 2470 2950 2628 Der Frack ist schon da. Sie hängen beide
802 2608 2971 2780 oben im Atelier. Wir werden gut zu einan-
781 2727 2986 2929 der stimmen. Du dunkelrot, ich blau. (zur
766 2926 3046 3081 Mutter) Wir gehen nämlich auf einen Kostüm
757 3066 2050 3257 ball -zu Herrn van Zack.
751 3230 2432 3403 Mutter: Wir wissen schon,Willy.
742 3400 2989 3576 Beraa: (hat einen Blick ins Nebenzimmer ge-
