3560 4280
883 496 3244 768 Treuenhof: (Ganz interessante Menschen.) Der Kleine
880 723 3295 880 ist ein Anarchist, wissenschaftlicher natürlich. Und
1100 838 1289 934 Mor
883 860 3231 1004 der Lange, der schreibt-die Gespräche mit mir auf.
880 988 3336 1232 Winkler: Mit so wem kannst du reden? Na, gute Unter-
867 1232 1283 1321 haltung!
1398 1267 1791 1391 Seh ich
860 1308 2444 1471 Treuenhof: dich bald nieder?
864 1478 3128 1721 Winkler: Hier nicht. - Ich bleib auch nicht mehr
867 1663 1510 1791 lang in Wien.
854 1839 1507 1935 Treuenhof: O!
860 1894 3084 2134 Winkler: Fahr mit. Bist freundlich eingeladen.
857 2082 3128 2252 Würde dir sehr gut tun. Frische Luft, Einsamkeit,
844 2294 2191 2457 Schweigen. Probier's einmal!
841 2386 3288 2565 Treuenhof: Ich bin auch hier einsam. Und meine Seele
848 2575 2226 2709 ist stumm, auch wenn ich rede.
832 2754 2703 2850 Winkler: Und der dorten schreibt's auf!
835 2815 3298 3128 Treuenhof: Du nimmst alles so wörtlich, so furchtbar
819 3080 1420 3196 wörtlich.
816 3228 3381 3336 Winkler: Allerdings. Anders kann man sich halt schwer
867 3387 1548 3586 verständigen.
