3544 4200
2880 360 3020 560 58
766 497 1757 733 Willy: Gefährlich?
712 715 2988 900 Treuenhof: Gerade in Euerem Haus war ich im-
700 849 2943 1034 mer wieder nahe daran meine Sollung im All
2034 968 2276 1069 nti in
703 986 2675 1203 zu verkennen, mich selbst/ zu betrügen.
697 1105 2958 1388 Willi: Was heisst das, dich selbst zu betrü
715 1361 941 1522 gen?
697 1474 3053 1644 Treuenhof: An mich glauben, das nenn ich mich
1317 1579 2264 1707 bouillage de m'estarder encore
691 1606 2904 1787 betrügen./Gib s doch endlich auf. Ich bin
694 1754 3089 1966 wie ich bin,du bist wie du bist. Ich schlep
691 1930 2833 2136 michweiter,du schwebst. Ich sinkein die
691 2106 3068 2255 wacht,h steigst zum Licht empor. Ich war im
682 2258 2919 2407 mer alt,du wirst immer jung sein,geradeso
676 2395 3062 2589 wie deine Mutter.Ja, die ist heute wie sie van
685 2523 2988 2764 zwanzig Jahran war. Ich habe eigentlich gar
679 2687 3009 2886 nichts Trauriges erlebt und war immer zorbro-
679 2851 3053 3053 chen. Sie hat einen wann verloren, den sie ab-
676 3020 2994 3184 göttisch geliebt hat und hat heute noch den
676 3131 3050 3324 Mut und die Lust sich um Menschen zu kümmern,
688 3262 2877 3485 die sie gar nichts angehen: um Waisen, um
682 3417 3026 3640 Wöchnerinnen, um Taubstumme, um was weiss ich.
