3512 4184
2838 383 3025 558 150
872 561 3299 752 kurz. als dass eine Wahrheit länger existieren dürf
1232 709 1736 824 zu den Stane
881 776 2318 930 te, als während eines Atemzugs.
1431 851 2856 975 I am in the..  Mr Crescheit
881 921 3133 1096 van "Zack:Was soll ich tun, Anastasius Treuenhof?
866 1093 3224 1256 Treuenhof: (sieht ihn eine Weile an) Verschwinden.
866 1247 1899 1367 Zack: Was heisst das?
863 1383 3239 1576 Treuenhof: Sie wollen Klarheitt haben? Da gibt es
851 1515 3167 1718 nur ein Mittel; Verschwinden. Ihre Anwesenheit
860 1694 2976 1857 verwirrt das ganze Spiel. Jedes Wort, jeder
854 1857 3206 2010 Ihrer Blicke, das Bewusstsein Ihrer Nähe,Ihr Vor-
851 2014 2980 2186 handensein wirkt  natürlich auf Lisa wie eine
848 2149 3091 2306 Drohung, wie eine Erpressung. Reisen Sie ab, van
845 2324 3221 2500 Zack!so rasch wie möglich und von irgendwoher, aus
842 2487 3179 2647 London, aus San Francisco,meinetwegen aus Mönich-
2152 2560 2427 2666 druge
842 2608 3203 2768 kirchen telegraphieren Sie ihr, dass sie frei ist,
839 2774 3227 2970 Zurka xxx.
857 2910 3079 3146 dass sie über sich verfügen kann,wie
842 3112 3176 3266 es ihr beliebt, ohne das Geringste von Ihnen be-
848 3266 1769 3408 fürchten zu müssen.
830 3384 3019 3619 Zack: (bitter lächelnd) Sie haben nie geliebt,
848 3595 1331 3719 Treuenhof.
