<?xml version="1.0" encoding="UTF-8" standalone="yes"?>
<PcGts xmlns="http://schema.primaresearch.org/PAGE/gts/pagecontent/2013-07-15" xmlns:xsi="http://www.w3.org/2001/XMLSchema-instance" xsi:schemaLocation="http://schema.primaresearch.org/PAGE/gts/pagecontent/2013-07-15 http://schema.primaresearch.org/PAGE/gts/pagecontent/2013-07-15/pagecontent.xsd">
    <Metadata>
        <Creator>prov=READ-COOP:name=TrHtr:version=2.1.0:model_id=51170:date=15_08_2023_00:57</Creator>
        <Created>2023-05-10T15:00:18.416+02:00</Created>
        <LastChange>2023-08-15T00:57:41.491+02:00</LastChange>
        <TranskribusMetadata docId="1428698" pageId="55429479" pageNr="211" tsid="132835613" status="IN_PROGRESS" userId="64420" imgUrl="https://files.transkribus.eu/Get?id=XCDIYDLRVUZOIEIDLHAUDPUL&amp;fileType=view" xmlUrl="https://files.transkribus.eu/Get?id=LBTIMTYCRVVGEIPCVZWYYVGE" imageId="44703552"/>
    </Metadata>
    <Page imageFilename="1428698_0211.jpg" imageWidth="3509" imageHeight="4104">
        <ReadingOrder>
            <OrderedGroup id="ro_1711808052123" caption="Regions reading order">
                <RegionRefIndexed index="0" regionRef="tr_1"/>
                <RegionRefIndexed index="1" regionRef="tr_2"/>
            </OrderedGroup>
        </ReadingOrder>
        <TextRegion id="tr_1" custom="readingOrder {index:0;}">
            <Coords points="892,212 3160,212 3160,2651 892,2651"/>
            <TextLine id="tr_1_tl_1" custom="readingOrder {index:0;}">
                <Coords points="1166,278 1188,284 1200,281 1205,289 1231,295 1242,289 1271,306 1293,309 1305,210 1251,196 1234,201 1220,196 1208,204 1174,187"/>
                <Baseline points="1181,271 1217,274 1262,265 1307,262"/>
                <TextEquiv>
                    <Unicode>décembre</Unicode>
                </TextEquiv>
            </TextLine>
            <TextLine id="tr_1_tl_2" custom="readingOrder {index:1;}">
                <Coords points="2879,454 2930,454 2950,471 3009,434 3032,431 3040,440 3055,440 3063,352 3021,343 3006,355 2967,329 2933,338 2910,355 2890,349"/>
                <Baseline points="2898,426 2931,417 2975,414 3020,411 3065,405"/>
                <TextEquiv>
                    <Unicode>218</Unicode>
                </TextEquiv>
            </TextLine>
            <TextLine id="tr_1_tl_3" custom="readingOrder {index:2;}">
                <Coords points="905,669 3021,596 3023,505 908,550"/>
                <Baseline points="919,647 925,647 970,638 1014,638 1059,638 1104,635 1149,632 1193,632 1238,632 1283,629 1328,626 1372,626 1417,626 1462,626 1507,623 1552,623 1596,620 1641,620 1686,617 1731,614 1775,614 1820,614 1865,614 1910,608 1954,608 1999,608 2044,605 2089,605 2134,605 2178,605 2223,602 2268,602 2313,602 2357,599 2402,593 2447,593 2492,590 2537,587 2581,587 2626,587 2671,585 2716,585 2760,582 2805,582 2850,579 2895,579 2939,576 2984,573 3029,573"/>
                <TextEquiv>
                    <Unicode>dem Sitzungszimmer zugezogen, so dass Gleiss</Unicode>
                </TextEquiv>
            </TextLine>
            <TextLine id="tr_1_tl_4" custom="readingOrder {index:3;}">
                <Coords points="908,820 3100,760 3103,664 910,723"/>
                <Baseline points="925,799 961,793 1005,793 1050,793 1095,790 1140,787 1184,787 1229,784 1274,784 1319,781 1364,781 1408,781 1453,779 1498,779 1543,779 1587,776 1632,776 1677,773 1722,773 1766,773 1811,770 1856,770 1901,767 1946,764 1990,761 2035,761 2080,761 2125,761 2169,758 2214,758 2259,758 2304,758 2348,755 2393,752 2438,749 2483,746 2528,746 2572,746 2617,743 2662,743 2707,740 2751,737 2796,737 2841,734 2886,734 2931,731 2975,731 3020,731 3065,731 3110,734"/>
                <TextEquiv>
                    <Unicode>ner und Treuenhof allein auf der Bühne sind.)</Unicode>
                </TextEquiv>
            </TextLine>
            <TextLine id="tr_1_tl_5" custom="readingOrder {index:4;}">
                <Coords points="908,979 3137,919 3140,828 913,874"/>
                <Baseline points="925,952 955,949 999,946 1044,943 1089,943 1134,946 1178,943 1223,943 1268,940 1313,937 1358,937 1402,937 1447,934 1492,934 1537,934 1581,931 1626,928 1671,928 1716,925 1760,925 1805,925 1850,922 1895,919 1940,919 1984,916 2029,916 2074,913 2119,910 2163,910 2208,907 2253,907 2298,907 2343,904 2387,904 2432,904 2477,901 2522,901 2566,901 2611,898 2656,895 2701,892 2745,892 2790,892 2835,892 2880,889 2925,889 2969,889 3014,886 3059,883 3104,886 3148,883"/>
                <TextEquiv>
                    <Unicode>Gleissner: Du kommst selbst? Ich wundere mich.</Unicode>
                </TextEquiv>
            </TextLine>
            <TextLine id="tr_1_tl_6" custom="readingOrder {index:5;}">
                <Coords points="2246,1015 2272,1018 2278,1013 2292,1015 2297,1010 2312,1015 2317,1010 2329,1015 2357,1013 2354,950 2331,953 2309,942 2303,947 2292,939 2280,942 2275,936 2269,944 2241,944"/>
                <Baseline points="2259,981 2304,987 2348,987 2357,987"/>
                <TextEquiv>
                    <Unicode>by</Unicode>
                </TextEquiv>
            </TextLine>
            <TextLine id="tr_1_tl_7" custom="readingOrder {index:6;}">
                <Coords points="893,1120 2995,1069 3015,939 2493,908 2272,1018 2002,936 896,981"/>
                <Baseline points="910,1098 916,1098 961,1098 1005,1098 1050,1098 1095,1101 1140,1101 1184,1098 1229,1098 1274,1095 1319,1095 1364,1095 1408,1092 1453,1092 1498,1089 1543,1089 1587,1086 1632,1086 1677,1083 1722,1083 1766,1083 1811,1080 1856,1080 1901,1077 1946,1077 1990,1074 2035,1071 2080,1068 2125,1068 2169,1068 2214,1065 2259,1065 2304,1065 2348,1062 2393,1059 2438,1059 2483,1056 2528,1053 2572,1053 2617,1050 2662,1053 2707,1050 2751,1047 2796,1044 2841,1044 2886,1041 2931,1041 2975,1041 3020,1044"/>
                <TextEquiv>
                    <Unicode>Uebrigens gut, dass ich dich sehe. Wir haben</Unicode>
                </TextEquiv>
            </TextLine>
            <TextLine id="tr_1_tl_8" custom="readingOrder {index:7;}">
                <Coords points="910,1279 2093,1265 2136,1251 2139,1100 1656,1137 1614,1100 1279,1154 1242,1120 1049,1191 913,1143"/>
                <Baseline points="925,1253 934,1253 978,1256 1023,1256 1068,1253 1113,1250 1158,1250 1202,1250 1247,1250 1292,1247 1337,1247 1381,1247 1426,1247 1471,1244 1516,1244 1561,1244 1605,1241 1650,1241 1695,1238 1740,1238 1784,1235 1829,1232 1874,1232 1919,1229 1963,1229 2008,1226 2053,1226 2098,1226 2143,1226"/>
                <TextEquiv>
                    <Unicode>ein Hühnchen zu pflücken.</Unicode>
                </TextEquiv>
            </TextLine>
            <TextLine id="tr_1_tl_9" custom="readingOrder {index:8;}">
                <Coords points="908,1429 1361,1401 1673,1455 1756,1432 1758,1327 1648,1350 1540,1310 1441,1336 1310,1316 1157,1361 910,1322"/>
                <Baseline points="922,1405 958,1405 1002,1405 1047,1405 1092,1405 1137,1402 1181,1402 1226,1399 1271,1399 1316,1396 1361,1396 1405,1396 1450,1393 1495,1393 1540,1390 1584,1390 1629,1390 1674,1390 1719,1387 1763,1390"/>
                <TextEquiv>
                    <Unicode>Treuenhof: Wieso?</Unicode>
                </TextEquiv>
            </TextLine>
            <TextLine id="tr_1_tl_10" custom="readingOrder {index:9;}">
                <Coords points="2221,1458 2297,1424 2326,1424 2354,1449 2397,1449 2419,1427 2439,1429 2439,1364 2422,1364 2408,1350 2380,1356 2365,1347 2354,1356 2337,1350 2312,1376 2297,1361 2278,1364 2263,1353 2241,1376 2221,1378"/>
                <Baseline points="2235,1423 2280,1417 2325,1417 2369,1417 2414,1420 2447,1423"/>
                <TextEquiv>
                    <Unicode>gerst</Unicode>
                </TextEquiv>
            </TextLine>
            <TextLine id="tr_1_tl_11" custom="readingOrder {index:10;}">
                <Coords points="902,1617 3029,1560 3035,1390 2558,1378 2198,1478 1940,1424 908,1469"/>
                <Baseline points="919,1561 934,1561 978,1561 1023,1561 1068,1561 1113,1563 1158,1561 1202,1558 1247,1555 1292,1555 1337,1552 1381,1552 1426,1549 1471,1549 1516,1549 1561,1549 1605,1549 1650,1546 1695,1546 1740,1546 1784,1543 1829,1540 1874,1540 1919,1540 1963,1537 2008,1537 2053,1534 2098,1534 2143,1534 2187,1534 2232,1531 2277,1531 2322,1528 2366,1525 2411,1525 2456,1522 2501,1519 2545,1519 2590,1519 2635,1519 2680,1519 2725,1516 2769,1513 2814,1513 2859,1510 2904,1507 2948,1507 2993,1504 3038,1504"/>
                <TextEquiv>
                    <Unicode>Gleissner: Albine hat mir gestanden, dass der</Unicode>
                </TextEquiv>
            </TextLine>
            <TextLine id="tr_1_tl_12" custom="readingOrder {index:11;}">
                <Coords points="896,1753 3009,1747 3015,1591 2626,1560 2428,1637 2238,1585 1906,1651 1733,1574 1498,1665 899,1611"/>
                <Baseline points="913,1713 916,1713 961,1716 1005,1713 1050,1713 1095,1716 1140,1716 1184,1716 1229,1713 1274,1710 1319,1707 1364,1707 1408,1707 1453,1707 1498,1704 1543,1707 1587,1704 1632,1704 1677,1704 1722,1701 1766,1698 1811,1698 1856,1695 1901,1695 1946,1692 1990,1689 2035,1689 2080,1686 2125,1683 2169,1686 2214,1683 2259,1683 2304,1680 2348,1680 2393,1680 2438,1680 2483,1677 2528,1677 2572,1674 2617,1674 2662,1671 2707,1671 2751,1668 2796,1665 2841,1665 2886,1662 2931,1662 2975,1665 3020,1668"/>
                <TextEquiv>
                    <Unicode>Brief in dem sie mir ihre Liebe erklärt hat,</Unicode>
                </TextEquiv>
            </TextLine>
            <TextLine id="tr_1_tl_13" custom="readingOrder {index:12;}">
                <Coords points="893,1889 1049,1880 1177,1909 1347,1863 1401,1886 1546,1863 1574,1886 1642,1869 1642,1787 1557,1761 1486,1807 1373,1784 1305,1812 1279,1784 1152,1810 1120,1784 1069,1824 893,1821"/>
                <Baseline points="910,1865 934,1868 978,1865 1023,1868 1068,1868 1113,1868 1158,1865 1202,1865 1247,1862 1292,1862 1337,1859 1381,1859 1426,1856 1471,1856 1516,1856 1561,1856 1605,1856 1650,1856"/>
                <TextEquiv>
                    <Unicode>von dir stammt.</Unicode>
                </TextEquiv>
            </TextLine>
            <TextLine id="tr_1_tl_14" custom="readingOrder {index:13;}">
                <Coords points="1968,1917 2008,1917 2051,1943 2073,1943 2104,1912 2127,1914 2167,1949 2207,1934 2232,1946 2258,1934 2258,1798 2218,1798 2175,1829 2141,1810 2122,1827 2082,1835 2056,1810 2025,1832 1968,1832"/>
                <Baseline points="1984,1904 2029,1904 2074,1901 2119,1898 2163,1898 2208,1901 2253,1901 2265,1904"/>
                <TextEquiv>
                    <Unicode>Dienbe</Unicode>
                </TextEquiv>
            </TextLine>
            <TextLine id="tr_1_tl_15" custom="readingOrder {index:14;}">
                <Coords points="902,2116 1639,2011 2887,2017 2984,1997 2987,1872 2314,1861 2056,1963 1733,1883 1446,1974 910,1880"/>
                <Baseline points="919,2026 931,2026 976,2023 1020,2023 1065,2023 1110,2020 1155,2020 1199,2020 1244,2017 1289,2017 1334,2017 1378,2014 1423,2011 1468,2011 1513,2011 1558,2011 1602,2011 1647,2008 1692,2005 1737,2005 1781,2005 1826,2002 1871,2002 1916,1999 1960,1996 2005,1993 2050,1993 2095,1993 2140,1993 2184,1993 2229,1993 2274,1990 2319,1990 2363,1990 2408,1987 2453,1984 2498,1984 2542,1981 2587,1978 2632,1978 2677,1975 2722,1975 2766,1972 2811,1969 2856,1969 2901,1966 2945,1966 2990,1963"/>
                <TextEquiv>
                    <Unicode>Treuenhof: Und du hast das nicht selbst er</Unicode>
                </TextEquiv>
            </TextLine>
            <TextLine id="tr_1_tl_16" custom="readingOrder {index:15;}">
                <Coords points="876,2201 925,2207 939,2195 987,2207 1069,2187 1132,2224 1211,2215 1217,2090 1186,2090 1154,2070 1126,2096 1072,2093 1021,2127 979,2110 876,2110"/>
                <Baseline points="892,2181 907,2181 952,2178 996,2175 1041,2175 1086,2172 1131,2172 1175,2172 1220,2172"/>
                <TextEquiv>
                    <Unicode>kannt?</Unicode>
                </TextEquiv>
            </TextLine>
            <TextLine id="tr_1_tl_17" custom="readingOrder {index:16;}">
                <Coords points="879,2385 2924,2331 3040,2289 3043,2190 2397,2243 2090,2178 1954,2246 1557,2175 1146,2286 885,2201"/>
                <Baseline points="898,2337 943,2334 987,2331 1032,2331 1077,2334 1122,2331 1167,2331 1211,2331 1256,2328 1301,2325 1346,2325 1390,2325 1435,2322 1480,2322 1525,2322 1569,2319 1614,2319 1659,2316 1704,2313 1749,2313 1793,2310 1838,2310 1883,2307 1928,2307 1972,2304 2017,2304 2062,2304 2107,2301 2151,2298 2196,2298 2241,2298 2286,2295 2331,2295 2375,2295 2420,2292 2465,2292 2510,2289 2554,2289 2599,2289 2644,2286 2689,2283 2734,2283 2778,2280 2823,2280 2868,2280 2913,2280 2957,2280 3002,2277 3047,2271"/>
                <TextEquiv>
                    <Unicode>Gleissner: Du hast damit die Verwegenheit ge-</Unicode>
                </TextEquiv>
            </TextLine>
            <TextLine id="tr_1_tl_18" custom="readingOrder {index:17;}">
                <Coords points="876,2496 2978,2487 3151,2462 3154,2371 2757,2326 876,2431"/>
                <Baseline points="892,2492 922,2489 967,2489 1011,2486 1056,2486 1101,2486 1146,2486 1190,2483 1235,2480 1280,2480 1325,2477 1369,2477 1414,2477 1459,2474 1504,2474 1549,2474 1593,2471 1638,2471 1683,2471 1728,2471 1772,2468 1817,2468 1862,2468 1907,2465 1952,2462 1996,2462 2041,2459 2086,2459 2131,2456 2175,2456 2220,2453 2265,2453 2310,2450 2354,2450 2399,2450 2444,2447 2489,2447 2534,2447 2578,2444 2623,2444 2668,2441 2713,2438 2757,2438 2802,2438 2847,2435 2892,2435 2936,2435 2981,2432 3026,2432 3071,2432 3116,2429 3160,2432"/>
                <TextEquiv>
                    <Unicode>habt gewissermassen mein Schicksal zu fälschen.</Unicode>
                </TextEquiv>
            </TextLine>
            <TextLine id="tr_1_tl_19" custom="readingOrder {index:18;}">
                <Coords points="876,2663 2955,2626 3035,2615 3038,2513 2578,2470 2283,2564 1773,2482 882,2510"/>
                <Baseline points="895,2641 937,2641 981,2641 1026,2641 1071,2641 1116,2641 1161,2638 1205,2638 1250,2635 1295,2632 1340,2632 1384,2632 1429,2629 1474,2629 1519,2629 1563,2626 1608,2626 1653,2626 1698,2626 1743,2623 1787,2623 1832,2620 1877,2620 1922,2617 1966,2617 2011,2614 2056,2614 2101,2614 2146,2614 2190,2611 2235,2611 2280,2608 2325,2608 2369,2608 2414,2605 2459,2602 2504,2602 2548,2599 2593,2599 2638,2596 2683,2596 2728,2593 2772,2590 2817,2590 2862,2590 2907,2590 2951,2593 2996,2596 3041,2602"/>
                <TextEquiv>
                    <Unicode>Treuenhof: Im Gegenteil. Ich habe es richtig</Unicode>
                </TextEquiv>
            </TextLine>
        </TextRegion>
        <TextRegion id="tr_2" custom="readingOrder {index:1;}">
            <Coords points="868,2692 3130,2692 3130,3740 868,3740"/>
            <TextLine id="tr_2_tl_1" custom="readingOrder {index:0;}">
                <Coords points="871,2839 2958,2785 3001,2683 2096,2711 1832,2629 874,2754"/>
                <Baseline points="886,2811 898,2811 943,2805 987,2802 1032,2799 1077,2799 1122,2799 1167,2796 1211,2793 1256,2790 1301,2787 1346,2787 1390,2787 1435,2784 1480,2784 1525,2784 1569,2784 1614,2784 1659,2781 1704,2781 1749,2778 1793,2778 1838,2778 1883,2775 1928,2775 1972,2772 2017,2772 2062,2769 2107,2769 2151,2766 2196,2766 2241,2766 2286,2763 2331,2763 2375,2763 2420,2760 2465,2760 2510,2757 2554,2754 2599,2754 2644,2751 2689,2751 2734,2751 2778,2751 2823,2745 2868,2745 2913,2745 2957,2742 3002,2745"/>
                <TextEquiv>
                    <Unicode>gestellt. Sie hat dich wirklich geliebt. Da-</Unicode>
                </TextEquiv>
            </TextLine>
            <TextLine id="tr_2_tl_2" custom="readingOrder {index:1;}">
                <Coords points="857,3004 1988,2930 2544,2984 3114,2944 3117,2853 859,2904"/>
                <Baseline points="874,2960 883,2957 928,2954 973,2954 1017,2954 1062,2951 1107,2951 1152,2948 1196,2948 1241,2948 1286,2945 1331,2945 1375,2942 1420,2945 1465,2942 1510,2942 1555,2939 1599,2939 1644,2939 1689,2939 1734,2942 1778,2939 1823,2933 1868,2933 1913,2933 1957,2931 2002,2928 2047,2928 2092,2925 2137,2925 2181,2922 2226,2922 2271,2919 2316,2919 2360,2919 2405,2919 2450,2919 2495,2913 2540,2913 2584,2910 2629,2910 2674,2907 2719,2907 2763,2907 2808,2904 2853,2904 2898,2901 2942,2901 2987,2901 3032,2901 3077,2904 3122,2913"/>
                <TextEquiv>
                    <Unicode>rauf kommt es doch an. Wäre sie stumm gewesen,</Unicode>
                </TextEquiv>
            </TextLine>
            <TextLine id="tr_2_tl_3" custom="readingOrder {index:2;}">
                <Coords points="865,3137 1892,3151 2059,3089 2300,3106 2303,3026 2002,3012 1889,3055 1775,3001 1498,3057 868,3060"/>
                <Baseline points="880,3113 922,3113 967,3110 1011,3110 1056,3110 1101,3110 1146,3107 1190,3104 1235,3104 1280,3104 1325,3104 1369,3101 1414,3101 1459,3098 1504,3098 1549,3095 1593,3095 1638,3095 1683,3092 1728,3095 1772,3092 1817,3092 1862,3092 1907,3089 1952,3089 1996,3086 2041,3083 2086,3080 2131,3080 2175,3077 2220,3080 2265,3083 2310,3089"/>
                <TextEquiv>
                    <Unicode>so hätte ich für sie geredet.</Unicode>
                </TextEquiv>
            </TextLine>
            <TextLine id="tr_2_tl_4" custom="readingOrder {index:3;}">
                <Coords points="868,3282 2989,3245 3123,3230 3128,3077 2944,3148 871,3208"/>
                <Baseline points="883,3265 892,3262 937,3265 981,3265 1026,3262 1071,3262 1116,3262 1161,3259 1205,3259 1250,3256 1295,3256 1340,3256 1384,3253 1429,3253 1474,3250 1519,3250 1563,3247 1608,3241 1653,3244 1698,3241 1743,3244 1787,3241 1832,3241 1877,3238 1922,3238 1966,3235 2011,3232 2056,3232 2101,3229 2146,3229 2190,3229 2235,3226 2280,3226 2325,3223 2369,3223 2414,3220 2459,3220 2504,3217 2548,3217 2593,3217 2638,3217 2683,3214 2728,3214 2772,3214 2817,3211 2862,3211 2907,3208 2951,3205 2996,3205 3041,3205 3086,3202 3130,3199"/>
                <TextEquiv>
                    <Unicode>Gleissner: Aber wenn ich ihre Liebe nur um die-</Unicode>
                </TextEquiv>
            </TextLine>
            <TextLine id="tr_2_tl_5" custom="readingOrder {index:4;}">
                <Coords points="865,3440 2541,3358 2737,3401 2743,3239 868,3352"/>
                <Baseline points="883,3414 910,3411 955,3411 999,3408 1044,3408 1089,3405 1134,3405 1178,3402 1223,3399 1268,3399 1313,3399 1358,3399 1402,3399 1447,3396 1492,3393 1537,3393 1581,3390 1626,3387 1671,3387 1716,3384 1760,3384 1805,3384 1850,3381 1895,3381 1940,3378 1984,3375 2029,3375 2074,3372 2119,3372 2163,3369 2208,3366 2253,3366 2298,3363 2343,3360 2387,3360 2432,3360 2477,3360 2522,3360 2566,3360 2611,3363 2656,3363 2701,3363 2745,3366"/>
                <TextEquiv>
                    <Unicode>ses Briefes willen erwiedert hätte - -</Unicode>
                </TextEquiv>
            </TextLine>
            <TextLine id="tr_2_tl_6" custom="readingOrder {index:5;}">
                <Coords points="851,3582 3032,3537 3089,3381 857,3480"/>
                <Baseline points="868,3563 898,3566 943,3566 987,3563 1032,3563 1077,3560 1122,3557 1167,3557 1211,3557 1256,3554 1301,3557 1346,3554 1390,3551 1435,3551 1480,3548 1525,3548 1569,3545 1614,3542 1659,3542 1704,3542 1749,3542 1793,3539 1838,3536 1883,3539 1928,3536 1972,3533 2017,3533 2062,3530 2107,3530 2151,3527 2196,3527 2241,3524 2286,3524 2331,3521 2375,3521 2420,3521 2465,3521 2510,3518 2554,3516 2599,3516 2644,3516 2689,3513 2734,3510 2778,3510 2823,3507 2868,3504 2913,3501 2957,3501 3002,3501 3047,3498 3092,3501"/>
                <TextEquiv>
                    <Unicode>Treuenhof: Dann wärst du ein Narr, was du übri-</Unicode>
                </TextEquiv>
            </TextLine>
            <TextLine id="tr_2_tl_7" custom="readingOrder {index:6;}">
                <Coords points="859,3789 990,3735 1052,3772 1106,3747 1214,3803 1427,3718 1472,3758 1642,3721 1724,3750 1744,3653 1546,3628 1495,3667 1330,3633 1262,3664 1180,3642 865,3670"/>
                <Baseline points="877,3730 901,3730 946,3727 990,3721 1035,3721 1080,3718 1125,3718 1170,3713 1214,3713 1259,3713 1304,3710 1349,3710 1393,3707 1438,3707 1483,3704 1528,3704 1572,3701 1617,3701 1662,3698 1707,3701 1752,3704"/>
                <TextEquiv>
                    <Unicode>gens ohnehin bist,</Unicode>
                </TextEquiv>
            </TextLine>
        </TextRegion>
    </Page>
</PcGts>
