3544 4200
2879 327 2988 505 52
826 470 3008 639 Nachtigall: Herr Treuenhof, ich sehe, dass
814 642 3025 797 Sie noch immer nicht schlafen. Wollen Sie
806 777 2994 1035 mir jetzt nicht endlich gestatten Musik
823 995 1388 1124 zu machen?
814 1012 3037 1316 Gloissnor: (zu Lisa) Søhen Sie las ist der
800 1199 2882 1474 hann, Frau Lisa, der bei Ihrem Ball zum
817 1422 1967 1589 Tanz aufspielen wird.
814 1548 3091 1729 Nachtigall: Herr Treuenhof, mein Barverlust
823 1723 3097 1898 beriffert sich auf mindestens fünf Gulden in
797 1881 3103 2113 diesem Augenblick und ich habe zuhause ein
794 2002 2928 2248 kranko Frau. Ich kann unmöglich mit dem
797 2202 3031 2446 Toller herumgehen,wenn ich nicht gespielt
794 2391 1070 2569 habe.
794 2478 2976 2704 Lisa: Er geht mit dem Teller herum absam-
786 2695 1078 2847 meln?
780 2790 2873 3011 Gleissner: Tun wir das nicht alle. Man
800 2936 1127 3040 hmerk
800 2979 3045 3180 sieht ihn nur nicht immer. Der unsichtbare
780 3131 2738 3309 Tollerist vornehmer, aber verlogener.
774 3286 2845 3495 Nachtigall: Sie brauchen mich nicht zu
789 3421 3088 3602 trösten, Herr Gleissner, ich habe kein Scham-
766 3547 2948 3880 gefühl, nicht das geringste. Ja, ich samml.
