3564 4211
2701 274 2888 414 224
526 573 1131 738 becher sein?
502 679 2794 891 Sektionsrat Mayer: Als Vertreter der Regierung
514 797 2913 987 möchte ich mich dahin äussern, dass Anträge dieser
511 944 2847 1146 Art in gewissen Sinn den Staatsgrundgesetzen wi-
511 1096 2884 1333 dersprechen. (Verleitung zum Selbstmord ist straf-
514 1364 720 1461 bar.
2439 1361 2589 1483 vot
2311 1392 2411 1477 ad
514 1461 2941 1660 Lisa: Was kümmern Anastasius Treuenhof die Staats-
517 1654 1140 1788 grundgesetze.
489 1741 1938 1975 Mayer: Aber Sie, gnädige Frau.
486 1953 1324 2078 Rapp: Abstimmung!
480 2012 2271 2212 Fr. Flatterer: Wie lautet Ihr Antrag?
483 2280 1716 2392 Lisa: Mein Antrag lautet
477 2402 2551 2589 Treuenhof: Bist du verrückt geworden,Lisa?
473 2486 2800 2704 Lisa: Mein Intrag lautet - Anastasius Treuenhof
480 2673 2941 2897 gebe der Welt ein grosses Beispiel und scheide zur
470 2878 1109 3009 rechten Zeit
467 2990 2844 3230 Treuenhof: Wirst du nicht sofort das Paul halten,
461 3121 2962 3317 du dumme Urschl? Darum gründet Ihr einen Anastasius
470 3311 2909 3433 Preuenhof-Verein? Erster Antrag: ich soll mich um-
461 3504 882 3648 bringen?
