3496 4168
2740 369 2904 521 137
769 549 3056 729 durch den Saal, Tanzpaare auch im Nebensaal. Fer-
766 710 3093 887 dinand Neumann drängt sich durch die Paare, sieht
769 890 3009 1055 unbemerkt eine Weile Gleissner und Mimi tanzen
773 1033 2947 1219 zu. Gleissner ist mit Mimi bis in die Nähe der
773 1210 2982 1381 Ausgangstüre getanzt und küsst sie plötzlich).
766 1309 2929 1570 Ferdinand Neumann:(sieht es, tritt auf sie zu,
773 1480 3013 1709 gerade während Mimi sich vergeblich aus den Ar-
769 1629 2910 1821 men Gleissners zu lösen sucht) Sie sind wohl
766 1830 1747 1976 toll, Herr Cleissner!
766 1961 3264 2190 Gleissner: Und wenn ich es wäre, was kümmert Sie das,
763 2150 1409 2314 Herr Neumann?
779 2215 3165 2463 (Mimi ist indess fort von ihnen und steht in star-
766 2423 3121 2643 ker Erregung mit dem einen Arm auf eine Fauteuil-
769 2603 1557 2808 lehne gestützt.)
769 2715 2724 2944 Ferdinand: Hüten Sie sich, Herr Gleissner
773 2926 2265 3112 Gleissner: Wie meinen Sie das?
766 2957 3196 3270 Ferdinand: Wünschen Sie, dass ich deutlicher werde?
766 3199 3196 3441 Gleissner: (hat seine Fassung wieder gewonnen) Sie
754 3320 3152 3596 wollen wohl wieder einmal jemanden tot schiessen?
