3521 4136
857 264 1004 428 V.S.
2912 372 3104 584 195
2493 446 2894 584 ..    C. - Eyns
833 569 3134 707 Willy: Ich allein bin der Schuldige. Ich drohte
1076 653 1315 761 mit
827 692 1642 899 ihr Sie zu töten
815 866 3224 1016 Zack; (abwehrend) Wir wollen weder grosse Gebärden
818 977 3017 1181 noch grosse Worte machen. Zwischen Ihnen und
806 1160 2969 1342 mir ist die Angelegenheit so ritterlich erle
1780 1276 2487 1375 (as a acheren) il
1160 1273 1621 1369 wir Beide
806 1339 3017 1474 digt als nur wünschen können. Es ist viel
2157 1414 2921 1507 in die as not haue
1333 1429 1624 1534 Crukhap
809 1474 3161 1636 leicht in Ansehung der Person ein gewisser Ueber-
800 1660 3152 1822 schuss an Hitterlichkeit. verschwendet worden und
788 1780 3041 1942 es oleiot mir nur übrig Ihnen glückliche Reise
797 1948 1402 2133 zu wünschen.
1825 1963 2322 2097 tugrete to
2553 1996 2945 2133 o/d
788 2094 3023 2268 Willy: Ehe Sie gehen verlange ich einen Schwur
776 2265 2948 2394 von Ihnen, dass Sie an ihr keine Hache nehmen.
761 2376 3080 2568 Zack: Ihr Recht (von mir einen Schwur zu fordern,
2313 2505 2649 2616 will inst
764 2523 2912 2742 erscheint mir fraglich, aber ich zögere nicht
2370 2649 2691 2760 nicht trete.
761 2718 3020 2891 sie zu beruhigen. Ich werde Lisa/nicht aus mei-
746 2897 3035 3062 nem Hause weisen,wie Sie fürchten oder gar hof-
2148 2990 2253 3068 in
998 2975 1372 3074 Marina
746 3011 3065 3206 fen. Sie hat ja mich gewählt,umso schmeichelhaf-
740 3116 3038 3374 ter für mich, nachdem sie vierzehn Tage Ihre Ge-
734 3347 3056 3452 liebte war. Vielleicht hat auch der Umstand mit-
728 3476 2960 3658 gespielt, dass ich in besseren materiellen Ver-
