3509 4104
2855 348 3037 524 217
908 487 3176 714 den mitzuteilen, dass vom ersten Oktober laufen
902 648 3173 866 den Jahres Herr Anastasius Treuenhof für einen
2955 790 3185 908 den
893 811 3164 1011 Redakteurposten bei einer Wiener Zeitung vorge¬
890 978 3261 1175 sehen ist, der mit einen noch näher zu bestimmen-
2383 1117 2564 1211 Avril
1880 1132 2246 1232 at de Ret.
875 1163 3079 1378 den jährlichen Besoldung dotiert sein dürfte.
866 1326 2413 1465 Ein Jünger: Er soll schreiben?
866 1432 3306 1674 Sektionsrat Mayer:Herr Treuenhof ist doch Schrift-
863 1647 1278 1829 steller?
899 1792 1935 1922 Pr. Flatterer: Dichter.
851 1932 1929 2086 Sektionsrat: Nun also
842 2050 3115 2234 Fr. Flatterer: Und was soll er in diese Zeitung
1832 2207 2722 2352 E. ist iessi feit ruricht
2755 2207 3121 2346 e nd
845 2274 1344 2437 schreiben?
1874 2304 3040 2416 Rm6s Rofid.. Mehe
1326 2334 1874 2443 Marcell St.
2561 2371 2891 2458 it in
823 2422 3249 2576 Mayer; Darüber wird zu seiner Zeit) verhandelt wer¬
830 2528 3136 2779 den. Das Wesentliche dürfte wohl sein, dass Herr
1205 2682 1493 2776 durch
827 2667 3143 2900 Treuenhof diese Anstellung jeder Alltags
820 2858 3146 3040 sorge überhoben sein wird, was, wenn ich Frau von
2516 2994 2667 3152 to the
823 3018 2470 3221 Flatterer recht verstanden habe,
805 3242 3124 3521 Anastasius Treuenhof; (kommt. Gleissner geht ihm
808 3454 3097 3660 entgegen. Auf einen Wink von Ferdinand Neumann
793 3648 3091 3809 wird der Vorhang zwischen dem Vorraum und
