3576 4104
2938 348 3144 516 226
829 574 1938 780 Lisa: Ich weiss nicht.
822 771 3377 926 Ferdinand Neumann: Meine Herren und Damen, es handelt
2680 848 2809 1038 th
816 935 2586 1058 sich hier um Privatangelegenheiten.
1100 1009 1990 1103 they sleubt in temp
813 1019 3254 1245 Fr. Flaterrer: (zu Lisa) Kann ich etwas für Sie tun.
806 1209 1319 1374 Frau Lisa?
793 1364 3048 1516 Ferdinand Neumann: (veranlasst die Uebrigen die
803 1516 3293 1690 Wohnung zu verlassen. Es gehen Fr. Flatterer, der Sek
797 1690 2703 1858 tionsrat, die Jünger, Gleissner und Rapp)
793 1848 3196 1980 (Es bleiben also vorläufig zurück: Lisa, Treuenhof,
771 1951 1735 2128 Ferdinand und Mimi).
1671 2087 1983 2177 levied
751 2138 3096 2290 Lisa: (zu Treuenhof) Du hast man Jack gesprochen?
745 2303 3244 2480 Anastasius Treuenhof: (Du weisst nichts von alle dem?
739 2393 3128 2603 Ich hab ihn gesprochen, als er eben von Willi kam.
735 2596 1625 2799 Mimi: Er weiss?
2132 2767 2283 2935 Zu
706 2864 3299 3083 Hofrat Winkler (kommt) Guten Abend, meine Herrschaften,
706 3057 3202 3257 ich wollte mich nur erkundigen ob mein Neffe Willi
1135 3177 1216 3264 il
1280 3196 1377 3244 w
697 3225 3202 3386 hier ist? Er ist nämlich vom Hause verschwunden. Um
700 3354 3244 3502 acht Uhr dreissig hätte er auf der Bahn sein sollen,
684 3499 3144 3735 dort ist er auch nicht. (zu Treuenhof) Du bist ja
