<?xml version="1.0" encoding="UTF-8" standalone="yes"?>
<PcGts xmlns="http://schema.primaresearch.org/PAGE/gts/pagecontent/2013-07-15" xmlns:xsi="http://www.w3.org/2001/XMLSchema-instance" xsi:schemaLocation="http://schema.primaresearch.org/PAGE/gts/pagecontent/2013-07-15 http://schema.primaresearch.org/PAGE/gts/pagecontent/2013-07-15/pagecontent.xsd">
    <Metadata>
        <Creator>prov=READ-COOP:name=TrHtr:version=2.1.0:model_id=51170:date=15_08_2023_00:57</Creator>
        <Created>2023-05-10T14:59:59.556+02:00</Created>
        <LastChange>2023-08-15T00:57:03.298+02:00</LastChange>
        <TranskribusMetadata docId="1428698" pageId="55428760" pageNr="96" tsid="132835497" status="IN_PROGRESS" userId="64420" imgUrl="https://files.transkribus.eu/Get?id=UUBLOULKJFAQXAEAFKIICSCH&amp;fileType=view" xmlUrl="https://files.transkribus.eu/Get?id=TPXZIZBUWRCCNMUAEMDPDXCS" imageId="44702833"/>
    </Metadata>
    <Page imageFilename="1428698_0096.jpg" imageWidth="3488" imageHeight="4136">
        <ReadingOrder>
            <OrderedGroup id="ro_1711807841333" caption="Regions reading order">
                <RegionRefIndexed index="0" regionRef="tr_1"/>
                <RegionRefIndexed index="1" regionRef="tr_2"/>
            </OrderedGroup>
        </ReadingOrder>
        <TextRegion id="tr_1" custom="readingOrder {index:0;}">
            <Coords points="343,370 2927,370 2927,2474 343,2474"/>
            <TextLine id="tr_1_tl_1" custom="readingOrder {index:0;}">
                <Coords points="1024,548 1045,548 1069,536 1086,518 1127,515 1101,353 1077,359 1060,347 1019,380 995,380"/>
                <Baseline points="1017,420 1062,426 1107,435 1119,435"/>
                <TextEquiv>
                    <Unicode>G.H.P.</Unicode>
                </TextEquiv>
            </TextLine>
            <TextLine id="tr_1_tl_2" custom="readingOrder {index:1;}">
                <Coords points="2699,471 2747,477 2761,489 2808,489 2820,480 2832,492 2888,500 2888,371 2861,377 2823,347 2797,339 2782,344 2773,336 2741,353 2729,347 2699,359"/>
                <Baseline points="2715,462 2760,459 2805,459 2849,459 2891,462"/>
                <TextEquiv>
                    <Unicode>103</Unicode>
                </TextEquiv>
            </TextLine>
            <TextLine id="tr_1_tl_3" custom="readingOrder {index:2;}">
                <Coords points="589,648 2432,624 2826,724 2920,695 2923,518 589,545"/>
                <Baseline points="605,623 644,623 689,623 734,623 778,626 823,626 868,626 913,626 957,623 1002,626 1047,626 1092,623 1136,623 1181,623 1226,626 1271,623 1316,623 1360,623 1405,623 1450,623 1495,623 1539,623 1584,623 1629,623 1674,626 1718,623 1763,623 1808,626 1853,626 1897,626 1942,626 1987,626 2032,623 2076,626 2121,623 2166,623 2211,623 2256,623 2300,623 2345,623 2390,626 2435,623 2479,620 2524,620 2569,617 2614,617 2658,617 2703,617 2748,617 2793,617 2837,617 2882,617 2927,617"/>
                <TextEquiv>
                    <Unicode>habe, hat mir diese Weste geschickt. Und hier</Unicode>
                </TextEquiv>
            </TextLine>
            <TextLine id="tr_1_tl_4" custom="readingOrder {index:3;}">
                <Coords points="606,798 2817,807 2817,712 2323,639 1457,636 1210,724 1060,636 606,648"/>
                <Baseline points="623,769 668,772 713,772 757,772 802,772 847,772 892,772 937,772 981,772 1026,772 1071,775 1116,772 1160,769 1205,769 1250,772 1295,772 1339,772 1384,772 1429,775 1474,772 1518,772 1563,772 1608,772 1653,772 1697,775 1742,772 1787,772 1832,772 1877,775 1921,775 1966,772 2011,772 2056,772 2100,772 2145,772 2190,772 2235,772 2279,769 2324,772 2369,769 2414,769 2458,769 2503,772 2548,769 2593,769 2637,769 2682,769 2727,769 2772,772 2817,775 2825,778"/>
                <TextEquiv>
                    <Unicode>in dieser Tasche war eine Zehn Pfund-Note</Unicode>
                </TextEquiv>
            </TextLine>
            <TextLine id="tr_1_tl_5" custom="readingOrder {index:4;}">
                <Coords points="583,951 2773,960 2773,839 2664,815 2429,877 1722,786 583,807"/>
                <Baseline points="599,934 632,931 677,928 722,928 766,931 811,931 856,931 901,928 945,931 990,931 1035,928 1080,928 1125,925 1169,925 1214,928 1259,931 1304,931 1348,928 1393,928 1438,928 1483,928 1527,928 1572,928 1617,928 1662,928 1706,925 1751,925 1796,928 1841,928 1885,925 1930,925 1975,922 2020,925 2065,925 2109,925 2154,925 2199,925 2244,925 2288,925 2333,928 2378,925 2423,925 2467,928 2512,925 2557,922 2602,925 2646,922 2691,922 2736,919 2781,919"/>
                <TextEquiv>
                    <Unicode>als geringes Zeichen der Verehrung.So ei-</Unicode>
                </TextEquiv>
            </TextLine>
            <TextLine id="tr_1_tl_6" custom="readingOrder {index:5;}">
                <Coords points="577,1151 2752,1157 2752,1021 2446,963 1304,1048 1183,974 577,1013"/>
                <Baseline points="593,1077 638,1077 683,1077 728,1080 772,1080 817,1077 862,1074 907,1077 951,1077 996,1077 1041,1077 1086,1077 1130,1077 1175,1077 1220,1080 1265,1080 1310,1083 1354,1080 1399,1080 1444,1077 1489,1077 1533,1077 1578,1077 1623,1077 1668,1077 1712,1077 1757,1077 1802,1077 1847,1074 1891,1077 1936,1077 1981,1077 2026,1077 2070,1077 2115,1077 2160,1077 2205,1077 2250,1074 2294,1077 2339,1077 2384,1077 2429,1077 2473,1080 2518,1080 2563,1080 2608,1077 2652,1074 2697,1074 2742,1074 2760,1077"/>
                <TextEquiv>
                    <Unicode>ner glaub ich, dass sie mich verehrt. Das</Unicode>
                </TextEquiv>
            </TextLine>
            <TextLine id="tr_1_tl_7" custom="readingOrder {index:6;}">
                <Coords points="568,1242 742,1322 2290,1251 2249,1127 1537,1136 1472,1189 568,1157"/>
                <Baseline points="584,1226 629,1223 674,1223 719,1223 763,1226 808,1226 853,1226 898,1226 942,1226 987,1226 1032,1226 1077,1226 1122,1220 1166,1220 1211,1223 1256,1226 1301,1226 1345,1226 1390,1226 1435,1226 1480,1226 1524,1226 1569,1226 1614,1229 1659,1226 1703,1229 1748,1226 1793,1226 1838,1226 1882,1223 1927,1226 1972,1223 2017,1223 2062,1223 2106,1223 2151,1226 2196,1226 2241,1226 2285,1226 2297,1229"/>
                <TextEquiv>
                    <Unicode>heiss ich - eine Phantasieweste.</Unicode>
                </TextEquiv>
            </TextLine>
            <TextLine id="tr_1_tl_8" custom="readingOrder {index:7;}">
                <Coords points="327,1248 353,1248 371,1266 392,1257 412,1272 427,1272 430,1186 415,1186 406,1175 392,1183 380,1175 362,1183 347,1172 333,1169"/>
                <Baseline points="343,1244 387,1238 432,1238"/>
                <TextEquiv>
                    <Unicode>ne soit</Unicode>
                </TextEquiv>
            </TextLine>
            <TextLine id="tr_1_tl_9" custom="readingOrder {index:8;}">
                <Coords points="565,1439 2794,1451 2794,1254 2635,1195 2258,1316 565,1313"/>
                <Baseline points="581,1375 626,1378 671,1378 716,1381 760,1381 805,1381 850,1381 895,1381 940,1384 984,1381 1029,1378 1074,1378 1119,1378 1163,1378 1208,1378 1253,1378 1298,1378 1342,1381 1387,1381 1432,1381 1477,1381 1521,1381 1566,1381 1611,1381 1656,1381 1700,1381 1745,1384 1790,1381 1835,1381 1880,1381 1924,1381 1969,1381 2014,1378 2059,1378 2103,1375 2148,1375 2193,1378 2238,1378 2282,1378 2327,1378 2372,1381 2417,1381 2461,1378 2506,1378 2551,1375 2596,1378 2640,1381 2685,1381 2730,1378 2775,1378 2802,1375"/>
                <TextEquiv>
                    <Unicode>Mutter: Wie schön wär das,anastasius, wenn</Unicode>
                </TextEquiv>
            </TextLine>
            <TextLine id="tr_1_tl_10" custom="readingOrder {index:9;}">
                <Coords points="550,1560 2744,1566 2773,1460 553,1451"/>
                <Baseline points="566,1530 584,1530 629,1530 674,1530 719,1530 763,1530 808,1533 853,1530 898,1533 942,1530 987,1530 1032,1530 1077,1530 1122,1530 1166,1530 1211,1533 1256,1530 1301,1530 1345,1530 1390,1527 1435,1530 1480,1533 1524,1530 1569,1533 1614,1533 1659,1533 1703,1533 1748,1533 1793,1530 1838,1530 1882,1527 1927,1530 1972,1530 2017,1530 2062,1530 2106,1530 2151,1530 2196,1530 2241,1530 2285,1530 2330,1530 2375,1530 2420,1530 2464,1530 2509,1533 2554,1527 2599,1530 2643,1527 2688,1527 2733,1527 2778,1524"/>
                <TextEquiv>
                    <Unicode>Sie auf derartige Phantasiewesten ein für</Unicode>
                </TextEquiv>
            </TextLine>
            <TextLine id="tr_1_tl_11" custom="readingOrder {index:10;}">
                <Coords points="548,1743 1384,1769 1487,1719 1593,1766 1716,1696 1784,1749 2067,1757 2040,1601 1310,1578 1154,1640 901,1584 789,1628 548,1601"/>
                <Baseline points="564,1686 596,1686 641,1683 686,1686 731,1686 775,1686 820,1686 865,1686 910,1686 954,1686 999,1686 1044,1686 1089,1689 1133,1686 1178,1686 1223,1686 1268,1686 1313,1686 1357,1683 1402,1683 1447,1683 1492,1683 1536,1683 1581,1683 1626,1683 1671,1686 1715,1686 1760,1683 1805,1683 1850,1683 1894,1680 1939,1683 1984,1680 2029,1680 2073,1680"/>
                <TextEquiv>
                    <Unicode>alle Mal verzichten könnten!</Unicode>
                </TextEquiv>
            </TextLine>
            <TextLine id="tr_1_tl_12" custom="readingOrder {index:11;}">
                <Coords points="562,1855 1725,1919 2649,1855 2649,1766 2502,1743 2193,1796 1984,1737 562,1757"/>
                <Baseline points="578,1835 596,1835 641,1835 686,1832 731,1838 775,1838 820,1838 865,1838 910,1838 954,1841 999,1841 1044,1841 1089,1838 1133,1838 1178,1838 1223,1838 1268,1838 1313,1835 1357,1835 1402,1835 1447,1835 1492,1835 1536,1835 1581,1835 1626,1838 1671,1838 1715,1838 1760,1838 1805,1838 1850,1838 1894,1838 1939,1838 1984,1838 2029,1835 2073,1835 2118,1838 2163,1838 2208,1841 2253,1838 2297,1838 2342,1838 2387,1841 2432,1838 2476,1838 2521,1835 2566,1835 2611,1832 2655,1823"/>
                <TextEquiv>
                    <Unicode>Treuenhof: Warum denn? Ich bin noch nie</Unicode>
                </TextEquiv>
            </TextLine>
            <TextLine id="tr_1_tl_13" custom="readingOrder {index:12;}">
                <Coords points="533,2034 2190,2058 2311,2022 2311,1910 533,1943"/>
                <Baseline points="549,1993 593,1990 638,1993 683,1993 728,1990 772,1990 817,1993 862,1996 907,1993 951,1993 996,1990 1041,1993 1086,1996 1130,1996 1175,1993 1220,1990 1265,1990 1310,1993 1354,1990 1399,1993 1444,1993 1489,1996 1533,1996 1578,1993 1623,1996 1668,1993 1712,1993 1757,1993 1802,1993 1847,1996 1891,1993 1936,1990 1981,1990 2026,1990 2070,1990 2115,1993 2160,1996 2205,1993 2250,1993 2294,1993 2315,1996"/>
                <TextEquiv>
                    <Unicode>auf ein Honorar so stolz gewesen.</Unicode>
                </TextEquiv>
            </TextLine>
            <TextLine id="tr_1_tl_14" custom="readingOrder {index:13;}">
                <Coords points="533,2231 2114,2220 2114,2087 1987,2043 1725,2093 1587,2043 533,2058"/>
                <Baseline points="549,2139 593,2145 638,2145 683,2145 728,2148 772,2148 817,2151 862,2148 907,2148 951,2148 996,2151 1041,2151 1086,2154 1130,2151 1175,2148 1220,2145 1265,2148 1310,2148 1354,2148 1399,2148 1444,2151 1489,2151 1533,2154 1578,2151 1623,2151 1668,2151 1712,2151 1757,2148 1802,2148 1847,2148 1891,2145 1936,2148 1981,2148 2026,2148 2070,2148 2115,2151 2121,2151"/>
                <TextEquiv>
                    <Unicode>Winkler: Da hat er ganz recht.</Unicode>
                </TextEquiv>
            </TextLine>
            <TextLine id="tr_1_tl_15" custom="readingOrder {index:14;}">
                <Coords points="524,2381 730,2390 892,2355 930,2379 992,2358 1266,2370 1266,2217 1139,2234 1063,2202 1001,2228 695,2243 524,2208"/>
                <Baseline points="540,2300 584,2300 629,2300 674,2303 719,2303 763,2300 808,2300 853,2300 898,2303 942,2303 987,2303 1032,2303 1077,2300 1122,2306 1166,2303 1211,2306 1256,2306 1274,2300"/>
                <TextEquiv>
                    <Unicode>Mutter:(Blick)</Unicode>
                </TextEquiv>
            </TextLine>
            <TextLine id="tr_1_tl_16" custom="readingOrder {index:15;}">
                <Coords points="515,2538 2696,2529 2696,2405 2302,2349 515,2381"/>
                <Baseline points="531,2449 575,2455 620,2455 665,2455 710,2458 754,2461 799,2458 844,2461 889,2458 934,2461 978,2458 1023,2455 1068,2461 1113,2461 1157,2464 1202,2464 1247,2461 1292,2461 1336,2461 1381,2461 1426,2461 1471,2461 1515,2464 1560,2464 1605,2464 1650,2464 1694,2461 1739,2461 1784,2461 1829,2461 1874,2461 1918,2461 1963,2461 2008,2458 2053,2461 2097,2461 2142,2461 2187,2464 2232,2461 2276,2461 2321,2461 2366,2461 2411,2458 2455,2458 2500,2458 2545,2458 2590,2455 2634,2455 2679,2455 2703,2455"/>
                <TextEquiv>
                    <Unicode>Winkler:(bekräftigend) Ja,solche Aufmerk-</Unicode>
                </TextEquiv>
            </TextLine>
        </TextRegion>
        <TextRegion id="tr_2" custom="readingOrder {index:1;}">
            <Coords points="474,2558 2855,2558 2855,3558 474,3558"/>
            <TextLine id="tr_2_tl_1" custom="readingOrder {index:0;}">
                <Coords points="509,2664 2847,2632 2652,2523 509,2549"/>
                <Baseline points="525,2608 569,2608 614,2608 659,2608 704,2611 749,2611 793,2611 838,2611 883,2611 928,2611 972,2611 1017,2611 1062,2611 1107,2614 1151,2614 1196,2614 1241,2614 1286,2614 1330,2614 1375,2617 1420,2614 1465,2614 1509,2614 1554,2614 1599,2614 1644,2614 1689,2614 1733,2611 1778,2614 1823,2617 1868,2611 1912,2614 1957,2614 2002,2611 2047,2611 2091,2611 2136,2611 2181,2611 2226,2611 2270,2614 2315,2614 2360,2614 2405,2611 2449,2614 2494,2611 2539,2614 2584,2611 2629,2614 2673,2614 2718,2614 2763,2614 2808,2617 2852,2620"/>
                <TextEquiv>
                    <Unicode>samkeiten sollten allgemeiner üblich werden.</Unicode>
                </TextEquiv>
            </TextLine>
            <TextLine id="tr_2_tl_2" custom="readingOrder {index:1;}">
                <Coords points="486,2832 945,2867 1198,2770 1392,2852 2758,2829 2826,2820 2826,2661 486,2685"/>
                <Baseline points="501,2760 546,2766 590,2763 635,2763 680,2766 725,2766 769,2766 814,2766 859,2766 904,2766 948,2766 993,2766 1038,2766 1083,2766 1128,2766 1172,2766 1217,2766 1262,2766 1307,2766 1351,2766 1396,2766 1441,2766 1486,2766 1530,2766 1575,2766 1620,2769 1665,2769 1709,2766 1754,2766 1799,2766 1844,2763 1888,2763 1933,2763 1978,2760 2023,2763 2068,2763 2112,2763 2157,2763 2202,2763 2247,2763 2291,2763 2336,2766 2381,2766 2426,2763 2470,2763 2515,2763 2560,2763 2605,2763 2649,2763 2694,2763 2739,2763 2784,2766 2828,2763 2834,2766"/>
                <TextEquiv>
                    <Unicode>Treuenhof: Nicht wahr?) Die Künstler sollten</Unicode>
                </TextEquiv>
            </TextLine>
            <TextLine id="tr_2_tl_3" custom="readingOrder {index:2;}">
                <Coords points="486,2982 2847,2941 2847,2844 2732,2817 486,2841"/>
                <Baseline points="501,2921 528,2918 572,2921 617,2921 662,2918 707,2918 752,2918 796,2918 841,2918 886,2921 931,2921 975,2921 1020,2918 1065,2918 1110,2915 1154,2918 1199,2918 1244,2921 1289,2921 1333,2921 1378,2921 1423,2921 1468,2918 1512,2918 1557,2921 1602,2921 1647,2921 1692,2921 1736,2921 1781,2918 1826,2921 1871,2921 1915,2921 1960,2921 2005,2918 2050,2921 2094,2918 2139,2918 2184,2918 2229,2921 2273,2924 2318,2927 2363,2927 2408,2930 2452,2927 2497,2924 2542,2924 2587,2921 2632,2921 2676,2918 2721,2918 2766,2918 2811,2918 2855,2918"/>
                <TextEquiv>
                    <Unicode>alle von freiwilligen Spenden leben,gerad so</Unicode>
                </TextEquiv>
            </TextLine>
            <TextLine id="tr_2_tl_4" custom="readingOrder {index:3;}">
                <Coords points="480,3144 2184,3132 2187,2991 480,3017"/>
                <Baseline points="495,3070 540,3070 584,3070 629,3070 674,3073 719,3073 763,3073 808,3073 853,3073 898,3073 942,3070 987,3073 1032,3070 1077,3070 1122,3070 1166,3073 1211,3070 1256,3073 1301,3073 1345,3073 1390,3070 1435,3073 1480,3073 1524,3073 1569,3073 1614,3073 1659,3073 1703,3073 1748,3073 1793,3073 1838,3073 1882,3076 1927,3073 1972,3073 2017,3073 2062,3073 2106,3073 2151,3076 2196,3079 2199,3076"/>
                <TextEquiv>
                    <Unicode>wie der Papst und die Monarchen.</Unicode>
                </TextEquiv>
            </TextLine>
            <TextLine id="tr_2_tl_5" custom="readingOrder {index:4;}">
                <Coords points="471,3318 2561,3294 2646,3256 2646,3153 471,3156"/>
                <Baseline points="486,3225 531,3222 575,3225 620,3228 665,3228 710,3228 754,3225 799,3225 844,3228 889,3225 934,3225 978,3225 1023,3228 1068,3228 1113,3228 1157,3231 1202,3231 1247,3231 1292,3231 1336,3234 1381,3231 1426,3231 1471,3228 1515,3231 1560,3231 1605,3231 1650,3231 1694,3234 1739,3234 1784,3231 1829,3231 1874,3231 1918,3234 1963,3231 2008,3228 2053,3228 2097,3228 2142,3231 2187,3231 2232,3231 2276,3231 2321,3231 2366,3231 2411,3234 2455,3234 2500,3234 2545,3234 2590,3234 2634,3231 2652,3228"/>
                <TextEquiv>
                    <Unicode>Winkler: Nur dass das keine freiwilligen</Unicode>
                </TextEquiv>
            </TextLine>
            <TextLine id="tr_2_tl_6" custom="readingOrder {index:5;}">
                <Coords points="459,3444 630,3462 842,3409 874,3444 1098,3447 1163,3427 1163,3294 1072,3279 1004,3309 916,3276 854,3321 736,3300 651,3323 592,3294 459,3321"/>
                <Baseline points="474,3384 495,3386 540,3384 584,3384 629,3384 674,3384 719,3384 763,3384 808,3384 853,3381 898,3381 942,3381 987,3381 1032,3384 1077,3381 1122,3384 1166,3381"/>
                <TextEquiv>
                    <Unicode>Spenden sind</Unicode>
                </TextEquiv>
            </TextLine>
            <TextLine id="tr_2_tl_7" custom="readingOrder {index:6;}">
                <Coords points="462,3603 2708,3594 2726,3435 462,3447"/>
                <Baseline points="477,3539 522,3539 566,3539 611,3539 656,3539 701,3542 746,3542 790,3542 835,3539 880,3542 925,3536 969,3539 1014,3536 1059,3539 1104,3536 1148,3539 1193,3539 1238,3542 1283,3539 1327,3542 1372,3542 1417,3542 1462,3545 1506,3545 1551,3545 1596,3548 1641,3542 1686,3542 1730,3542 1775,3539 1820,3539 1865,3539 1909,3539 1954,3539 1999,3539 2044,3539 2088,3539 2133,3539 2178,3539 2223,3539 2267,3542 2312,3539 2357,3542 2402,3542 2446,3539 2491,3539 2536,3539 2581,3536 2626,3539 2670,3536 2715,3539 2730,3542"/>
                <TextEquiv>
                    <Unicode>Mutter: Aber vorläufig sind wir noch nicht</Unicode>
                </TextEquiv>
            </TextLine>
        </TextRegion>
    </Page>
</PcGts>
