3592 4120
1381 295 2324 554 Altine Käuschen sein.
887 527 3220 667 Ferdinand: (zu Tini) Sie hat geträumt. Wovon
893 637 3262 830 träumst du denn? Von der fernen unschuldigen
878 795 1488 929 Kinderzeit?
887 920 3205 1119 rini: Die erinnert sich gar nicht dran, dass
875 1080 2042 1256 sie je unschuldig war.
863 1208 3256 1393 Ferdinand: (vor sich hin) Das kommt vielleicht
1235 1336 2027 1441 dat nie einstuld: wie
854 1417 2896 1527 noch. Manchmal wird man s erst später.
2042 1476 3238 1619 Wm M. S. H.
845 1548 1920 1723 Tini: Was sagst du?
2158 1571 2435 1723 wehrt
854 1661 2027 1851 Ferdinand: Ach nichts.
848 1804 3179 1970 Albine: (die Uhr über dem Puffet betrachtend)
842 2006 1881 2152 Wirklich schon elf?
827 2083 3089 2316 Ferdinand: (auf seine Uhr sehend) Es fehlen
830 2298 1795 2470 noch zehn Minuten.
1321 2408 1655 2530 reufgten
830 2452 2881 2613 Albine: Ach Gott. (geht nach rückwärts
821 2613 3030 2786 bleibt zuerst am Tisch rechts vom Fenster
815 2765 3027 2890 stehen, die Herren nehmen aber keine Notiz
815 2914 3021 3110 von ihr, dann geht sie nach links an einem
795 3074 2955 3199 Tisch vorbei, wo zwei sehr junge Menschen
795 3253 3042 3354 sitzen,die sie auffordern platz zu nehmen.
786 3342 2798 3566 Sie setzt sich wieder unbewiligt hin.
780 3542 2759 3720 perdinand: (zu Tini) Was hat sie denn?
887 3682 2015 3866 Jas Toncay keines... ja Hoff¬
