3513 4136
2764 332 2931 491 91
691 485 2650 655 Mutter: Was ändert das an der Sache?
2569 544 3362 772 ist im in Geh, schweren
691 640 2997 873 Winkler: Immerhin, eine gemeinde braucht im
688 820 3066 984 mer meld, ein Graf meistens, aber ein Stift.
685 972 3078 1155 wei- oder dreihundert Jahr lang gehört ihnen
682 1092 2964 1292 der Grund, warum sollten sie ihn denn jetzt
685 1331 1235 1448 vorkaufen?
676 1430 2845 1591 Mutter: Gegen einen angemessenen Betrag
347 1505 571 1684 Wittl
685 1585 2845 1756 warum dann nicht? Das Stift kann ja doch
290 1678 556 1798 der 9 Mr
673 1717 2905 1905 nichts damit anfangen, und hat bisher je
308 1783 550 1905 sittet
670 1884 2465 2046 desfalls nicht die Absicht gehabt
667 2010 2973 2202 Winkler: (Aber jetzt hat wer anderer die Ab-
2115 2157 2202 2264 to
1469 2175 1690 2288 to him
670 2181 3033 2387 sicht und da schaut die Geschichte gleichum
1161 2342 1274 2447 no
664 2357 2946 2581 anders ###s. Und dann werden sie jedesfalls
658 2480 3000 2674 sehr lebhaft dafür interessieren,was man ih
2650 2626 2758 2719 in
649 2632 2985 2842 nen dort hinbauen will. Und jedenfalls habe
658 2794 2934 3015 ich es vorläufig für richtig gehalten über
649 2955 2988 3195 die eigentkiakaxBestimmung nichts verlauten
646 3138 2991 3308 zu lassen, die diesem herrlichen Wiesengrund
643 3254 2890 3467 zugedacht ist. Ich habe vorläufig mit dem
643 3416 3045 3622 Bürgermeister etwas unbestimmt von einer
