3560 4104
2859 201 3044 414 235
825 527 3129 702 Lisa: (die eine Weile starr stand, in plötzlicher
831 677 1850 887 Erregung,will davon).
815 853 1878 1000 Mimi: (hält sie zurück
821 978 2185 1201 Eisa: Laast mich, lasst mich!
815 1094 3339 1310 Treuenhof: Wovor hast du denn Angst? Jack denkt jours
806 1279 3126 1452 nicht daran dir irgend etwas anzutun. Und wenn
799 1455 3254 1636 schon. Es muss ja nicht gerade eine Wiese im Abend-
790 1596 2267 1768 sonnenschein sein. (zu Winkler)
799 1737 3314 1925 Sie hat früher nämlich den Antrag gestellt,
796 1903 2223 2119 dass ich mich umbringen soll.
781 2072 3185 2260 Ferdinand Neumann: (zu Lisa) Wohin wilist du denn?
787 2226 2013 2414 Wir werden dich schützen.
771 2514 2655 2727 Zack: (tritt herein,Alle starr;schweigt
765 2706 2191 2859 Lisa: (zu ihm, fragender Blick)
762 2837 2289 3044 Winkler: Wissen Sie, wo er ist?
759 2991 2822 3195 Zack; (zu Bertha) Sie sind seine Schwester?
749 3157 1636 3364 Bertha: (nickt nur)
746 3223 3151 3486 Zack: Gehen Sie nachhause. (Ihre Mutter wird Ihrer
2216 3354 2771 3552 Nerts den
746 3467 1994 3662 bedürfen. (Willi ist tot.
730 3615 1204 3831 Lisa: Du?
