3512 4184
2777 342 2909 509 31
813 497 2877 726 mit den Urlementen verwandter als Ihre
816 711 1697 893 Schwiegermutter?
822 811 3157 1015 Zack: Auf die Urelemente kommt es vielleicht
1118 948 1729 1083 nicht wich
819 1001 2227 1173 weniger an in diesem Fall.
1367 1121 1683 1206 ut un
825 1121 3029 1311 Cleissner: Wieso? Ausschliesslich auf die
825 1238 3032 1487 Urelemente. Sie können Frau Lisa wirklich
825 1440 2124 1665 sehr gut hieher bringen.
828 1577 2555 1803 Zack: Gelegentlich (will ja
831 1688 3184 1923 Rapp: Warum gelegentlich? Heute. Gradeheute-
2177 1841 2765 1940 beile san
1498 1870 2180 1993 Krum Sie en a
837 1876 3143 2072 da zufällig auch noch eine andere „anständi-
828 2078 2563 2280 ge Frau" an unserem Tische sitzt
939 2227 2783 2420 reuenhof: Wieso? (zu Fr. Flatterer
837 2361 2458 2543 Was - anständig sind Sie auch?
837 2520 2999 2762 Fr.Flatterer: (lächelnd ) Man nennt es nun
840 2686 3061 2853 einmal so. Ich glaube, es gab Augenblicke
840 2774 2947 3017 in denen ich zu solchen Geschöpfen - (auf
840 2999 3096 3216 Albine und Tini deutend) aufschauen durfte
849 3175 1735 3353 wie zu Heiligen.
849 3345 1650 3517 Rappix Zach: O.
852 3415 3032 3661 Rapp: (kühl, sachlich) Die gnädige Frau be-
846 3552 3116 3807 hauptet sich zuweilen sehon zu wohltätigen
