3507 4136
2789 389 2968 525 176
897 668 2896 883 Sei vernünftig, Willi, wenn du mich liebst,
889 838 1607 1015 Willi, sei klug,
1613 875 1887 1012 wirst
900 894 2907 1084 Willi: Noch heute du es ihm sagen!
897 1084 3058 1233 Lisa: Wenn ich eine Närrin wär. Ich werde in
889 1283 2960 1484 dem Augenblick zu ihm sprechen, den ich für
892 1456 3072 1629 als den richtigen erkenne. Vielleicht morgen.
889 1562 3013 1708 Vielleicht erst in zwei oder drei Tagen. Ich
883 1702 2968 1878 weiss es nicht. Ich will nicht versprechen,
883 1822 3125 2015 was ich nicht halten kann. Ich kann nicht meine
878 1990 3122 2242 und deine Zukunftlich kann nicht unser Glück
880 2194 3033 2317 vernichten, nur um vielleicht vierundzwanzig
875 2351 3019 2493 Stunden früher bei dir in Rom oder Neapel zu
872 2451 2929 2714 sein.
2306 2588 2625 2694 austub
866 2638 3019 2792 ich dich wiedersehe muss alles hier erledigt
1255 2764 1398 2862 in
855 2761 3007 3016 sein, auch (formeller Hinsicht, Als unabhängige
858 2974 2957 3083 Frau will ich dir gegenübertreten nicht als
858 3072 2921 3315 ein durchgegangenes oder gar
852 3231 2952 3466 als davongejagtes Frauenzimmer ohne Sicher-
841 3446 1889 3558 heit und ohne Rechte.
825 3527 2647 3745 Willi: Als wärst du nicht bei mir -
