3624 4120
2805 375 3005 581 110
803 609 1821 762 Mutter: Geht fort?
809 747 1965 937 Willy: (leuchtend) Ja.
2499 734 3258 928 Mit seinem Grunde
800 903 2396 1103 Mutter: Er ist einverstanden?
2490 912 3314 1053 Heute hat weit
790 1006 3305 1243 Willy: Er wird sich nicht halten.) Da sie
793 1181 3124 1368 gehen will, wird er sie nicht halten. Morgen
787 1343 2914 1515 wird sie frei sein. I Wirklichkeit ist
787 1515 1980 1677 sie es ja schon heute.
787 1687 1631 1815 Mutter: ünd du?
787 1827 2171 2015 Willy: Nie me inst du das?
784 1962 2102 2127 Mutter: Was hast du vor?
775 2127 1880 2327 Mu Willy: Du fragst?
781 2274 1818 2455 Mutter: Du willst -
778 2421 3149 2627 Willy: Es ist alles wohl überlegt. Wir können
790 2555 2193 2727 ohne einander nicht leben.
765 2711 2574 2927 Mutter: Seit wann glaubt Ihr das?
765 2861 3036 3058 Willy: (ihre Frage verstehend) Sie ist edel,
1437 3021 1706 3096 much
772 3021 3055 3205 sie ist das reinste Wesen, das mir je begeg
753 3192 2927 3339 net ist. Du darfst nichts missverstehen,
740 3330 3121 3505 Mutter. Sie tritt nicht als Lügnerin vor
753 3467 3058 3742 ihn hin. Wir dürfen ihm beide frei ins Augo
