3416 4152
2759 372 2948 509 140
750 549 1582 741 rechtigkeitssinn.
753 707 3104 918 Rapp: Und manchen Dichter trägt man mit gebroche-
744 866 2985 1024 nen Armen und Beinen aus der Manège und
744 1000 2284 1165 er merkt es nicht einmal selber.
741 1165 1021 1357 XXXx
744 1277 3125 1448 Gleissner: Wenn das vielleicht auf mich gehen sob
750 1433 2921 1640 te - zu deiner Beruhigung, ich pfeif überhaupt
738 1622 2774 1790 auf die ganze Literatur, ich will überhaupt
735 1787 2049 1945 nichts mehr von ihr wissen'
735 1933 2954 2116 Rapp: Was bleibt denn dann von dir noch übrig?
720 2070 3049 2265 Gleisener: Leben, darauf kommt es an. Sein eigenes
716 2262 2500 2399 Leben gestalten, mit Menschen spielen.
713 2412 1546 2619 Rapp: Grossartig!
713 2558 3162 2744 Gleissner: Mit Seelen experimentieren. Wie dächten
720 2698 3009 2912 Sie zum Beispiel über folgendes experiment,Herr
710 2866 3140 3000 Hofrat? Man steht zu zwei weiblichen Wesen gleich
710 3024 3082 3207 zeitig in Beziehung, zu einer, die schon sehr viel,
707 3189 3046 3323 zu einer, die noch gar nichts erlebt hat, zu einer
701 3326 3110 3485 völlig verderbten Person und zu einer reinen Jung-
695 3466 3058 3646 frau. Und es gelingt einem die Dirne zur Heiligen
