3432 4168
2800 422 2979 574 144
802 623 1153 786 ziehen.
777 728 3115 950 Winkler: Sie wollen eine Versammlung einberufen?
786 910 3056 1095 1. Junger: Wir können wohl nichts Besseres tun.
777 1076 2893 1249 Winkler: Mich bitte in diesem Falle aus dem
780 1218 1597 1406 Spiel zu lassen.
3000 1286 3108 1375 Votre
774 1258 2982 1523 2. Jünger: Sind Sie nicht sein ältester Freund
777 1567 1369 1699 Herr Hofrat?
774 1637 3031 1881 Winkler: Eben darum. Habe die Ehre. (ab in den
768 1860 1483 2011 nächsten Saal)
765 1964 3195 2152 Rapp: Ich hielt es auch für denkbar die Angelegen-
768 2112 2714 2337 heit etwas diskreter ins Werk zu setzen
759 2211 2871 2504 Fr.Flatterer: Sie sehen,wie weit Sie es mit
802 2430 2664 2646 hrer Diskretion bisher gebracht haben.
771 2556 3087 2797 1. Jünger: An die Oeffentlichkeit appellieren, nur
774 2748 2233 2951 so lässt sich etwas erreichen.
756 2862 2667 3124 2. Jünger: Wir müssen einen Saal mieten.
756 3010 3238 3269 Fr.Flatterer: Die Sache muss in allergrösstem Stile
756 3260 1748 3423 durchgeführt werden.
756 3312 3118 3552 1. Jünger: Und nicht immer wieder hinausschieben.
