3488 4136
2806 204 2923 309 De'
2571 427 2769 622 104
652 532 2983 802 so weit.Und mit dergleichen phantasiewesten
643 763 1991 949 können Sie nicht rechnen.
631 892 1595 1084 Treuenhof: Leider.
628 1018 3016 1159 Mutter: Und da wär s doch schön, wenn Sie ein
637 1117 2310 1316 regelmässiges Einkommen hätten.
613 1274 3028 1457 Treuenhof (Franziska) - geben Sie's noch nicht
610 1493 853 1631 auf?
607 1595 2799 1769 Mutter: Wenn Sie uns zum Beispiel diesen
604 1742 1919 1916 Aufruf schreiben wollten
2058 1856 2403 1988 desk. In
601 1886 2896 2070 Treuenhof: Gegen Bezahlung? Sie meinen, sol-
595 2049 2736 2229 che Sachen kann man gegen Bezahlung -?
595 2205 2866 2397 Mutter: Nein, nein,nicht so. Ich stelf mir
592 2403 2806 2547 das ganz anders vor. Wir brauchen nämlich
583 2508 2733 2688 eine art Sekretär. So ein Sekratär hätte
577 2667 2851 2854 nicht übermässig viel zu tun. Es wäre ein
574 2824 2796 3019 regelmässiger Gehalt damit verbunden. Und
568 2977 2911 3163 wenn gelegentlich ein Appell an die oeffent-
565 3112 2778 3298 lichkeit zu richten wäre, wie zum Beispiel
559 3277 2842 3457 oben jetzt, dergleichen müsste Ihnen doch
544 3421 2872 3680 gerade aus der Feder fliessen. Es wäre doch
