3512 4184
2910 355 3064 556 32
845 509 3252 716 Zweck verkauft zu haben.) Et. de WohlEhrtester
2530 613 2703 735 for
833 679 3095 877 Fr.Flatterer: Nicht daran dachte ich.. Ich
836 830 3092 987 dachte an eine zeit, in der ich ganz einsam
830 980 3045 1166 in einem kleinen norwegischen Fischerdorf
2200 1122 2435 1197 wisen
836 1134 3130 1301 lebte— und stundenlang im Sande lag - wie
2247 1248 3312 1490 Rapp Ohne Tyründe
817 1282 1958 1490 Gott mich erschaffen.
2696 1411 3036 1546 in Treif.
830 1471 2479 1640 Rapp: (für sich) In seinen Zorn.
1760 1571 2750 1684 Schäker! - Der Spivre fest
804 1637 3334 1763 Fr.Flatterer: Einser. Doch dara Is hatte
1420 1725 1936 1848 Mnt darmit
820 1782 3045 1933 ich Träume. Wenn ich Ihnen diese Träumer-
804 1917 3077 2134 zählte.... damals, ja gerade damals war ich
814 2061 3265 2237 eine Dirne. mehr als erfangenen in den glüheuren Unvernehmung
977 2203 1549 2288 we trouve it
801 2253 2910 2426 Zack: (mit naivem Staunen) Wirklich - so
804 2410 1999 2567 sind Sie,gnädige Frau?
792 2545 2982 2753 Fr. Flatterer: (Bestimmt) So sind wir alle,
798 2718 1527 2904 Herr van Zack.
792 2863 3011 3029 Zack: Das dürfte doch wohl eine Ueberfrei-
782 3020 2904 3183 bung sein,gnädige Frau. (will sich verab-
792 3158 2193 3366 schieden) Auf Wiedersehen!
2677 3177 2894 3372 get
795 3268 3058 3482 Treuenhof : (diktatorisch) Sie kommen wieder
776 3444 2778 3645 mit Lisa... Gl. Oct heute mit melleret.
757 3620 2316 3843 Zack: (will replizieren)
