<?xml version="1.0" encoding="UTF-8" standalone="yes"?>
<PcGts xmlns="http://schema.primaresearch.org/PAGE/gts/pagecontent/2013-07-15" xmlns:xsi="http://www.w3.org/2001/XMLSchema-instance" xsi:schemaLocation="http://schema.primaresearch.org/PAGE/gts/pagecontent/2013-07-15 http://schema.primaresearch.org/PAGE/gts/pagecontent/2013-07-15/pagecontent.xsd">
    <Metadata>
        <Creator>prov=READ-COOP:name=TrHtr:version=2.1.0:model_id=51170:date=15_08_2023_00:57</Creator>
        <Created>2023-05-10T15:00:04.849+02:00</Created>
        <LastChange>2023-08-15T00:57:13.424+02:00</LastChange>
        <TranskribusMetadata docId="1428698" pageId="55428957" pageNr="127" tsid="132835528" status="IN_PROGRESS" userId="64420" imgUrl="https://files.transkribus.eu/Get?id=ZUHXAVIZJHCQWSVVCXUEOSDN&amp;fileType=view" xmlUrl="https://files.transkribus.eu/Get?id=RTBKUCQOQKRTZINDRPLKLUTR" imageId="44703030"/>
    </Metadata>
    <Page imageFilename="1428698_0127.jpg" imageWidth="3448" imageHeight="4120">
        <ReadingOrder>
            <OrderedGroup id="ro_1711807895036" caption="Regions reading order">
                <RegionRefIndexed index="0" regionRef="tr_1"/>
                <RegionRefIndexed index="1" regionRef="tr_2"/>
            </OrderedGroup>
        </ReadingOrder>
        <TextRegion id="tr_1" custom="readingOrder {index:0;}">
            <Coords points="752,448 3155,448 3155,2440 752,2440"/>
            <TextLine id="tr_1_tl_1" custom="readingOrder {index:0;}">
                <Coords points="2888,529 2925,535 2944,523 2954,529 2969,516 2994,535 3013,532 3035,551 3072,538 3079,410 3041,422 3000,422 2979,410 2950,429 2919,413 2894,416"/>
                <Baseline points="2907,507 2946,504 2991,504 3036,498 3081,504"/>
                <TextEquiv>
                    <Unicode>133</Unicode>
                </TextEquiv>
            </TextLine>
            <TextLine id="tr_1_tl_2" custom="readingOrder {index:1;}">
                <Coords points="748,795 2622,729 2663,501 2375,563 2121,519 1940,591 1477,516 1120,673 751,673"/>
                <Baseline points="767,728 782,728 826,728 871,728 916,725 961,725 1006,725 1050,725 1095,722 1140,722 1185,719 1230,719 1274,716 1319,716 1364,713 1409,713 1453,707 1498,710 1543,710 1588,704 1633,707 1677,704 1722,704 1767,701 1812,698 1856,698 1901,695 1946,695 1991,695 2036,692 2080,689 2125,689 2170,686 2215,683 2260,683 2304,683 2349,680 2394,680 2439,677 2483,677 2528,674 2573,671 2618,674 2663,671"/>
                <TextEquiv>
                    <Unicode>Gleissner: (hört plöttlich zu tanzen auf</Unicode>
                </TextEquiv>
            </TextLine>
            <TextLine id="tr_1_tl_3" custom="readingOrder {index:2;}">
                <Coords points="745,898 2303,879 2434,857 2437,757 1574,760 1014,842 748,798"/>
                <Baseline points="761,883 782,883 826,883 871,880 916,880 961,877 1006,877 1050,877 1095,874 1140,874 1185,871 1230,868 1274,868 1319,865 1364,865 1409,862 1453,862 1498,859 1543,859 1588,856 1633,856 1677,856 1722,856 1767,850 1812,850 1856,847 1901,847 1946,850 1991,847 2036,844 2080,841 2125,838 2170,838 2215,838 2260,835 2304,832 2349,832 2394,832 2439,838"/>
                <TextEquiv>
                    <Unicode>Mimi: Was haben Sie, Herr Gleissner?</Unicode>
                </TextEquiv>
            </TextLine>
            <TextLine id="tr_1_tl_4" custom="readingOrder {index:3;}">
                <Coords points="757,1120 1148,1129 1392,1023 3007,1001 3069,907 2478,845 1658,967 763,964"/>
                <Baseline points="776,1050 791,1047 835,1041 880,1035 925,1032 970,1032 1015,1030 1059,1030 1104,1027 1149,1027 1194,1024 1238,1021 1283,1024 1328,1018 1373,1018 1418,1018 1462,1018 1507,1015 1552,1012 1597,1012 1642,1012 1686,1009 1731,1006 1776,1006 1821,1006 1865,1003 1910,1000 1955,1000 2000,997 2045,997 2089,994 2134,994 2179,994 2224,991 2268,991 2313,988 2358,985 2403,985 2448,985 2492,985 2537,982 2582,982 2627,979 2672,976 2716,973 2761,973 2806,973 2851,973 2895,970 2940,967 2985,967 3030,964 3075,964"/>
                <TextEquiv>
                    <Unicode>Gleissner: Wollen wir nicht lieber ein Weilchen</Unicode>
                </TextEquiv>
            </TextLine>
            <TextLine id="tr_1_tl_5" custom="readingOrder {index:4;}">
                <Coords points="745,1211 848,1226 948,1201 970,1214 1067,1192 1195,1198 1198,1117 1142,1129 1108,1111 1086,1129 1011,1108 917,1114 910,1101 870,1129 842,1114 748,1133"/>
                <Baseline points="761,1203 800,1197 844,1194 889,1191 934,1188 979,1185 1024,1182 1068,1182 1113,1182 1158,1182 1203,1185"/>
                <TextEquiv>
                    <Unicode>plaudern?</Unicode>
                </TextEquiv>
            </TextLine>
            <TextLine id="tr_1_tl_6" custom="readingOrder {index:5;}">
                <Coords points="735,1439 948,1433 1167,1333 1255,1364 1943,1327 1946,1201 1411,1161 1311,1214 1139,1189 904,1283 742,1280"/>
                <Baseline points="755,1349 785,1346 829,1346 874,1343 919,1340 964,1337 1009,1337 1053,1337 1098,1334 1143,1331 1188,1331 1233,1331 1277,1331 1322,1331 1367,1328 1412,1325 1456,1325 1501,1322 1546,1322 1591,1319 1636,1316 1680,1316 1725,1313 1770,1313 1815,1310 1859,1310 1904,1310 1949,1310"/>
                <TextEquiv>
                    <Unicode>Mimi: Er spielt so schön.</Unicode>
                </TextEquiv>
            </TextLine>
            <TextLine id="tr_1_tl_7" custom="readingOrder {index:6;}">
                <Coords points="748,1514 2929,1477 3116,1458 3119,1355 2857,1289 1514,1320 748,1445"/>
                <Baseline points="764,1504 800,1498 844,1498 889,1495 934,1495 979,1492 1024,1492 1068,1489 1113,1489 1158,1489 1203,1486 1247,1486 1292,1483 1337,1483 1382,1480 1427,1480 1471,1477 1516,1474 1561,1471 1606,1471 1650,1468 1695,1468 1740,1468 1785,1465 1830,1465 1874,1465 1919,1462 1964,1462 2009,1459 2054,1459 2098,1456 2143,1456 2188,1456 2233,1453 2277,1453 2322,1453 2367,1450 2412,1450 2457,1450 2501,1447 2546,1444 2591,1444 2636,1444 2680,1439 2725,1439 2770,1439 2815,1436 2860,1436 2904,1436 2949,1436 2994,1433 3039,1430 3084,1427 3128,1430"/>
                <TextEquiv>
                    <Unicode>Gleissner: Wir wollen die Musik als Begleitung zu</Unicode>
                </TextEquiv>
            </TextLine>
            <TextLine id="tr_1_tl_8" custom="readingOrder {index:7;}">
                <Coords points="751,1686 1139,1643 1348,1696 1483,1636 1880,1621 2231,1655 2231,1574 2077,1530 1877,1577 1736,1530 1542,1596 1492,1552 754,1586"/>
                <Baseline points="767,1656 806,1653 850,1650 895,1650 940,1648 985,1648 1030,1645 1074,1642 1119,1642 1164,1639 1209,1639 1253,1639 1298,1642 1343,1636 1388,1639 1433,1639 1477,1633 1522,1630 1567,1633 1612,1630 1656,1627 1701,1624 1746,1624 1791,1621 1836,1618 1880,1618 1925,1618 1970,1615 2015,1615 2060,1612 2104,1612 2149,1609 2194,1609 2239,1609"/>
                <TextEquiv>
                    <Unicode>unserem Gespräch gelten lassen.</Unicode>
                </TextEquiv>
            </TextLine>
            <TextLine id="tr_1_tl_9" custom="readingOrder {index:8;}">
                <Coords points="742,1815 2947,1812 2950,1677 2678,1605 2356,1702 745,1746"/>
                <Baseline points="761,1809 806,1806 850,1806 895,1806 940,1806 985,1803 1030,1803 1074,1800 1119,1797 1164,1797 1209,1794 1253,1791 1298,1788 1343,1788 1388,1785 1433,1785 1477,1785 1522,1779 1567,1782 1612,1779 1656,1779 1701,1776 1746,1776 1791,1776 1836,1773 1880,1773 1925,1770 1970,1770 2015,1767 2060,1767 2104,1767 2149,1764 2194,1764 2239,1764 2283,1761 2328,1758 2373,1758 2418,1755 2463,1755 2507,1752 2552,1752 2597,1752 2642,1752 2686,1749 2731,1749 2776,1746 2821,1746 2866,1746 2910,1743 2955,1746"/>
                <TextEquiv>
                    <Unicode>Mimi: Ich wäre weit mehr zum Tanzen aufgelegt.</Unicode>
                </TextEquiv>
            </TextLine>
            <TextLine id="tr_1_tl_10" custom="readingOrder {index:9;}">
                <Coords points="738,2049 1474,1943 2703,1965 3082,1915 3154,1830 745,1896"/>
                <Baseline points="758,1967 782,1964 826,1961 871,1961 916,1958 961,1958 1006,1955 1050,1955 1095,1952 1140,1949 1185,1946 1230,1946 1274,1946 1319,1946 1364,1946 1409,1943 1453,1943 1498,1940 1543,1937 1588,1937 1633,1937 1677,1931 1722,1931 1767,1931 1812,1928 1856,1928 1901,1925 1946,1925 1991,1925 2036,1922 2080,1922 2125,1919 2170,1919 2215,1919 2260,1916 2304,1913 2349,1913 2394,1910 2439,1907 2483,1907 2528,1907 2573,1904 2618,1904 2663,1901 2707,1901 2752,1901 2797,1901 2842,1901 2886,1898 2931,1898 2976,1892 3021,1889 3066,1889 3110,1886 3155,1886"/>
                <TextEquiv>
                    <Unicode>Cleissner: Später. Ich habe so selten Gelegenheit -</Unicode>
                </TextEquiv>
            </TextLine>
            <TextLine id="tr_1_tl_11" custom="readingOrder {index:10;}">
                <Coords points="782,2128 2397,2068 2872,2124 2919,1974 782,2056"/>
                <Baseline points="800,2119 821,2119 865,2116 910,2113 955,2113 1000,2113 1044,2110 1089,2110 1134,2107 1179,2107 1224,2104 1268,2101 1313,2101 1358,2098 1403,2095 1447,2095 1492,2092 1537,2092 1582,2092 1627,2089 1671,2086 1716,2086 1761,2083 1806,2083 1851,2083 1895,2083 1940,2080 1985,2080 2030,2080 2074,2077 2119,2074 2164,2074 2209,2074 2254,2071 2298,2068 2343,2068 2388,2065 2433,2068 2477,2062 2522,2062 2567,2062 2612,2062 2657,2060 2701,2060 2746,2057 2791,2054 2836,2051 2881,2051 2925,2051"/>
                <TextEquiv>
                    <Unicode>und ich liebe Ihre Stimme so sehr - auch Ihr</Unicode>
                </TextEquiv>
            </TextLine>
            <TextLine id="tr_1_tl_12" custom="readingOrder {index:11;}">
                <Coords points="742,2287 1477,2278 1508,2271 1511,2137 1461,2159 1345,2109 1226,2149 1167,2137 1064,2212 923,2171 823,2218 745,2196"/>
                <Baseline points="758,2277 797,2274 841,2271 886,2271 931,2271 976,2266 1021,2268 1065,2266 1110,2263 1155,2260 1200,2260 1244,2260 1289,2257 1334,2257 1379,2257 1424,2257 1468,2254 1513,2257"/>
                <TextEquiv>
                    <Unicode>Schweigen singt,</Unicode>
                </TextEquiv>
            </TextLine>
            <TextLine id="tr_1_tl_13" custom="readingOrder {index:12;}">
                <Coords points="735,2437 2944,2400 3007,2234 735,2359"/>
                <Baseline points="752,2430 770,2430 815,2427 859,2427 904,2427 949,2424 994,2421 1038,2424 1083,2421 1128,2418 1173,2415 1218,2415 1262,2412 1307,2412 1352,2409 1397,2406 1442,2406 1486,2406 1531,2403 1576,2403 1621,2403 1665,2403 1710,2400 1755,2400 1800,2397 1845,2397 1889,2397 1934,2394 1979,2391 2024,2388 2068,2388 2113,2388 2158,2385 2203,2385 2248,2382 2292,2379 2337,2379 2382,2376 2427,2376 2472,2373 2516,2373 2561,2373 2606,2370 2651,2370 2695,2367 2740,2367 2785,2367 2830,2364 2875,2364 2919,2364 2964,2361 3009,2361"/>
                <TextEquiv>
                    <Unicode>Mimi: Ich hab es nicht gern,wenn Sie so reden.</Unicode>
                </TextEquiv>
            </TextLine>
        </TextRegion>
        <TextRegion id="tr_2" custom="readingOrder {index:1;}">
            <Coords points="728,2466 3287,2466 3287,3685 728,3685"/>
            <TextLine id="tr_2_tl_1" custom="readingOrder {index:0;}">
                <Coords points="729,2609 2866,2550 2982,2534 2985,2422 2156,2403 1733,2509 729,2522"/>
                <Baseline points="746,2588 791,2585 835,2585 880,2582 925,2582 970,2579 1015,2576 1059,2576 1104,2570 1149,2573 1194,2570 1238,2570 1283,2570 1328,2567 1373,2567 1418,2564 1462,2564 1507,2561 1552,2558 1597,2555 1642,2555 1686,2555 1731,2552 1776,2552 1821,2552 1865,2549 1910,2549 1955,2549 2000,2546 2045,2546 2089,2543 2134,2543 2179,2540 2224,2540 2268,2537 2313,2537 2358,2534 2403,2531 2448,2531 2492,2528 2537,2528 2582,2525 2627,2525 2672,2522 2716,2522 2761,2522 2806,2522 2851,2519 2895,2516 2940,2516 2985,2522"/>
                <TextEquiv>
                    <Unicode>Gleissner: Sie haben wahrscheinlich recht. Ich</Unicode>
                </TextEquiv>
            </TextLine>
            <TextLine id="tr_2_tl_2" custom="readingOrder {index:1;}">
                <Coords points="732,2747 1877,2775 2275,2700 2731,2766 3085,2725 3091,2575 2256,2550 732,2681"/>
                <Baseline points="749,2743 767,2743 812,2740 856,2740 901,2737 946,2737 991,2734 1035,2734 1080,2728 1125,2728 1170,2728 1215,2728 1259,2725 1304,2725 1349,2728 1394,2728 1439,2725 1483,2722 1528,2719 1573,2716 1618,2713 1662,2713 1707,2710 1752,2710 1797,2710 1842,2710 1886,2710 1931,2707 1976,2704 2021,2701 2065,2701 2110,2701 2155,2701 2200,2698 2245,2698 2289,2698 2334,2695 2379,2692 2424,2689 2469,2686 2513,2683 2558,2683 2603,2680 2648,2680 2692,2678 2737,2678 2782,2678 2827,2675 2872,2675 2916,2675 2961,2675 3006,2675 3051,2678 3095,2678"/>
                <TextEquiv>
                    <Unicode>möchte Ihnen ja auch eigentlich ganz andere Dinge</Unicode>
                </TextEquiv>
            </TextLine>
            <TextLine id="tr_2_tl_3" custom="readingOrder {index:2;}">
                <Coords points="742,2913 813,2916 832,2932 864,2916 889,2925 917,2910 932,2916 948,2900 986,2922 1004,2903 1029,2907 1029,2832 929,2825 895,2835 882,2822 823,2816 785,2844 742,2844"/>
                <Baseline points="758,2898 770,2898 815,2898 859,2898 904,2898 949,2895 994,2895 1038,2895"/>
                <TextEquiv>
                    <Unicode>sagen.</Unicode>
                </TextEquiv>
            </TextLine>
            <TextLine id="tr_2_tl_4" custom="readingOrder {index:3;}">
                <Coords points="767,3066 2975,3029 3007,2900 2240,2932 2131,2860 1721,2963 1480,2869 770,2910"/>
                <Baseline points="785,3045 815,3042 859,3045 904,3048 949,3048 994,3045 1038,3045 1083,3042 1128,3042 1173,3039 1218,3039 1262,3036 1307,3036 1352,3033 1397,3033 1442,3030 1486,3030 1531,3027 1576,3027 1621,3027 1665,3024 1710,3021 1755,3018 1800,3018 1845,3015 1889,3015 1934,3012 1979,3012 2024,3012 2068,3012 2113,3009 2158,3006 2203,3006 2248,3006 2292,3003 2337,3003 2382,3000 2427,2997 2472,2994 2516,2994 2561,2991 2606,2991 2651,2991 2695,2991 2740,2988 2785,2988 2830,2985 2875,2982 2919,2982 2964,2982 3009,2982"/>
                <TextEquiv>
                    <Unicode>Mimi: Wollen wir nicht wirklich lieber tanzen?</Unicode>
                </TextEquiv>
            </TextLine>
            <TextLine id="tr_2_tl_5" custom="readingOrder {index:4;}">
                <Coords points="776,3257 3169,3169 3173,3088 2722,3007 2278,3116 779,3154"/>
                <Baseline points="797,3212 806,3209 850,3206 895,3206 940,3203 985,3203 1030,3203 1074,3200 1119,3197 1164,3197 1209,3194 1253,3194 1298,3194 1343,3194 1388,3191 1433,3188 1477,3185 1522,3182 1567,3182 1612,3179 1656,3179 1701,3176 1746,3176 1791,3173 1836,3173 1880,3173 1925,3167 1970,3167 2015,3167 2060,3167 2104,3167 2149,3164 2194,3164 2239,3161 2283,3161 2328,3158 2373,3155 2418,3155 2463,3152 2507,3152 2552,3149 2597,3149 2642,3149 2686,3146 2731,3146 2776,3143 2821,3143 2866,3140 2910,3137 2955,3137 3000,3137 3045,3137 3090,3134 3134,3134 3179,3134"/>
                <TextEquiv>
                    <Unicode>Gleissner: (unbeirrt) Aber dazu ist es wahrschein-</Unicode>
                </TextEquiv>
            </TextLine>
            <TextLine id="tr_2_tl_6" custom="readingOrder {index:5;}">
                <Coords points="767,3379 3035,3345 3279,3320 3282,3219 770,3282"/>
                <Baseline points="785,3364 824,3361 868,3358 913,3358 958,3358 1003,3355 1047,3352 1092,3352 1137,3352 1182,3349 1227,3349 1271,3346 1316,3343 1361,3343 1406,3343 1450,3340 1495,3337 1540,3334 1585,3334 1630,3334 1674,3331 1719,3331 1764,3331 1809,3328 1854,3328 1898,3325 1943,3325 1988,3322 2033,3322 2077,3319 2122,3316 2167,3316 2212,3316 2257,3316 2301,3316 2346,3313 2391,3310 2436,3307 2480,3307 2525,3307 2570,3304 2615,3304 2660,3304 2704,3301 2749,3298 2794,3298 2839,3298 2884,3293 2928,3296 2973,3296 3018,3293 3063,3293 3107,3293 3152,3293 3197,3296 3242,3301 3287,3310"/>
                <TextEquiv>
                    <Unicode>lich noch zu früh. Erzählen Sie mir lieber etwas von</Unicode>
                </TextEquiv>
            </TextLine>
            <TextLine id="tr_2_tl_7" custom="readingOrder {index:6;}">
                <Coords points="716,3535 763,3526 788,3545 829,3551 839,3542 860,3554 901,3529 970,3529 973,3445 932,3454 898,3445 873,3460 829,3435 817,3448 785,3438 745,3460 720,3454"/>
                <Baseline points="734,3516 755,3516 800,3513 844,3513 889,3510 934,3510 979,3513"/>
                <TextEquiv>
                    <Unicode>sich.</Unicode>
                </TextEquiv>
            </TextLine>
            <TextLine id="tr_2_tl_8" custom="readingOrder {index:7;}">
                <Coords points="710,3704 1736,3673 1796,3658 1799,3570 1661,3586 1361,3485 1145,3498 1073,3542 713,3535"/>
                <Baseline points="728,3675 773,3672 818,3672 862,3669 907,3669 952,3666 997,3666 1041,3666 1086,3666 1131,3663 1176,3660 1221,3660 1265,3660 1310,3657 1355,3657 1400,3654 1444,3654 1489,3651 1534,3648 1579,3648 1624,3648 1668,3645 1713,3642 1758,3642 1803,3645"/>
                <TextEquiv>
                    <Unicode>Mimi : Ich wüsste kaum</Unicode>
                </TextEquiv>
            </TextLine>
        </TextRegion>
    </Page>
</PcGts>
