3528 4200
2821 398 2968 584 22
809 575 3055 749 Zack: Ich habe zwar den Vorzug zum Kreise
800 728 2953 931 von Anastasius Treuenhof zu gehören,aber
809 904 2261 1078 ich selbst heisse nur Zack.
1417 1018 2043 1111 with were a door
785 1018 3190 1282 Gleissner: Nicht so bescheiden - van Zack,
1869 1162 2144 1243 stände
791 1186 3055 1369 Rxxist Krskün-Reform-Kulturschmardar.- Wex
797 1324 3094 1524 Kostümkünstler. In seiner Art
791 1524 2932 1665 ebenso Künstler (auf Frau Flatterer) wie
791 1650 2962 1884 die Dichterin des köstlichen Bandes „Keu¬
791 1824 1495 1974 sche Räusche".
782 1941 2914 2111 Fr.Flatterer: Reform - Kultur-Kostüm.
773 2094 2995 2303 Zack: Cnädige Frau, ich bin einfach Schnei
785 2243 2776 2444 der - Kostümschneider,wenn Sie wollen
779 2423 2540 2594 Rapp: (ernsthaft) -Aber ein Genie.
770 2576 1279 2713 Zack: Oh!
773 2687 2845 2830 Cleissner: Beruhigen Sie sich,van Zack.
767 2857 2821 2992 Wenn (auf Rapp) — wenn er sich zutraute
755 3013 3127 3133 selber auch nur einen Stich nähen zu können
752 3160 2977 3327 würde er Sie kein Genie nennen,nicht ein
743 3336 1569 3465 mal ein Talent.
746 3444 2905 3657 Fr. Flatterer: Inwiefern Kulturschneider?
