3480 4104
2667 312 2838 509 129
1229 424 1383 572 Uin
621 509 2687 637 Willi: Sie haben es doch versprochen, Lisa!
624 654 3042 841 Lisa: Wenn es aber nicht möglich war! (plötzlich).
1186 752 1820 874 vire même v. aller.
2799 749 3065 848 Nacht
621 825 3068 992 ungeschickt ) Und, so haben Sie doch noch eine
608 949 2093 1120 lang Zeit sich's zu überlegen
1675 1064 2171 1169 Mr pter in or
2756 1104 2861 1192 w:-
604 1140 2730 1288 Willi: Lisa, überlegen! Haben Sie vergessen?
598 1255 3183 1426 Lisa: Nichts,o nein, nichts! (Was für wundervolle Dinge
601 1416 3045 1567 haben Sie mir heute Nachmittag gesagt! Ich war be-
591 1600 3232 1744 rauscht. Ich bin es noch. ich bin es immer wieder,wenn
2296 1698 2464 1767 win
588 1734 3219 1869 Sie in meiner Nähe sind. (Aber dann kann ich es wieder
2825 1823 3216 1925 tit. mine of
588 1889 3081 2043 nicht glauben. Ist es denn wahr, dass Sie mich - Sie
1830 2027 1941 2185 de
591 2066 1232 2231 sind so jung
578 2178 3209 2349 Willi: (immer fassungsloser) Morgen,Lisa,morgen wollten
581 2378 1859 2536 Sie fort aus diesem Hause!
568 2520 1991 2694 Lisa: O wär' ich's nur schon.
539 2681 2139 2838 Willi: Er wird Sie nicht halten.
565 2799 3068 3022 Lisa: Nein, das wird er nicht. Wie kann er denn,wenn
562 2999 3108 3183 er weiss, dass ich ihn nicht liebe. Das ich Sie liebe
545 3147 871 3324 Willi!
2053 3150 2273 3298 Noor
999 3213 1997 3347 Ich will er ihn ist.
535 3282 2267 3456 Willi: Wann werden Sie's ihm sagen?
529 3426 3042 3630 Lisa: Diese Nacht noch, wenn Alle fort sind. Aber bis
