3512 4280
811 459 2899 673 Winkler: Wie gehts immer,Herr Rapp(was
856 656 1489 856 triben Sie?
1281 791 1602 904 Yours etc.
802 768 3063 991 Rapp: Mein altes trauriges Gewerbe. ich bin
802 957 2891 1191 beschäftigt die Nichtigkeit von Nichtig
805 1118 1875 1281 keiten nachzuweisen.
780 1241 3049 1506 Gleissner: (wendet sich an Willi ) Sie sind
780 1441 2835 1630 freundlichst gebeten an unsern Tisch zu
780 1554 2829 1754 kommen. Verschiedene Damen sehnen sich
783 1765 2866 1956 Ihre Bekanntschaft zu machen. Man sehnt
783 1940 2953 2086 sich allerseits Ihre Bekanntschaft zu ma-
780 2077 2922 2289 chen. Die Kleine gefällt Ihnen, was? (auf
771 2246 1464 2384 Lisa weisend)
808 2370 3043 2595 (Willi und Tisa haben einander immer wieder
783 2534 1897 2671 von ferne angesehen).
768 2632 2891 2874 Willi: Frau Zak, meinen Sie) Ja die finde
774 2860 1408 3012 ich reizend.
2049 2860 2491 3035 du com,
768 2998 2928 3195 Gleissner: Ah, hat man Ihnen schon gesagt,
774 3108 2916 3299 dass sie allgemein Frau Jack gannt wird?
760 3294 3009 3527 Willi: Genannt? Wieso? Ist sie denn nie ht
763 3462 1371 3634 seine Frau?
1441 3522 1683 3665 H!
760 3609 2964 3738 Gleissner: Schon möglich, dass er sie im
