3512 4200
2959 389 3098 534 57
810 519 3089 751 Treuenhof: Wollen wir uns jetzt vielleicht
792 730 1552 887 zu den Andern
2332 798 2499 920 mit
766 840 2991 1077 Willi: (Später.) Vor allem wünsche ich eine
783 1030 2911 1166 bestimmte Zusage von dirjwann du kommst.
792 1169 2715 1377 Treuenhof: (Was habt Ihr mit mir vor?
786 1329 3071 1463 Willi: Wir haben gar nichts vor. Man möchte
780 1484 3086 1617 dich nur endlich wieder einmal sehen.) Uebri-
783 1614 2840 1813 gens ist jetzt auch der Onkel in Wien.
772 1757 1315 1846 Preuenhof:
775 1766 3146 1967 Der Hofrat? Was macht denn der wieder
760 1929 3149 2116 hier? Ich dachte,der hat sich endgültig aufs
801 2104 1828 2321 Land zurückge zogen.
757 2237 3042 2457 Willi: Er ist nur auf ein paar Tage da,wäre
754 2398 3134 2585 jedesfalls auch sehr froh dich wiederzusehen.
745 2540 2051 2742 Treuenhof: Weshalb denn?
748 2703 2442 2864 Willi: Dein hester Jugendfreund.
742 2873 2766 3059 Treuenhof: Hat mich nie leiden können.
733 3027 2193 3187 Willi: Also,wann kommst du?
739 3122 3092 3321 Treuenhof: (bestimmt) Zu dir ins Atelier wann
1691 3279 1852 3371 Mr
727 3291 2810 3460 du willst, in Euer Haus überhaupt nicht.
721 3463 3027 3635 Nein, nein, diese Luft ist zu gefährlich für
709 3647 1000 3781 mich.
