3416 4168
2517 288 2710 533 138
735 501 3122 735 So billig schwindelt man sich in meine Biographie
739 739 1382 916 nicht hinein.
726 840 2565 1059 Ferdinand: Sie sind einfach ein Narr!
732 957 3050 1214 Gleissner: Und Sie, Herr Neumann - etwas weniger
1750 1103 2209 1224 i et en bilde
2225 1182 2355 1274 Monsieur
732 1186 2073 1341 vernünftig als Sie glauben.
732 1233 3281 1522 Ferdinand: (will noch etwas erwidern, dann zu Mimi hin
735 1452 3091 1648 Kommen Sie, Mimi! (nimmt ihren Arm, mit ihr in den
739 1667 1335 1797 andern Saal.
748 1759 3230 1921 Gleissner: (bleibt allein zurück, setzt sich dann auf
732 1924 2932 2095 den Diwan und trinkt das Glas Champagner aus)
754 2083 3138 2314 (Eben kommt der Diener mit dem Tablett, auf das er
739 2222 3148 2495 die leeren Gläser stellt.
735 2444 986 2644 Esak
732 2542 2660 2761 Rapp: (kommt, will in den nächsten Saal)
751 2637 3088 2888 Gleissner: (begrüsst ihn von seinem Sitz aus)Oh!
745 2916 1154 3062 So spät?
735 2942 3091 3237 Winkler: (kommt aus dem Saal heraus; flüchtige Be-
745 3202 1639 3386 griissung mit Rapp)
748 3297 2961 3484 Rapp: Ich komme aus dem Theater. Ja. Basch ist
745 3497 3062 3687 krank geworden, so haben sie mich zu deiner fünf-
