3560 4104
2996 365 3181 497 164
818 457 3214 653 wie die Sehnsucht der Männer mich umschleicht und
809 623 3118 818 wenn mir auch keiner was bedeutet - was hilft's
785 742 2996 964 mir, (wenn du mir misstraust?) Da nun einmal der
795 964 3181 1103 Wahnsinn über dich gekommen ist, siehst du ünerall
782 1117 2946 1272 Gespenster. Ich rede mit einem (und mache ein
772 1253 3257 1448 freundliches Gesicht und du bildest dir ein, es wird
772 1425 3244 1634 ein Rendez-vous verabredet. Ich tanze mit einem und
759 1604 3314 1750 er ist mein Liebhaber. Ich lächle einen an und du er-
732 1707 3320 1889 würgst mich. Unser Glück ist ja doch dahin und es ist
732 1879 1909 2005 das Beste, wenn ich gehe.
709 2025 3211 2210 Zack: Komm zu dir.Lisa, vielleicht fängt unser Glück
709 2197 3055 2363 erst an. Was die Zukunft bringt, können wir nicht
696 2340 3002 2492 vorhersehen. Aber was jetzt in deiner Seele vor
703 2512 3108 2664 geht.das weiss ich, weil ich dich liebe. Ich fühle,
679 2631 3340 2813 dass du mir noch nicht verloren bist.aber du schwankst
669 2823 3065 2976 du neigst dich ihm zu,du willst vielleicht selber
663 2976 3208 3115 nicht,aber es zieht dich hin – und das ist’s, was ich
646 3088 3012 3284 nicht ertrage. Wenn es dich stärker zu ihm zieht,
636 3294 3178 3433 so scheiden wir als Freunde. „Wenn du bleibst, so wird
630 3416 2962 3625 von all dem mit keinem Wort mehr geredet werden.
