3544 4216
2835 460 3026 610 202
763 623 2959 827 Willi: Es ist vielleicht noch nicht zu Ende.-
1427 750 1644 840 Hats.
773 808 1791 980 Treuenhor: Reise ab.
779 945 3125 1117 Willi: Es wäre auch nicht so glatt gegangen,wenn
766 1063 3192 1274 ich nach Verabredung abgereist,
773 1229 2426 1430 auf sie vergeblich gewartet hätte.
2056 1334 2484 1433 Wm & am
763 1344 3212 1568 Ich hätte sie mir geholt.- Nein. Ich wäre zurück, um
1073 1510 1520 1625 in Mr Wuf-
763 1596 1411 1743 sie zu töten.
769 1657 3212 1880 Treuenhof: Ha, du Dazu bist du gerade der Mann. Du
760 1826 3058 1999 stichst einem Bild die Augen aus,das ist alles.
737 1986 3250 2225 Du hättest sie kniefällig angebettelt wieder zurück
747 2219 1204 2366 zukehren.
744 2327 3180 2522 Wenn sie jetzt zur Türe hereinträte,würdest du sie
747 2439 3307 2650 anflehen bei dir zu bleiben. Du bist ein Schwächling.
731 2592 3081 2819 Willi: Wenn sie auf den Knieen vor mir läge -ehe
750 2790 3218 2953 ich noch einmal ihre Fingerspitzen berührte —Aber
728 2915 1995 3129 sie kommt ja nicht wieder.
734 3011 3276 3301 Treuenhof: Das ist's, was dir das einzig Peinliche an
731 3256 1698 3432 der Sache ist.
1261 3352 1666 3461 Witsdorf
728 3359 2439 3576 Willi: Ich bin ihr nicht verfallen.
1430 3534 1571 3614 her
712 3556 1686 3751 Treuenhof: Aber dir.
