3576 4232
2991 415 3151 578 199
912 558 2709 709 vorher hat sie mich mit ihm betrogen.
897 738 3194 918 Treuenhof: Sie ist keine Betrügerin. Die Schuld
897 842 3153 1057 liegt bei dir. Der Lügner bist du, (Du wusstest
897 1034 3229 1182 oder glaubtest, dass sie dich vierzehn Tage nicht
891 1173 3153 1365 sehen dürfe) Du hättest sie überhaupt nicht em-
894 1315 1699 1542 pfangen dürfen.
889 1490 3084 1670 Willy: Wir wollten nur eine Nacht wir woliten
865 1670 2579 1803 miteinander sterben - immer wieder.
860 1774 3032 2001 Freuenhof: Infamer Egoist. Warum wolltest du
857 1977 1673 2172 mit ihr sterben!
883 2076 3078 2306 (noch früher) Als wenn Weiber überhaupt lügen
851 2236 3017 2491 könnten. Mit Begriffen wie Wahrheit und Lüge
845 2428 3066 2570 hat ihre Seele nicht das Geringste zu tun-und
862 2581 3191 2767 ihr Körper erst recht nicht. Frauen sind Heilige
851 2767 2988 2895 und Dirnen zugleich. Für den Einen dies,für
833 2854 3017 3069 den Andern jenes, für Manchen beides zugleich.
1806 3002 2038 3104 liebe d
830 3072 3046 3261 Lüge.-Wahrheit in Erotischem nur Begriffe und
836 3209 3087 3363 Worte,die wir blöde männer erfunden haben. Die
830 3371 2950 3554 Weiber plappern sie uns nach,wie sie irgend
825 3531 2944 3659 eine fremde Sprach nachplappern ohne sie zu
828 3635 2921 3801 verstehen. Frauen lügen nie, nur Männer, weil
