3488 4136
2687 317 2866 476 105
590 470 2737 652 für Sie überhaupt keine Arbeit.Wenn Sie,
596 649 2789 799 Anastasius,für unsere Sache einträten,Sie
584 793 2842 943 mit Ihrem glühenden Herzen für die Elenden
573 931 2836 1110 und Verlassenen, für die unschuldigen Opfer
567 1089 2637 1277 sozialer ungerechtigkeit und Heuchelei
561 1221 2813 1421 das müsste ja - und darunter noch der Name
555 1389 1750 1553 Anastasius Treuenhof -
549 1550 2819 1732 Treuenhof: Aber ich hab ja gar kein güthen-
531 1738 2795 1876 des Herz, Franziska, gar keine Spur. (Und ich
531 1841 2690 2035 mach mir wahrscheinlich gar nicht soviel
514 2008 2628 2199 aus den Elenden und Verlassenen, als Sie
508 2182 2813 2337 sich einbilden,Frau Franziska. Was so einen
499 2346 2745 2499 Aufruf anbelangt,den brächte ich natürlich
499 2455 2781 2660 zusammen, -or könnt' auch sehr gut ausfallen,
496 2619 2651 2810 er könnte vielleicht eine Anzahl Messchen
493 2789 2684 2966 veranlessen das portemonnaie oder gar die
482 2948 2842 3083 eiserne Kasse zu öffnen. Aber soll ich Ihnen
467 3063 2590 3268 was sagen, Franziska?) Mir persönlich wär
452 3259 2784 3430 gewiss viel wohler, wenn ich (das Bewusstsein
446 3415 2610 3617 hätte,selber im Lauf der Zeiten ein paar
