3603 4232
2795 415 3083 623 196 b
827 589 3130 803 Treuenhof: (kommt; da es dämmert sieht Treuenhoff
815 796 2789 958 nicht gleich Willis verstörtes Gesicht).
818 939 1611 1153 Treuenhof, Willi.
840 1116 1215 1274 (Skizze)
806 1246 3247 1385 Treuenhof: Du wolltest fort - ohne Abschied? Soll-
827 1354 3151 1565 test du nicht zu der Versammlung? Die ganze Zeit
793 1556 3272 1704 hast du dich nicht um mich gekümmert. Warum? So ge-
787 1707 2594 1875 schwind fort? O,unglückliche Liebe -?
796 1872 1432 2067 Willi: (weint)
781 1986 3189 2197 Treuenhof: Kind! Ich will dir was sagen. Ich bin
775 2163 3220 2371 nicht schuld. Ich habe Jack gesagt, dass er ein Ty-
768 2305 3080 2522 rann ist. Es wäre seine Pflicht gewesen sie dir
772 2476 3260 2674 zu überlassen,umso mehr als sie so edel war sich zu
768 2699 3164 2817 versagen. Dabei hättest du sie haben können. Aber
772 2869 3062 3024 es wäre wider: seine Natur gewesen zu betrügen.
753 3009 3201 3201 Der Schmerz ist gut für dich. Jetzt wirst du etwas
772 3182 1218 3359 leisten.
781 3331 3120 3471 (Jetzt das Bild. Entweder es ist vernichtet, dann
756 3468 1289 3653 wie früher)
756 3610 3210 3811 (Oder jetzt sieht er, dass das Bild ganz falsch ist
