3528 4136
2913 331 3074 519 171
753 413 1254 556 ich wüsste
811 474 2998 677 dass du und sie - Ihr müsstest Freundinnen
720 671 3028 863 sein. Mit welch anderen Empfindungen würde ich
732 765 2075 1005 dann diese Stadt verlassen.
729 969 2937 1124 Berta: Es soll doch aus sein, denke ich. Darum
717 1075 3132 1303 fährst du doch fort. M. Kais M. hinwen 17
2099 1197 2600 1315 and
735 1248 2965 1491 Man hört Schritte auf der
705 1440 1075 1610 Treppe)
702 1534 2995 1759 Willi: (sein Gesicht nimmt einen andern Ausdruck
696 1765 863 1895 an)
677 1880 2239 2075 Berta: Sie - auch heute noch? -
671 2038 3031 2214 Willi: Das wirst du doch begreifen? Nun wirst de
890 2169 1376 2269 du impos
674 2154 2977 2387 ihr wohl die Hand reichen müssen. (Es klopft)
720 2369 2959 2561 Berta: Warum hast du mich nicht früher fortge-
659 2536 1081 2700 schickt?
659 2643 2220 2873 Willi: (geht zur Türe, öffnet sie)
629 2855 2959 3013 (Lisa Zack tritt ein, einen Moment lang befremdet
644 2989 1540 3147 fasst sich sofort)
2233 3062 2552 3195 be id
647 3095 3089 3287 Willi: Guten Abend, Frau Liea. Meine Schwester.
632 3320 3031 3445 Es freut mich, dass ich noch Gelegenheit habe Sie
632 3432 3016 3633 vor meiner Abreise miteinander bekannt zu machen.
