3528 4200
2897 442 3046 601 27
708 594 1955 844 Zack:Oh. (er steht auf)
718 688 3040 935 Rapp: (berührt sei nen Arm) Missverstehen Sie
1007 900 1137 977 xx
711 913 3121 1062 mich nicht. Sie ahnen nicht, wie wohltuend Ihre
708 1081 3001 1267 bornierte Düsterkeit wirkt im Gegensatz zu
1854 1182 2186 1270 the wn
711 1198 2997 1419 der (trivialen) Lustigkeit dieses Melancholi
2134 1341 2410 1435 him
708 1419 2650 1582 kers, den niemand ernst nehmen kann.
718 1497 3046 1698 Zack: (noch immer stehend) Ich muss mich dei
1669 1653 1832 1715 Auszug i
2095 1630 2686 1760 Fernay K
945 1656 1974 1802 ment of out the
705 1669 3095 1919 der empfehlen. Ich muss nämlich noch - Bitte
714 1854 3040 2088 Grüssen Sie Treuanhof. Es tut mir besonders
708 1965 3095 2179 leid - bitte sagen Sie ihm auch, dass ich mor¬
708 2179 1721 2371 gen in jedem Falle
705 2289 3108 2536 Rapp:/mit Selbstironie) Hier kommt er selbst.
708 2517 3049 2780 Treuenhof (tritt ein: sehlank,hager, in salop-
708 2780 2952 2920 pen, aber keineswegs vernachlässigten Anzug,
708 2910 3312 3108 am Podium stehen bleibend) Ruhig Nachtigall! Her
701 2920 935 3010 be im
1598 3043 1825 3140 to you
685 3053 3082 3235 Spielen Sie nicht weiter. Ich will schlafen.
698 3183 2884 3400 Gleissner: (ihm ein paar Schritteentgegen
1299 3322 1711 3423 Parch. Her
701 3345 3137 3530 Nachtigall: Warum besorgen Sie das eigentlich
688 3498 2345 3679 nicht zu Hause, Herr Treuenhof?
1828 3598 2124 3683 JasHerrn
705 3621 2929 3822 Treuenhof: Zuhause? Die Ecke dort ist die
