<?xml version="1.0" encoding="UTF-8" standalone="yes"?>
<PcGts xmlns="http://schema.primaresearch.org/PAGE/gts/pagecontent/2013-07-15" xmlns:xsi="http://www.w3.org/2001/XMLSchema-instance" xsi:schemaLocation="http://schema.primaresearch.org/PAGE/gts/pagecontent/2013-07-15 http://schema.primaresearch.org/PAGE/gts/pagecontent/2013-07-15/pagecontent.xsd">
    <Metadata>
        <Creator>prov=READ-COOP:name=TrHtr:version=2.1.0:model_id=51170:date=15_08_2023_00:57</Creator>
        <Created>2023-05-10T15:00:09.030+02:00</Created>
        <LastChange>2023-08-15T00:57:24.387+02:00</LastChange>
        <TranskribusMetadata docId="1428698" pageId="55429117" pageNr="152" tsid="132835554" status="IN_PROGRESS" userId="64420" imgUrl="https://files.transkribus.eu/Get?id=HGNLVXLNZEIIYXLXEPWLNCYV&amp;fileType=view" xmlUrl="https://files.transkribus.eu/Get?id=KUMBBNHFTFFWFWVKJVANGNOJ" imageId="44703190"/>
    </Metadata>
    <Page imageFilename="1428698_0152.jpg" imageWidth="3560" imageHeight="4088">
        <ReadingOrder>
            <OrderedGroup id="ro_1711807937590" caption="Regions reading order">
                <RegionRefIndexed index="0" regionRef="tr_2"/>
                <RegionRefIndexed index="1" regionRef="tr_1"/>
            </OrderedGroup>
        </ReadingOrder>
        <TextRegion id="tr_2" custom="readingOrder {index:0;}">
            <Coords points="784,469 3249,469 3249,1322 784,1322"/>
            <TextLine id="tr_2_tl_1" custom="readingOrder {index:0;}">
                <Coords points="2844,538 2866,535 2894,560 2906,547 2921,547 2964,563 2983,544 3026,535 3029,427 2995,424 2970,449 2940,430 2927,443 2903,430 2847,446"/>
                <Baseline points="2864,519 2909,522 2954,519 2998,519 3034,519"/>
                <TextEquiv>
                    <Unicode>158</Unicode>
                </TextEquiv>
            </TextLine>
            <TextLine id="tr_2_tl_2" custom="readingOrder {index:1;}">
                <Coords points="766,756 3078,698 3124,590 1534,643 769,523"/>
                <Baseline points="784,692 802,689 847,698 892,701 936,701 981,701 1026,701 1071,701 1115,701 1160,701 1205,698 1250,698 1295,698 1339,695 1384,695 1429,698 1474,695 1518,695 1563,695 1608,695 1653,692 1697,689 1742,689 1787,692 1832,692 1876,689 1921,692 1966,692 2011,692 2055,689 2100,692 2145,689 2190,689 2234,686 2279,683 2324,683 2369,680 2414,683 2458,680 2503,680 2548,680 2593,680 2637,680 2682,680 2727,677 2772,677 2816,677 2861,677 2906,677 2951,677 2995,674 3040,674 3085,677 3130,683"/>
                <TextEquiv>
                    <Unicode>(Willy) tritt zu ihnen. Ferdinand sieht ihn zuerst</Unicode>
                </TextEquiv>
            </TextLine>
            <TextLine id="tr_2_tl_3" custom="readingOrder {index:2;}">
                <Coords points="772,883 2977,852 3038,732 2349,806 772,772"/>
                <Baseline points="790,850 808,850 853,853 898,853 942,853 987,853 1032,853 1077,853 1121,853 1166,853 1211,853 1256,850 1300,850 1345,850 1390,847 1435,850 1480,847 1524,847 1569,847 1614,844 1659,844 1703,844 1748,844 1793,844 1838,844 1882,847 1927,847 1972,847 2017,847 2061,844 2106,841 2151,841 2196,841 2240,841 2285,838 2330,838 2375,838 2419,835 2464,835 2509,835 2554,835 2599,832 2643,832 2688,835 2733,832 2778,832 2822,832 2867,829 2912,829 2957,829 3001,829 3046,826"/>
                <TextEquiv>
                    <Unicode>dann erst Lisa. Wie Willy vor ihr stehen bleibt</Unicode>
                </TextEquiv>
            </TextLine>
            <TextLine id="tr_2_tl_4" custom="readingOrder {index:3;}">
                <Coords points="778,1085 3118,1046 3118,910 3014,879 781,944"/>
                <Baseline points="799,1008 844,1008 889,1008 933,1008 978,1008 1023,1005 1068,1011 1113,1008 1157,1005 1202,1005 1247,1008 1292,1008 1336,1005 1381,1005 1426,1002 1471,1002 1515,999 1560,999 1605,999 1650,999 1694,999 1739,996 1784,996 1829,999 1873,999 1918,996 1963,996 2008,996 2052,996 2097,993 2142,993 2187,993 2231,993 2276,990 2321,990 2366,990 2411,987 2455,984 2500,984 2545,984 2590,987 2634,987 2679,984 2724,987 2769,984 2813,984 2858,984 2903,984 2948,984 2992,984 3037,981 3082,981 3127,981"/>
                <TextEquiv>
                    <Unicode>Lisa: Ach ja, unser Tanz, nicht wahr? (zu Ferdinand</Unicode>
                </TextEquiv>
            </TextLine>
            <TextLine id="tr_2_tl_5" custom="readingOrder {index:4;}">
                <Coords points="772,1196 1058,1227 1310,1181 1375,1208 1467,1187 1562,1227 1541,1055 1448,1089 1328,1070 1224,1110 1110,1070 975,1101 919,1073 772,1089"/>
                <Baseline points="790,1145 835,1148 880,1154 925,1157 969,1157 1014,1157 1059,1157 1104,1154 1148,1154 1193,1154 1238,1154 1283,1154 1327,1154 1372,1154 1417,1154 1462,1154 1506,1154 1551,1151 1569,1154"/>
                <TextEquiv>
                    <Unicode>Auf Wiedersehen!</Unicode>
                </TextEquiv>
            </TextLine>
            <TextLine id="tr_2_tl_6" custom="readingOrder {index:5;}">
                <Coords points="784,1393 2217,1408 2952,1310 3207,1378 3244,1098 2851,1181 2082,1150 1719,1258 784,1215"/>
                <Baseline points="802,1286 832,1303 877,1309 922,1309 966,1309 1011,1312 1056,1309 1101,1312 1145,1309 1190,1309 1235,1309 1280,1309 1324,1309 1369,1309 1414,1309 1459,1309 1503,1309 1548,1309 1593,1306 1638,1306 1682,1306 1727,1306 1772,1303 1817,1303 1861,1306 1906,1303 1951,1306 1996,1300 2041,1300 2085,1303 2130,1303 2175,1303 2220,1298 2264,1298 2309,1298 2354,1298 2399,1300 2443,1298 2488,1298 2533,1298 2578,1298 2622,1298 2667,1295 2712,1295 2757,1295 2801,1295 2846,1292 2891,1289 2936,1289 2980,1289 3025,1289 3070,1289 3115,1286 3159,1286 3204,1286 3249,1283"/>
                <TextEquiv>
                    <Unicode>Perdinand: (in den andern Saal, Willy und Lisa tanzen</Unicode>
                </TextEquiv>
            </TextLine>
        </TextRegion>
        <TextRegion id="tr_1" custom="readingOrder {index:1;}">
            <Coords points="719,1409 3231,1409 3231,3647 719,3647"/>
            <TextLine id="tr_1_tl_1" custom="readingOrder {index:0;}">
                <Coords points="763,1479 2106,1482 2106,1365 1697,1418 1482,1371 1156,1384 1098,1427 996,1371 861,1424 763,1402"/>
                <Baseline points="778,1468 817,1468 862,1468 907,1468 951,1471 996,1468 1041,1471 1086,1468 1130,1465 1175,1465 1220,1465 1265,1465 1309,1465 1354,1468 1399,1465 1444,1465 1488,1465 1533,1462 1578,1462 1623,1462 1668,1462 1712,1459 1757,1459 1802,1459 1847,1459 1891,1459 1936,1459 1981,1459 2026,1459 2070,1459 2115,1459"/>
                <TextEquiv>
                    <Unicode>zuerst, dann halten sie inne)</Unicode>
                </TextEquiv>
            </TextLine>
            <TextLine id="tr_1_tl_2" custom="readingOrder {index:1;}">
                <Coords points="769,1676 3170,1645 3170,1485 2386,1568 772,1544"/>
                <Baseline points="790,1608 805,1611 850,1617 895,1620 939,1623 984,1620 1029,1620 1074,1620 1118,1623 1163,1620 1208,1617 1253,1617 1298,1617 1342,1617 1387,1617 1432,1614 1477,1617 1521,1614 1566,1614 1611,1614 1656,1614 1700,1614 1745,1611 1790,1611 1835,1611 1879,1611 1924,1608 1969,1608 2014,1608 2058,1608 2103,1608 2148,1605 2193,1605 2237,1605 2282,1605 2327,1605 2372,1608 2416,1605 2461,1608 2506,1608 2551,1605 2596,1605 2640,1605 2685,1602 2730,1602 2775,1602 2819,1599 2864,1599 2909,1602 2954,1599 2998,1596 3043,1596 3088,1596 3133,1599 3177,1599"/>
                <TextEquiv>
                    <Unicode>Willy: Es ist gar kein Z weifel möglich,er ahnt.</Unicode>
                </TextEquiv>
            </TextLine>
            <TextLine id="tr_1_tl_3" custom="readingOrder {index:2;}">
                <Coords points="760,1827 1387,1771 1593,1833 1833,1771 2211,1790 2211,1694 760,1697"/>
                <Baseline points="775,1778 787,1778 832,1781 877,1781 922,1781 966,1781 1011,1778 1056,1775 1101,1775 1145,1772 1190,1772 1235,1769 1280,1769 1324,1769 1369,1769 1414,1766 1459,1766 1503,1766 1548,1766 1593,1766 1638,1763 1682,1763 1727,1763 1772,1763 1817,1766 1861,1766 1906,1763 1951,1760 1996,1763 2041,1766 2085,1766 2130,1766 2175,1766 2220,1769"/>
                <TextEquiv>
                    <Unicode>Lisa: Haben Sie Furcht, Willy?</Unicode>
                </TextEquiv>
            </TextLine>
            <TextLine id="tr_1_tl_4" custom="readingOrder {index:3;}">
                <Coords points="753,1928 3041,1931 3020,1823 2568,1876 2392,1802 2026,1885 753,1823"/>
                <Baseline points="769,1921 808,1924 853,1930 898,1930 942,1930 987,1933 1032,1933 1077,1930 1121,1930 1166,1930 1211,1927 1256,1927 1300,1927 1345,1927 1390,1927 1435,1924 1480,1924 1524,1924 1569,1924 1614,1921 1659,1921 1703,1921 1748,1921 1793,1921 1838,1924 1882,1921 1927,1921 1972,1921 2017,1921 2061,1918 2106,1918 2151,1918 2196,1918 2240,1915 2285,1915 2330,1915 2375,1915 2419,1915 2464,1915 2509,1915 2554,1915 2599,1912 2643,1912 2688,1912 2733,1912 2778,1909 2822,1906 2867,1906 2912,1906 2957,1903 3001,1903 3046,1903"/>
                <TextEquiv>
                    <Unicode>Willy: Nicht für mich. Ich frage mich nur,ob es</Unicode>
                </TextEquiv>
            </TextLine>
            <TextLine id="tr_1_tl_5" custom="readingOrder {index:4;}">
                <Coords points="744,2106 1888,2174 2183,2069 3140,2088 3140,1996 744,2014"/>
                <Baseline points="760,2082 772,2085 817,2085 862,2088 907,2085 951,2085 996,2085 1041,2085 1086,2082 1130,2082 1175,2082 1220,2082 1265,2082 1309,2079 1354,2082 1399,2082 1444,2079 1488,2079 1533,2076 1578,2076 1623,2076 1668,2076 1712,2076 1757,2076 1802,2076 1847,2076 1891,2076 1936,2076 1981,2076 2026,2073 2070,2073 2115,2073 2160,2070 2205,2070 2249,2070 2294,2070 2339,2070 2384,2070 2428,2067 2473,2067 2518,2067 2563,2067 2607,2067 2652,2067 2697,2067 2742,2064 2787,2064 2831,2061 2876,2061 2921,2061 2966,2061 3010,2061 3055,2058 3100,2055 3145,2055"/>
                <TextEquiv>
                    <Unicode>nicht vielleicht unsinnig ist alles aufs Spiel zu</Unicode>
                </TextEquiv>
            </TextLine>
            <TextLine id="tr_1_tl_6" custom="readingOrder {index:5;}">
                <Coords points="756,2279 2980,2272 3223,2239 3223,2152 756,2165"/>
                <Baseline points="772,2243 814,2240 859,2240 904,2240 948,2240 993,2240 1038,2237 1083,2240 1127,2240 1172,2237 1217,2237 1262,2237 1306,2234 1351,2234 1396,2234 1441,2234 1486,2231 1530,2234 1575,2234 1620,2234 1665,2231 1709,2234 1754,2231 1799,2229 1844,2231 1888,2231 1933,2231 1978,2229 2023,2229 2067,2229 2112,2229 2157,2229 2202,2226 2246,2226 2291,2226 2336,2223 2381,2223 2425,2220 2470,2223 2515,2223 2560,2223 2604,2223 2649,2226 2694,2223 2739,2220 2784,2220 2828,2220 2873,2217 2918,2217 2963,2217 3007,2214 3052,2214 3097,2214 3142,2214 3186,2214 3231,2211"/>
                <TextEquiv>
                    <Unicode>setzen für einen Tanz, da er doch in wenigen Stunden</Unicode>
                </TextEquiv>
            </TextLine>
            <TextLine id="tr_1_tl_7" custom="readingOrder {index:6;}">
                <Coords points="738,2454 858,2472 922,2420 1156,2460 1273,2423 1396,2475 1562,2423 1639,2463 1940,2451 1940,2315 1288,2334 1113,2294 738,2346"/>
                <Baseline points="754,2399 784,2396 829,2396 874,2396 919,2396 963,2393 1008,2393 1053,2393 1098,2396 1142,2393 1187,2393 1232,2390 1277,2390 1321,2390 1366,2390 1411,2390 1456,2390 1500,2387 1545,2387 1590,2387 1635,2387 1679,2387 1724,2384 1769,2387 1814,2387 1858,2387 1903,2390 1948,2390"/>
                <TextEquiv>
                    <Unicode>die Wahrheit wissen wird.</Unicode>
                </TextEquiv>
            </TextLine>
            <TextLine id="tr_1_tl_8" custom="readingOrder {index:7;}">
                <Coords points="735,2598 1903,2595 1903,2478 1421,2460 1258,2509 735,2454"/>
                <Baseline points="751,2554 793,2554 838,2554 883,2554 928,2554 972,2551 1017,2554 1062,2551 1107,2551 1151,2548 1196,2548 1241,2545 1286,2545 1330,2545 1375,2545 1420,2545 1465,2545 1509,2545 1554,2545 1599,2545 1644,2542 1688,2542 1733,2542 1778,2542 1823,2542 1867,2542 1912,2545"/>
                <TextEquiv>
                    <Unicode>Lisa: Muss es denn sein?</Unicode>
                </TextEquiv>
            </TextLine>
            <TextLine id="tr_1_tl_9" custom="readingOrder {index:8;}">
                <Coords points="726,2774 962,2774 999,2749 1147,2777 1371,2768 1371,2614 1319,2638 1236,2614 1135,2644 926,2620 726,2648"/>
                <Baseline points="743,2697 787,2706 832,2709 877,2709 922,2712 966,2712 1011,2709 1056,2709 1101,2706 1145,2706 1190,2706 1235,2706 1280,2706 1324,2709 1369,2709 1378,2709"/>
                <TextEquiv>
                    <Unicode>Willy:/Blick)</Unicode>
                </TextEquiv>
            </TextLine>
            <TextLine id="tr_1_tl_10" custom="readingOrder {index:9;}">
                <Coords points="713,2884 1418,2943 1894,2854 2940,2869 3143,2835 3143,2721 716,2783"/>
                <Baseline points="734,2867 778,2864 823,2864 868,2861 913,2864 957,2864 1002,2861 1047,2864 1092,2861 1136,2861 1181,2861 1226,2858 1271,2858 1315,2855 1360,2855 1405,2855 1450,2855 1494,2855 1539,2852 1584,2855 1629,2852 1673,2849 1718,2849 1763,2849 1808,2849 1853,2849 1897,2849 1942,2849 1987,2849 2032,2849 2076,2849 2121,2849 2166,2846 2211,2843 2255,2843 2300,2843 2345,2843 2390,2843 2434,2840 2479,2837 2524,2840 2569,2837 2613,2837 2658,2837 2703,2837 2748,2837 2792,2837 2837,2837 2882,2834 2927,2837 2972,2834 3016,2834 3061,2831 3106,2828 3151,2828"/>
                <TextEquiv>
                    <Unicode>Lisa: Ist es nicht ein berauschendes Gefühl in Ge-</Unicode>
                </TextEquiv>
            </TextLine>
            <TextLine id="tr_1_tl_11" custom="readingOrder {index:10;}">
                <Coords points="713,3038 1768,3093 2073,3001 2995,3001 2995,2921 2531,2897 716,2961"/>
                <Baseline points="734,3022 766,3019 811,3019 856,3019 901,3019 945,3019 990,3016 1035,3016 1080,3016 1124,3013 1169,3013 1214,3013 1259,3013 1303,3013 1348,3010 1393,3010 1438,3010 1483,3010 1527,3010 1572,3007 1617,3007 1662,3007 1706,3007 1751,3007 1796,3007 1841,3004 1885,3004 1930,3004 1975,3004 2020,3004 2064,3004 2109,3001 2154,3001 2199,3001 2243,2998 2288,2998 2333,2998 2378,2995 2422,2998 2467,2998 2512,2995 2557,2995 2601,2992 2646,2992 2691,2995 2736,2992 2781,2992 2825,2992 2870,2992 2915,2992 2960,2989 3004,2989"/>
                <TextEquiv>
                    <Unicode>fahr zu sein? Wenn er alles wissen wird,wenn wir</Unicode>
                </TextEquiv>
            </TextLine>
            <TextLine id="tr_1_tl_12" custom="readingOrder {index:11;}">
                <Coords points="2039,3106 2143,3106 2162,3090 2174,3106 2205,3097 2220,3103 2242,3087 2269,3093 2272,3020 2236,3004 2180,3007 2156,3026 2143,3026 2134,3014 2106,3023 2082,2995 2045,3010"/>
                <Baseline points="2058,3082 2097,3085 2142,3088 2187,3085 2231,3082 2276,3073"/>
                <TextEquiv>
                    <Unicode>verte</Unicode>
                </TextEquiv>
            </TextLine>
            <TextLine id="tr_1_tl_13" custom="readingOrder {index:12;}">
                <Coords points="713,3192 3004,3167 2955,3060 716,3081"/>
                <Baseline points="731,3174 775,3177 820,3174 865,3174 910,3171 954,3171 999,3171 1044,3171 1089,3171 1133,3168 1178,3168 1223,3168 1268,3168 1312,3168 1357,3168 1402,3168 1447,3165 1491,3165 1536,3165 1581,3165 1626,3162 1671,3159 1715,3159 1760,3159 1805,3159 1850,3159 1894,3159 1939,3159 1984,3159 2029,3157 2073,3157 2118,3159 2163,3157 2208,3157 2252,3151 2297,3154 2342,3151 2387,3151 2431,3151 2476,3151 2521,3151 2566,3151 2610,3148 2655,3148 2700,3148 2745,3148 2789,3145 2834,3145 2879,3145 2924,3145 2969,3142 3013,3142"/>
                <TextEquiv>
                    <Unicode>fort sind und alles aufs Schänste geordnet, wird</Unicode>
                </TextEquiv>
            </TextLine>
            <TextLine id="tr_1_tl_14" custom="readingOrder {index:13;}">
                <Coords points="707,3355 2113,3321 2463,3407 2660,3321 3173,3339 3173,3223 707,3263"/>
                <Baseline points="725,3321 763,3324 808,3324 853,3327 898,3324 942,3327 987,3324 1032,3324 1077,3321 1121,3321 1166,3321 1211,3321 1256,3318 1300,3318 1345,3318 1390,3318 1435,3315 1480,3318 1524,3315 1569,3315 1614,3315 1659,3315 1703,3315 1748,3315 1793,3315 1838,3312 1882,3312 1927,3312 1972,3312 2017,3312 2061,3309 2106,3309 2151,3309 2196,3309 2240,3306 2285,3306 2330,3312 2375,3312 2419,3309 2464,3309 2509,3306 2554,3306 2599,3303 2643,3306 2688,3306 2733,3303 2778,3303 2822,3303 2867,3303 2912,3300 2957,3300 3001,3303 3046,3300 3091,3303 3136,3303 3180,3306"/>
                <TextEquiv>
                    <Unicode>dann nicht das Schönste vorbei sein? - (wie für sich)</Unicode>
                </TextEquiv>
            </TextLine>
            <TextLine id="tr_1_tl_15" custom="readingOrder {index:14;}">
                <Coords points="713,3509 2054,3506 2156,3484 2156,3389 713,3416"/>
                <Baseline points="731,3479 772,3482 817,3482 862,3482 907,3482 951,3482 996,3479 1041,3479 1086,3479 1130,3479 1175,3479 1220,3479 1265,3479 1309,3476 1354,3479 1399,3476 1444,3476 1488,3473 1533,3470 1578,3470 1623,3467 1668,3470 1712,3467 1757,3467 1802,3467 1847,3467 1891,3467 1936,3467 1981,3467 2026,3467 2070,3467 2115,3464 2160,3464"/>
                <TextEquiv>
                    <Unicode>das noch gar nicht xxxx war?</Unicode>
                </TextEquiv>
            </TextLine>
            <TextLine id="tr_1_tl_16" custom="readingOrder {index:15;}">
                <Coords points="698,3727 3072,3758 3075,3549 2977,3512 701,3564"/>
                <Baseline points="719,3631 754,3631 799,3634 844,3637 889,3637 933,3637 978,3637 1023,3634 1068,3634 1113,3634 1157,3634 1202,3634 1247,3631 1292,3631 1336,3628 1381,3628 1426,3628 1471,3628 1515,3628 1560,3625 1605,3625 1650,3625 1694,3622 1739,3625 1784,3625 1829,3625 1873,3625 1918,3625 1963,3622 2008,3622 2052,3622 2097,3619 2142,3619 2187,3619 2231,3619 2276,3619 2321,3619 2366,3622 2411,3619 2455,3619 2500,3619 2545,3619 2590,3616 2634,3616 2679,3616 2724,3616 2769,3616 2813,3616 2858,3616 2903,3616 2948,3619 2992,3622 3037,3625 3082,3625"/>
                <TextEquiv>
                    <Unicode>Willy : Vorbei? Wenn wir zusammen sein werden? und</Unicode>
                </TextEquiv>
            </TextLine>
        </TextRegion>
    </Page>
</PcGts>
