3544 4184
2857 361 3036 500 151
848 544 3099 716 Treuenhof: Vielleicht. Jedenfalls verstehe ich
823 628 3227 823 unter Liebe etwas vollkommen anderes -als Sie zum
814 779 3337 999 Beispiel. Ich verstehe unter Liebe nicht Eifersucht,
830 984 3234 1144 Tyrannei, Meuchelmord, sondern  Dankbarkeit. Jamacht,
808 1122 3133 1270 Dank an die G—el'iebte, dass sie über-
814 1232 3158 1430 haupt die Gnade hat zu existieren. Dank, dass wir
814 1402 3020 1600 in der gleichen Welt leben dürfen wie
804 1593 3105 1754 sie. Wenn man eine Frau liebt, gibt es überhaupt
795 1772 3158 1951 nur eine Aufgabe zu erfüllen: ihr jeden Wunsch
804 1933 3089 2065 von den Lippen abzulesen, ehe sie ihn ausgespro-
801 2071 3205 2275 chen. Jeden, verstehen Sie mich wohl? Ich denke da
836 2212 3249 2398 nicht an Hüte und Pelgarnituren und Perlenschnüre
795 2344 3237 2530 wofür einem ja manchmal auch das Geld fehlt - auch
776 2549 2017 2728 andere Wünsche,van Zack
795 2630 3095 2847 Und wenn es sich zufällig einmal trifft
830 2816 3039 2985 dass sie sich nach einem andern Mann sehnt, so
1125 2967 1581 3064 höchstens
792 2941 3086 3146 ist das ein persönliches Malheur für
773 3133 3146 3325 den, der sie liebt, (aber an der Richtig-
1518 3249 2712 3359 at men Tines balt leidl
814 3318 3300 3472 keit meines Prinzips ändert das nicht das Geringste
764 3469 3230 3611 Zack: Ich achte Ihre Theorien, Anastasius Treuenhof,
