3544 4088
2839 317 3020 546 160
787 514 3192 793 Willy: Begreifen Sie doch, Lisa, es kann nicht sein,
777 749 1713 898 es darf nicht sein.
790 828 3204 1056 Lisa: Nun freilich, wenn es nicht sein kann. Wollen
774 1025 1602 1202 wir nicht tanzen?
765 1075 3138 1364 Willy: Sie denken.es ist Angst,Lisa.0,käme doch
771 1304 3290 1463 eine Gelegenheit - jeden Augenblick wäre ich bereit-
765 1475 3169 1624 nicht vor der Gefahr schaudert mir - vor  der Lüge.
768 1624 3182 1789 Unser gemeinsames Leben, unsere Ehe.Lisa, darf nicht
774 1777 3147 1929 in Lüge beginnen, gerade unsere nicht. Wenn sie in
765 1926 3052 2116 Lüge begönne, könnte dann einer von uns noch
774 2122 1653 2259 dem andern trauen?
758 2265 1726 2443 Lisa: (nachdenklich)
752 2335 3141 2611 Willy : (wie. in ihre Gedanken hinein) Lisa! Wo sind
742 2595 1259 2757 ktsax Sie?
749 2690 2950 2849 Lisa: Vielleicht bin ich Ihrer gar nicht wert.
1653 2811 2199 2912 Reve he is c
752 2811 3303 3071 Willy: (Sie sind's. Ich nicht Ihrer.) Nur die Atmosphä-
742 3027 3242 3207 re heute hier hat etwas Verwirrendes. Sie sind wahr,
730 3204 3207 3337 wahrer als Sie ahnen. Wir werden so glücklich sein.
749 3328 3084 3531 Ich will mit ihm sprechen. Lassen Sie mich selbst
742 3426 3255 3652 schlafen Sie heute noch ganz ruhig, morgen Früh komme
733 3633 1291 3864 ich selbst.
