3513 4120
2813 240 3009 483 116
714 486 2749 726 Berta: Na, hat er sie schon ervischt?
720 688 1865 852 Winkler: Wer wen was?
700 820 2275 1039 Mutter: Er will sie heiraten.
697 989 2986 1156 Winkler: Ich möchte doch um etwas Klarheit
708 1127 1209 1329 orsuchen
694 1314 3027 1458 Mutter: Frau von Jack will von ihrem Gatten
694 1452 2406 1616 weg und Willy will sie heiraten.
700 1607 1675 1809 Winkler: Blödsinn.
691 1736 2866 1932 Mutter: Es scheint alles so gut wie abge
679 1918 1827 2125 macht zwischen ihnen.
682 1997 2851 2225 Winkler: Aber der Herr van Jack hat wohl
670 2242 2485 2401 auch noch ein Wort drein zu reden
665 2304 3015 2579 Mutter: Willy sagt,er wird sie nicht halten
662 2544 2889 2711 Winkler: Haben sie schon was miteinander?
656 2696 1361 2872 Mutter: Nein.
659 2863 1347 3012 Berta:(lacht
656 2968 2837 3194 Mutter: Ich schwör Euch. Wenn Ihr ihn ge¬
650 3153 1432 3355 hör t hättet...
653 3299 2887 3452 Winkler: Na ja, der Willy, der ist alles im
650 3446 1774 3744 stand,  das reine Re¬
