3523 4136
2863 386 3006 551 98
894 535 2969 702 mir Anastasius Treuenhof seine Sternen
894 697 3069 883 kraft auss Schönste erwiesen hat. (imm er
881 859 2877 1075 bewegter)Denn siehst du, Rudi -so viel
889 986 2982 1186 ich auch dir zu verdaken habe, (seit mein
881 1178 3017 1324 armer Mann so früh gestorben ist, dir und
875 1272 2915 1451 den Kindern,-dem Anastasis verdank'
878 1453 2942 1607 ich doch - ja, ich verdank ihm nochm chr.
881 1613 3020 1767 (zu Berta) ihr ward ja damals noch klein.
862 1791 2952 1910 Wie er in dem Sommer zu mir gewesen ist
856 1915 2996 2056 in dem schrecklichen Jahr nach Hermann/s
856 2066 2777 2264 Tod,-das werd ich ihm nie vergessen
881 2196 3009 2418 (zu Borta) Ihr ward ja damals noch klein.
837 2347 2877 2561 Berta: (küsst sie nie unwillkürlich auf
824 2572 1361 2688 die Haare)
824 2677 2769 2874 Mutter: Von niemand, nicht einmal von
827 2855 2817 3001 einem pfarrer,wenn ich zufällig fromm
813 3034 2912 3171 wäre, hätten mir so wunderbare Worte des
797 3179 2693 3352 Trostes kommen können. Dass ich die
791 3320 2871 3512 Pflichten, die mir auf Erden noch auf-
783 3487 2723 3603 erlegt waren, mit der Zeit wieder als
