3592 4232
3245 396 3348 546 69
867 484 3001 721 Rapp: Und noch weitere Schicksale entdecken.
858 699 2418 870 Fr. Flatterer: Oder sein eigenes.
867 836 1835 1014 Zack: Nun, gehen wir.
864 967 3142 1161 Lisa: (zu Ferdinand) Sie begleiten uns doch. Herr
861 1151 1285 1326 Neumann?
855 1226 3204 1482 Zack: Vielleicht schliesst sich auch Herr Langer
861 1491 1033 1626 an?
852 1576 3295 1800 Lisa: Ja. Bitte. Sonst müsste ich denken, Sie nehmen
870 1728 2349 1944 es meinem Gatten übel, dass er
852 1894 2964 2100 Willi: Wie können Sie glauben,gnädige Frau?
877 2016 3307 2234 (L###iässäyksyksetäyttääsän)
864 2218 3317 2406 sind schon Rapp und Fr. Flatterer fortgegangen.
877 2362 2792 2558 Ihnen folgen Lisa, Zack, Willi, Ferdinand)
874 2518 3342 2733 Es kommen zwei Jünger von Anastasius Treuenhof, die
858 2636 3232 2867 der Gesellschaft nachsehen. Sie gewahren dann Ana-
864 2817 3295 3033 stasius Treuenhof und grüssen ihn schon von weitem
858 2986 3117 3192 Winkler: (zu Treuenhof) Na, kommst du nicht auch?
846 3101 3351 3335 Treuenhof: Danke, nein. Es sind da eben zwei Bekannte
839 3313 1710 3513 von mirn gekommen.
839 3448 2299 3657 Winkler: Schaun verboten aus.
