3624 4104
2892 366 3081 553 111
2956 516 3133 678 my
925 562 3008 739 schauen. Er hat uns nichts vorzuwerfen,
840 727 3292 889 und wir wissen,dass wir für einander bestimmt
1347 858 1805 962 bei u merum
913 867 2522 1078 sind. Er kann sie nicht halten.
901 1017 1942 1222 Mutter: Kind! Kind!
892 1194 3151 1380 Willy: Deines, Mutter und deines Segens wür
889 1322 2977 1512 dig - sie und ich. Morgen bring ich sie
883 1515 1112 1695 dir.
870 1606 3176 1826 Mutter: So sei doch vernünftig - ein Bursch
2593 1793 2843 1872 vil vif
2843 1793 3029 1872 lt
879 1835 3060 1961 von zweiundzwanzig Jahren (— von heute auf
864 1942 3014 2132 morgen - komm doch nur zu dir.) Du kannst
852 2083 3112 2287 doch deiner nicht so sicher sein. Ja, ja, ich
855 2254 2852 2431 glaube dir ja,dass du sie
855 2419 3161 2614 liebst und sie dich - aber gleich die ganze
846 2574 2614 2724 Zukunft - Erinnere dich doch nur!
852 2730 3045 2898 Willy: Ich weiss schon, das ist jetzt ganz
834 2925 1234 3045 anders.
825 2999 2932 3216 Mutter: Und warst auch damals ganz über
815 3185 3060 3341 zeugt, dass du ohne sie nicht leben kannst.
828 3347 3002 3542 Willy: Das war ein junges Mädel,ein Kind
788 3521 1304 3689 und ich
