3496 4120
900 583 2020 781 päter wieder dazu. ) )
841 699 1120 797 Lisa:
847 746 2939 931 Ich verlobte mich mit Jack. Das ist nun
834 866 3039 1085 zwei Jahre her. Und eines Tages trat Zaok
828 1022 2907 1214 bei uns ein und brachte ihn mir wieder.
1700 1120 2195 1233 Icht komt T.
831 1214 3017 1396 Sieben Jahre hatte ich ihn nicht gesehen.
831 1358 2851 1552 Natürlich immer wieder von ihm gehört.
831 1443 3036 1678 Las seine Bücher,es war, als hörte ich ihn
831 1647 2967 1841 zu mir sprechen. Es war mir als hätte er
819 1753 2910 2001 mir alles, was drin stand, schon ørzählt.
806 1957 2961 2089 Und als hätte ich schon damals gewusst,
828 2104 2936 2239 dass er bestimmt ist gross und elend zu
1716 2208 2462 2406 def let mein aberd
828 2224 1697 2459 worden.... (9. 7)
862 2393 3121 2622 (Gegen Schluss des Gesprächs sollte Treuen
831 2569 2324 2747 hof wieder zu ihnen treten) )
834 2644 2992 2923 (Eine. Auseinandersetzung zwischen Fordi-
819 2794 2954 3174 nand und Gleissner und zwischen Jack und
815 3055 1414 3212 (Trouonhof) )
844 3086 2440 3321 ((Neue Personen,die auftreten.
866 3243 3224 3488 Das jetzt Folgende eventuell etwas früher),
608 3434 3133 3666 Gegent Lise-taverlof in iß. - das betr. M. mit einem passenden
718 3578 3083 3745 Muh geborden. Was soll aan wie waren Erst Mai so
715 3713 2939 3914 nicht unheuen.  Man Reitere wir vor kan ich mich mit
743 3845 1057 3967 viele.
