3557 4136
2842 327 2980 523 96
807 547 3075 712 Winkler: Jeder junge Mensch hat Talent; ob
758 633 3215 883 sich's hält, darauf kommt es an. Was ich schon
752 865 3093 1027 talentierte Leut' gekannt hab,-aus den Meis-
734 987 2042 1201 ten ist nichts geworden.
737 1103 2934 1326 Berta: Ja, solche kenn' ich auch. (spitz) -
727 1342 2861 1498 Hast du auch den Treuhhof wiedergesehen
749 1482 2158 1638 in der letzten Zeit, Onkel?
734 1605 2965 1825 Mutter: Ist das vielleicht eine Ideenasso-
737 1770 1192 1965 ziation?
1470 1773 1745 1990 Multe
737 1916 3001 2124 Winkler: Ha!/Kein Mensch ist mehr geworden
737 2035 2851 2246 als Anastasius Treuenhof. Man kann über-
724 2185 3056 2402 haupt nicht mehr werden. Aeusserlich weiter
718 2317 3172 2543 bringen kann man's, das geb' ich zu. x Über Smette
730 2537 3178 2723 Berta: (zu Winkler): Ja,die Mutter lässt nichts
709 2665 2934 2867 auf ihn kommen. Und d abei benimmt er sich
1825 2809 2075 2913 gegen
718 2778 2839 3041 wirklich nicht nett gegen sie. Antwortet
721 2968 2845 3169 nicht einmal auf Briefe.
724 3166 3099 3392 Winkler: Na, davon soll man nie de seine
703 3304 1993 3524 Urteile abhängig machen.
727 3432 2983 3689 Mutter: So einem Menschen muss man manches
