3521 4136
2920 328 3101 556 193
914 536 3074 743 Zack: Schön auch als Fragment. (Mitt. jehn)
1539 657 2900 769 Also - ich bese es möge tolen.
908 692 3104 911 Willy: Verzeihen Sie. Sie sagten selbst, dass
914 808 3198 1021 Frau Jack sich nach ihrer Rückkehr entscheiden
917 997 3192 1195 sollte. Ich wiederhole meine Frage, was Sie ver
908 1127 3249 1397 muten lässt, dass die Entscheidung für Sie gefal
3266 1228 3358 1358 P.S.
911 1331 1328 1494 len ist?
902 1438 3187 1678 Zack: Ich denke, dass mein Wort genügen könnte.
550 1630 639 1710 que mais
894 1651 3272 1787 Oder wünschen Sie eine Konfrontation? Originell.
459 1686 580 1781 marié
899 1769 3169 1971 Willy: Es steht zu viel auf dem Spiel, als dass
2361 1900 2651 2009 zu - he
905 1932 3127 2101 wir diese Angelegenheit mit Hin-und Widerrede
902 2059 3184 2284 erledigen könnten. Es kann noch keine Entscheidung
2636 2192 3045 2296 une arme
2249 2204 2586 2308 dut j
897 2275 3216 2408 dung gefallen sein. da Sie (eben erst angekoimen
902 2400 1139 2595 sind.
885 2512 3136 2749 Zack: Eben erst? Sie sind (ja sehr informiert
891 2746 3124 2882 nur leider falsch. Ich weiss nicht durch wen,
888 2867 2965 3050 aber ich bin schon seit gestern Abend da. -
897 3042 2154 3207 Willy: Das ist nicht wahr.
2293 3062 3187 3216 und auf wicht klein
879 3154 3249 3358 Zack: Das war nicht höflich. Aber ich versichere
873 3287 3154 3465 Sie, dass ich nicht lüge. Ich habe kein Talent
876 3459 3136 3619 dazu. Sie übrigens auch nicht. Es scheint, dass
