3592 4088
2822 344 3014 477 225
783 581 3188 792 Mayer: (ist aufgestanden, scheint sich entfernen zu
789 742 1152 900 wollen)
789 896 2585 1083 Fr. Flatterer: (sucht ihn zu beruhigen)
770 1038 2822 1193 Rapp: Es ist ja nicht so wörtlich gemeint.
1272 1149 1483 1247 Bern
767 1199 3109 1364 Treuenhof: Ich denke gar nicht daran zu sterben.
758 1357 3257 1502 Ich will leben, aber ich will gut leben. Was kümmert
754 1496 3185 1651 mich das Andenken, das ich hinterlasse. Wem hinter-
748 1685 3191 1856 lasse ich es denn? Dem gleichen esindel, unter dem
306 1793 590 1941 gnoch
742 1793 3185 1982 ich gelebt habe. Die Nachwelt ist um kein Haar bes
395 1922 600 2033 a nt
1928 1922 2105 2023 stur
729 1922 3115 2162 ser als die Mitwelt. Sie ist nur später sich soll
2774 2042 3169 2175 Cie Fern
357 2061 480 2175 si
328 2127 663 2329 no hartie
726 2112 3153 2323 mich umbringen, ausgezeichnet.- Und das sagst du, der
325 2213 726 2405 minewend
726 2257 2452 2456 ich soeben das Leben gerettet habe.
306 2355 562 2506 testert.
2153 2392 2528 2588 Wurck
739 2427 1815 2588 (Allgemeines Befremden)
698 2563 3223 2759 Mayer: (zu Fr.Flatterer) Ich bin hier in eine sonder-
701 2746 1960 2878 bare Gesellschaft geraten.
698 2894 3229 3058 Lisa:(blass,zu Treuenhof) Was willst du damit sagen?
688 3021 3219 3207 Ferdinand Neumann:, Ich glaube, wir können die Sitzung
679 3200 1992 3380 als geschlossen betrachten.
663 3380 2998 3535 Mimi: (zu Lisa) Was ist geschehen? Wo bleibt dein
650 3522 934 3715 Mann?
