3491 4136
2680 389 2863 594 232
780 578 3193 808 Ich hab mich ihm selber als Beispiel vorgehalten.
783 793 2276 989 Winkler: Als Beispiel - wofür?
768 923 3050 1097 Treuenhof: Dass man sich mit der Zeit in alles
208 1069 640 1256 Minble J
768 1088 3056 1240 findet,in die Erbärmlichkeit der Andern so gut,
230 1237 637 1396 here. has
765 1268 3224 1430 wie in seine eigene. Und dass es das Gescheidteste
221 1368 482 1530 vist.
762 1393 2674 1620 ist sich zur rechten Zeit umzubringen.
2064 1551 3084 1816 Vullen erst pdt
3062 1756 3177 1931 P.
755 1716 1424 1915 Berta: (kommt)
2223 1728 3050 1918 Blad W. O -
768 1871 3009 2058 (Alle Anwesenden höchst gespannt)
752 2039 1489 2192 Winkler: Berta!
731 2170 1539 2378 Lisa: Wo ist er?
737 2291 3037 2534 Berta: Diesen Brief hat er nachhause geschickt.
734 2509 3084 2658 Wir wissen nichts weiter. Was sollen wir tun?
721 2667 3186 2782 Winkler.(den Brief lesend) "Lebt wohl,meine Lieben
715 2820 3121 2956 und verzeiht mir. Ich dank Euch Allen und vor al-
715 2916 3093 3134 lem inastasius Treuenhof. Er hat mir den rechten
187 2978 476 3258 Jetzt
715 3062 2785 3305 Weg gewiesen.“ (stumme Pause) Welchen Weg?
221 3205 522 3333 M-teil
693 3283 3025 3410 Treuenhof: Ueberhaupt keinen. Ich hab überhäupt
196 3301 519 3513 to just
684 3413 3183 3560 mehr von mir gesprochen als von ihm. Von meiner Un-
690 3556 3006 3752 zulänglichkeit,meiner Schwäche, meiner Feigheit.
