3544 4200
2858 369 3009 523 29
837 574 1803 757 scheinlich danken.
824 725 1787 914 Fr. Flatterer: Oh.
1466 792 2191 924 Tet souke Nous soit
834 888 2967 1052 Treuenhof: Was fang ich mit Büchern an?
821 1036 3143 1196 Wenn mir einer ein Buch schenkt, gibt er mir
831 1158 2986 1328 was? Ganz in Gegenteil. Ist es ein gutes
1517 1283 2232 1389 ist.
866 1273 3041 1485 Buch,so stiehlt er mir einen Teil meiner
811 1475 3028 1623 Seele, ist es ein schlechtes, so stiehlt er
818 1620 3018 1796 mir meine Zeit. (jetzt erst setzt er sich)
808 1780 2957 1931 Glücklicherweise bekomme ich die Bücher,
811 1944 2871 2098 die mir geschickt werden, kaum je zu Ge
802 2078 3217 2252 sicht. Mein Hausmeister unterschlägt sie nicht
795 2239 3140 2457 und verkauft sie (an einen Antiquar). Oder er
799 2393 2919 2582 stiehlt sie mir am Tag drauf aus meinem
783 2576 1546 2733 Bücherschrank.
1174 2691 1655 2794 Sed moun
799 2717 2210 2938 Rapp: Du hast doch keinen.
783 2896 2018 3066 Treuenhof: Wortklauber.
776 3034 3079 3211 Fr.Flatterer: Warum lassen Sie diesen Haus
789 3163 2585 3320 meister nicht einfach festnehmen?
786 3333 3246 3471 Treuenhof: Hätt' ich längst getan, wenn - jecon-
2152 3422 3079 3551 so einzelhaftes i quart
792 3519 3371 3669 seine Tochter nicht ein Engel wäre. heiligen Juden
779 3634 3070 3794 Gleismer: Und überdies Blumenmädel bei Ro-
