3416 4088
2966 229 3132 416 237.
702 397 2981 620 Zack: (nickt) Etwas derart habe ich mir gedacht.
1445 533 1542 623 be
690 566 2758 750 Darum hab ich noch einmal sprechen wollen.
699 699 3123 903 Treuenhof: Ihr Alle seid Tröpfe. Seine Mutter wird
687 903 3074 1033 mir verzeihen. Mehr als das, sie wird mich verste-
687 1036 3044 1244 hen. (sich steigernd) Sie wird es mir einmal dan-
684 1226 3035 1331 ken. Vielleicht hat mich das Geschick ausersehen
681 1313 2921 1506 sein Bild rein zu erhalten für die, die ihn ge-
675 1524 1792 1744 liebt haben.- (er geht)
