3514 4216
2963 437 3149 573 180
920 535 3100 772 auch dreimal an einem Tag,- aber vielleicht
933 761 2917 887 nicht an jedem.. Denk doch, was mir bevor
914 917 3032 1094 steht. Willi, du stellst dir das leichter vor
931 1031 2953 1244 als es ist. Wenn ich dich nicht so liebte.
906 1201 2972 1386 könnte ich denn das alles auf mich nehmen!
865 1370 3007 1555 Ach, wären diese paar Wochen oder Monate nur
903 1536 1550 1708 schon vorbei.
895 1678 2027 1820 Willi: Monate, Lisa -
900 1809 3040 2008 Lisa: Vielleicht nur Tage. Habe doch Geduld.
884 1981 2464 2172 Ich bin bei dir sobald ich kann.
873 2145 3029 2268 Willi: Wie soll ich leben ohne dich tage-und
876 2281 1433 2440 wochenlang?
857 2437 3040 2603 Lisa: Glücklicher du, du fährst doch dem Früh-
2554 2543 2789 2633 Aber
857 2584 2972 2740 ling entgegen und ich bleibe hier. Mann
849 2740 2983 2906 kommt das Glück für uns Beide und die Ewig-
835 2903 2704 3108 keit. Und alles, alles wird wieder gut.
838 3053 1454 3168 Willi: Lisa!
832 3154 2884 3400 Lisa: Lass mich gehen, Willi. Es muss sein.
819 3365 2767 3496 Willi: (will sie nochmals an sich ziehen)
813 3520 3002 3643 Lisa: Nicht mehr, mein Geliebter. Willi! Kind
800 3621 2860 3766 Geliebtes Kind! Lep wohl! (sie reisst sich
483 3719 592 3916 me
