3512 4120
812 400 3091 597 zu schleppen, verbrauch ich so viel Inten-
806 603 3132 740 sitäten wie ein Anderer für eine Weltumsege
809 728 2926 911 lung. Um meine Strümpfe anzuziehen, von
806 867 2967 1070 anderen Kleddungsstücken gar nicht zu re
798 1030 3097 1218 den - (da Perta mit dem Binden der Kravatte
783 1218 2886 1386 fertig ist) Danke. Also, ich bin bereit.
789 1378 2944 1499 Willy(stand unterdessen bei der Mutter,
798 1502 3062 1714 sehr aufgeräumt,die offenbar weiter beruhi
786 1682 1624 1842 gend) ich auch!
789 1810 2784 1992 Winkler: Ihr geht schon (auf den Ball?
777 1966 2590 2120 Willy: Man soll um acht dort sein.
774 2134 2972 2308 Winkler: Ich muss mich ja noch umkleiden.
760 2239 2938 2480 Mir hat der Herr van Jack keinen farbigen
757 2407 2184 2622 Frank geschickt.
783 2540 2778 2804 Treuenhof: So wirst du erst recht zur
745 2761 1798 2920 Buntheit beitragen.
754 2880 3002 3080 Winkler: Nicht übel. Also, auf Wiedersehen!
737 3039 2830 3222 Grüss dich Gott, Franziska, Adieu, chere
795 3213 1148 3367 niece!
774 3326 2798 3515 Willy und Treuenhof nehmen ihn iy die
722 3547 1076 3686 Mitte)
2891 81 3054 278 P.
2903 252 3097 438 120
