3544 4168
2846 369 2989 533 46
773 495 2992 764 Lisa: Der geht's immer gut.) (zu Treuenhof
773 700 2810 884 Ich bin so fech Sie wieder zu sehen.
767 875 2456 1112 Zack:] vorstellend) Meine Franz
2576 899 2928 1112 74 6 8
782 1019 2491 1241 Rapp: Frau Flatterer.aus Berlin.
770 1177 2992 1361 Lisa: (sieht sich neugirig und unbefangen
1054 1285 2172 1408 sehr erkent. No mein en plo...
767 1317 3042 1552 um) Und was ist denn/mit diesen andern Da
761 1487 2813 1663 men? Die möcht ich auch kennen lernen.
448 1575 676 1774 Wm
758 1610 3033 1871 Zack: Das wird nicht gut möglich sein, mein
764 1844 1030 1999 Kind.
758 1903 2992 2184 Rapp: Frau Flatterer befindet sich sozusa
764 2111 2945 2289 gen auf einer Forschungsreise durch Wien,
770 2213 1751 2483 Lisa: So, wirklich?
755 2371 3071 2623 Fr.Flaterrer: Ich war schon sehr neugierig
2676 2483 2930 2708 Nen 1.
498 2512 665 2690 8bre
767 2547 2649 2761 Sie kennen zu lernen,gnädige Frau...
758 2638 3080 2904 Lisa: (sitzt hat sich gesetzt mit geöfneter
761 2869 2925 3083 Pelzjacke,die Hände im Muff. Der Kellner
787 3030 1903 3250 steht da) Sehr sowohl
744 3188 2919 3437 Zack: Was willst du nehmen,mein Kind? Du
747 3331 2878 3513 musst es freilich jedesfalls stehen las-
770 3495 987 3665 sen.
761 3577 3115 3858 Lisa: bringen Sie mir irgendwas- wissen Sie,
