3521 4136
2841 284 3037 512 192
771 518 3109 733 Willy: Was veranlasst Sie zu der (Ueberzeugung) zu
768 683 2980 897 der Annahme), dass diese Entscheidung zu Ihren
765 891 1905 1059 Gunsten ausfallen wird?
768 989 3018 1182 Zack: Komische Frage. Wäre sie nicht zu meinen
1896 1122 2857 1236 & all if we sent to of
758 1213 3255 1334 Gunsten ausgefallen, so wäre ich wohl nicht da. (wie
749 1305 3144 1510 ungeduldig) Also, wie hoch berechnen Sie das Bild?
746 1485 3179 1656 Willy: Für eine Ware, die ich nicht geliefert habe,
749 1656 2951 1855 (wenn schon Geschäftsstandpunkt) berechne ich
727 1826 1074 2007 nichts.
2063 1842 2351 1991 Sutab „
727 1924 3211 2092 Zack: (Pardon,Sie liefern sie.. Ich nehme das Porträt
730 2120 3027 2269 gleich mit. Mir wird es jedesfalls fertig genug
717 2247 3214 2408 sein. Kein Porträt ist wirklich vollendet. Sie sind
711 2370 3163 2613 zu bescheiden. Es war ja ziemlich weit, als Sie die
727 2566 3261 2737 Güte hatten es mich sehen zu lassen. Lassen Sie mich
1668 2686 1845 2774 Uhr
714 2708 3147 2853 einen Blick darauf werden. Auf die Gefahr hin, dass
708 2857 3154 2996 Sie es während der letzten vierzehn Tage - aus dem
702 3049 2727 3151 Gedächtnis natürlich - weitergemalt haben
695 3179 2718 3372 Willy:/nach Zögern) Hier. (zeigt das Bild
