3544 4088
921 196 2706 382 Ich meer auf 54 Tg zu raschund - die selven
549 186 754 388 Mrs
965 306 2542 527 und dass ist in die fertige erstreitet.
2958 331 3129 492 165
795 476 2987 669 Aber entschieden mus es sein.. Einem von uns
779 640 3277 826 Beiden musst du Lebewohl sagen, noch in dieser Stun-
779 788 1577 965 de,mir oder ihm.
766 915 1507 1120 Lisa: Fridolin!
741 1060 3267 1280 Zack: Hier kommt er. (Die Wahl ist bei dir. (er geht
741 1262 3248 1444 rasch, sieht Willy nicht an, der aus dem Saale kommt).
1514 1384 2838 1558 me in to 1st of - Mart j - 10 1/2
735 1391 1287 1574 Willy-Lisa.
716 1561 2441 1731 Willy: Es ist etwas geschehen, Lisa?
719 1712 1567 1848 Lisa: Gehen Sie!
706 1851 1309 2012 Willy: Lisä!
700 1971 2488 2192 Lisa: Wir dürfen uns nie wiedersehen.
684 2160 3116 2397 Willy: Sie haben gesprochen? So reden Sie doch. Er
665 2324 981 2501 weiss?
653 2432 3100 2649 Lisa: ich hab ihm alles gesagt, so wenig es war, ich
647 2643 3151 2826 hab ihm alles gesagt. Ich bin feig,Willy,es ist aus.
647 2801 2122 2980 Willy: Er gibt Sie nicht frei?
624 2939 2113 3125 Lisa: Er gibt mich nicht frei!
615 3106 3050 3352 Willv: Das ist doch nicht möglich. Ich will selbst
593 3252 1082 3409 mit ihm —
596 3409 3129 3639 Lisa: Ich sage Ihnen doch, ich bin feig.Er würde mich
