3488 4136
2799 284 2975 480 102
690 448 2913 641 Meiste, was für mich kommt, unterschlägt er
702 597 1711 728 oder frisst es auf.
717 696 1825 895 Vinkler: Auch Fräcke?
687 822 2776 1094 Treuenhof: (macht eine ärgerliche Geste)
676 1073 2884 1202 Leute, die mich besuchen wollen, schickt er
655 1199 3007 1348 meistens fort. Einem hat er einmal erzählt,
658 1302 2945 1495 dass ich mich in der Nacht umgebracht habe,
664 1509 2554 1612 einem Andern, dass ich im Kerker bin.
1980 1609 2653 1781 Aber - die - mitre¬
644 1641 1963 1860 Mutter: (Ist das möglich?
2050 1667 2896 1857 D- nes teilte.
655 1814 2820 2004 Treuenhof: Es wäre ihm zuzutrauen.Und da-
649 1919 2817 2086 rauf kommt es an. Dabei hat dieser Schur-
626 2074 2802 2311 ke eine Tochter-das reinste, süsseste Ge-
620 2243 2934 2387 schöpf auf Gottes Erdboden. (Sie ist Blumen
611 2434 1638 2562 mädel bei ponacher.
603 2577 1264 2785 Winkler: Ha!
588 2627 2916 2875 Berta: (auf seine Weste d entend) Gehört das
591 2913 1527 3030 schon zum Kostüm?
597 3024 2761 3182 Treuenhof: Wieso? Ach, diese Nachtat Westel
570 3150 2624 3387 Die stammt nicht aus Zacks Atelier, die
562 3326 2665 3495 kommt aus Schottland.Ja. Eine alte Dame
565 3454 2603 3721 aus Schottland, die ich niemals gesehen
