3608 4120
2940 287 3085 475 89
1083 333 1946 518 (les Lentes dans que M)
796 463 3073 620 Nähe bin ich nur für die machen, die bestimmt
796 631 1506 817 gut ausgehen.
805 759 3131 935 Mutter: Es ist schon dagewéen, dass ein jun¬
794 933 3067 1106 ger Maler eine schöne Frau gemalt hat. Ich
796 1092 2612 1289 versteh dich wirklich nicht,Berta.
779 1245 2937 1425 Berta: Fällt es dir den n gar nicht auf,
779 1413 2943 1567 Mutter, wie der Willi sich in der letzten
759 1573 1796 1744 Zeit verändert hat.
2059 1593 2346 1723 Beste
770 1697 2931 1914 Mutter: Verändert? Aber - (Gar nicht mehr
2410 1801 2569 1900 sein
1952 1796 2152 1914 lehrie
776 1874 3018 2048 heiter, so unruhig, so fehl ist er geworden.
770 1975 3058 2227 Mut ter: (wird nachdenklich), dann plötzlich)
1164 2187 1344 2236 my
770 2192 2931 2363 wenn man nur wüsste, was man einem jungen
768 2334 2615 2517 wenschen eigentlich wünschen soll.
825 2485 1118 2670 Berth
2569 2627 2749 2801 by
