3608 4120
2930 330 3117 504 107
925 486 3210 694 worfen und kommt gleich wieder zurück. Auch
940 682 3153 796 das Stubenmädchen ist in der Türe erschie
928 835 3195 1021 nen; zu Treuenhof) Trinken Sie einen Kaffee
922 1006 1381 1111 mit uns?
1018 1099 3183 1333 (Berta,Winkler,Treuenhof ins Nebenzimmer
919 1276 3174 1480 ab,willy will folgen,Mutter hält ihn unauf
913 1456 1660 1666 fällig zurück)
898 1723 1597 1949 Mutter, Willy.
895 1883 3147 2033 Mutter: (ganz einfach), fast scherzend) Wie
895 2075 3210 2228 kommt's,dass du uns von dem Ball gar nichts
892 2204 1744 2354 gesagt hast?
895 2318 2801 2519 Willy: Es ist doch nicht so wichtig.
871 2468 2954 2705 Mutter: Wichtig ist es natürlich nicht,
862 2627 3138 2822 wenn s auch sogar ein Kostümball ist. Aber
862 2804 3174 2984 früher hast du doch aus solchen Sachen kein
850 2984 1823 3165 Geheimnis gemacht
850 3018 3261 3318 Willy: (auch scherzhaft) Also, ich weiss schun,
847 3288 3162 3456 du hast eine Braut für mich und hast Angst,
853 3423 3060 3600 dass ich mich in die schöne Frau van Zack
