3592 4264
914 559 3334 789 sich und an jedem Tag wird er neu geboren. Und ich
2032 724 2626 833 fait une même
1538 749 1697 842 vor
886 777 3303 966 hab den Tod mir- und krepier an jedem Tag.
1653 904 1933 988 1st hal
889 907 3316 1131 Er kebt auf den Bergen in frischer, freier Luft und
892 1106 3185 1274 lacht die ganze Welt aus - und ich sitze hier in
901 1262 3120 1423 einer Atmosphäre von schlechtem Tabak, billiger
879 1386 3185 1607 Schminke, umgeben von Dirnen,Zuhältern, Literaten
898 1551 3163 1774 (er schüttelt sich, steht plötzlich auf) Zahlen!
879 1715 1799 1874 Der Kellner: (kommt)
883 1877 2377 2073 Treuenhof: Schreiben Sie's auf.
867 1986 2797 2191 Kellner: Und von gestern bitte wär noch
901 2098 3400 2377 treuenhof: Die Vergangenheit interessiert mich nicht
889 2293 3309 2539 (zur Türe hin, öffnet sie, schliesst sie wieder) Ein
870 2483 3139 2638 wahrer Orkan! (wieder an den Tisch zurück. Setzt
879 2651 3288 2831 sich zu den Jüngern. Nachtigall beginnt oben wieder
861 2822 1423 3011 zu spielen)
864 2930 2688 3198 Natigall: Guten Morgen, Herr Treuenhof.
1672 3111 2082 3285 Vorhang.
