3560 4184
2982 345 3170 527 162
844 643 3264 851 Täglich hab ich dich erwartet. Das wäre besser, als
945 785 1902 982 (sie schüttelt sich)
832 951 3148 1108 Zack: Das versagt Glisa. Ich will dich auch nicht
832 1105 3154 1277 fragen, ich würde dir vieleicht nicht glauben. Du
819 1240 3283 1425 bist frei! Verstehst du? Du kannst dich entscheiden
819 1412 3126 1573 wie du willst.(Aber sofort!) Morgen Früh verreise
813 1573 1758 1711 ich auf jeden Fall.
819 1745 1777 1890 Lisa: Nimm mich mit
794 1864 3321 1996 Zack: (zuerst fast ergriffen, dann wieder sich zurück
794 2040 3205 2194 nehmend) Das sähe ja aus wie Furcht. Wählen sollst
788 2172 3242 2348 du, versteh mich gut. Ein Wort nur und du hast deine
794 2348 3104 2514 Freiheit. Du hast sie jetzt. Wenn es dir beliebt
782 2495 3283 2659 kannst du dieses Haus verlassen, heute noch und damit
778 2649 3230 2822 es dir ganz leicht werde, ich bin bereit alle Schuld
775 2781 3029 2979 auf mich zu nehmen und dein Freund zu bleiben.
807 2976 2266 3151 Lisa: Du willst, dass ich gehe?
753 3129 3139 3286 Zack: Nicht missverstehen, Lisa. Du magst bleiben
756 3267 3189 3418 oder gehen, du hast die Wahl. Du magst auch bleiben.
753 3428 3249 3635 Ich wäre wahrscheinlich sehr glücklich, wenn du blie-
747 3594 3208 3773 best - als meine Gattin, meine xxx sehr geliebte Frau
738 3745 3236 3933 als mein treues Weib (lächelt) wie du's bisher gewe-
