3491 4136
2886 266 3054 444 231
2462 385 2548 526 P.P.
1594 385 2048 559 noe 11
802 542 2949 658 Treuenhof: Was willst du eigentlich von mir?
786 641 3117 822 Ich hab ihn in einer vollkommen beruhigten Stim-
782 799 3090 980 mung verlassen.) Ich hab ihm sogar den Vorschlag
789 980 3044 1111 gemacht, dass er mit mir zusammen hieher kommen
296 1049 602 1253 Ersn
243 1114 2886 1440 tich wird soll und er hat scherzweise zugestimmt. Wir
782 1239 3153 1460 gehören schon (alle) zueinander,hab ich ihm gesagt.
1785 1400 2265 1473 besit alle
786 1456 3057 1621 Winkler: Aber hast du dir auch überlegt,wer dir
414 1571 648 1723 M-L
763 1598 3024 1762 zuhört? Hast du daran gedacht, dass ein verzwei
358 1693 707 1848 de 1 ju-
756 1759 3143 1943 felter junger Mensch vor dir steht, der vielleicht
740 1907 2998 2058 nicht alles so harmles auffasst, als es gemeint
746 2048 3044 2216 war? Und der doch gewissermassen eine furchtbare
730 2189 3103 2367 Enttäuschung erlebt - entschuldigen gnädige Frau.
727 2341 3067 2591 Trusenhof: (Ich bin nicht der Mensch, der in einer
727 2502 2988 2676 solchen Schicksalsstunde wohlfeile Phrasen von
717 2650 3051 2844 sich geben kann - von Irrtümern, Jugendtorheiten-
707 2824 3015 3011 ich kann solche Sachen nicht leicht nehmen. Ich
707 2988 3087 3130 sehe tiefer. Das ist wahrscheinlich mein Unglück.
720 3107 3038 3324 In dieser Stunde hab ich Willis wahres Wesen er-
690 3301 2959 3432 kannt,habe seine Zukunft vor mir gesehen,seine
690 3445 2929 3587 tiefere innere Verwandtschaft mit mir gefühlt.
