3592 4136
355 273 653 553 713.29
2728 404 2916 677 173
860 586 1440 778 Willi, Lisa.
875 729 3016 945 Lisa: (ohne Spott kopierend) Wir haoen Gäste
1200 832 1385 945 The
878 899 1801 1063 zun sauee - na ja.
878 999 2482 1209 Willi: Es ist wahr.
869 1182 3001 1364 Lisa: Warum mag sie mich denn so gar nicht?
866 1327 3183 1507 Willi: Was weiss sie von dir? Was weiß sie vor
850 1461 2567 1683 mir - von uns? (zieht sie an sich)
850 1625 3293 1813 Lisa: Mein Geliebter! (Blick auf die Reisetasche)
844 1804 2132 1941 Also, nun wird es Ernst,
2342 1807 3189 1965 Sonsmit nur nicht
857 1965 3141 2157 Willi: Du wirst mich nicht warten lassen, in Ve-
829 2120 1139 2266 nedig,
829 2239 2412 2418 Lisa: Ich komme sobald ich kann.
835 2384 2676 2558 Willi: In zehn Tagen allerspätestens.-
823 2558 3062 2758 Lisa: (Früher vielleicht.) Aber wir wollen doch
808 2722 3138 2895 nicht um einen Tag feilschen,wenn das Leben vor
820 2883 1324 3031 uns liegt,
808 3025 3041 3220 Willi: Jeder Tag ist lang, jeder Tag mehr wäre
814 3195 3186 3381 eine Lüge mehr, jeder Tag ist eine Gefahr. Noch
793 3344 3217 3472 einmal bitte ich dich: komm mit mir, gleich, heute!
2093 3426 3274 3563 Verlehrt der der nach iener nach
1163 3448 1497 3548 Michl
793 3514 3116 3636 Lisa: Das wäre ja Tollheit, das väre Flucht.Ent-
