3501 4232
3060 407 3222 588 197.
2222 612 2870 802 H wisst y wol
915 615 1732 823 Treuenhof-Willy.
933 750 3360 933 Treuenhof: Begegnete Jack. Er hat also dein Bild
1961 875 2280 961 in -   a
930 915 3234 1108 besichtigt. Sehr nobel, dass er dir Geld geboten
927 1089 3136 1248 für das angefangene Bild, sehr richtig, dass du
933 1215 2769 1414 es zurückgewiesen hast.)
872 1224 3078 1558 (Ich muss dir etwas sagen, damit du mich nicht
2228 1420 3332 1631 Nie ao Sine chee
924 1545 2246 1720 für einen Banausen hältst.
2381 1554 3228 1707 mach ich dir noch ein
927 1698 3176 1870 Ich habe Jack meine Meinung gesagt,ehe er fort
921 1867 1533 2032 gereist ist.
906 1974 3210 2188 Ich sagte ihm, er sei ein elender Tyrann. Es sei
906 2148 3198 2341 seine Verpflichtung dem Glück seiner Frau nicht
906 2283 3253 2512 im Wege zu stehen. Ueberhaupt,es ist unmoralisch
1062 2417 1334 2531 Marlich
906 2408 3366 2653 die Möglichkeit des Glücks-auf Erden zu verringern.
909 2583 3290 2830 Ihr zwei ward geschaffen für einander-für einein vo-
900 2782 1879 2959 rübergehendes Glück.
1536 2806 2494 2971 Huell he was inde of
912 2873 3277 3130 Und damit du es nur weisst:-Sie hat dich geliebt.
1619 3008 2659 3109 d.1.e-d. oben. it is in
897 3029 3241 3265 Du hättest von ihr alles haben können. So ist es
1114 3173 2004 3280 shoue “ doch euer det!”
894 3192 3182 3436 mir lieber. Ich kann dich mir nicht als Lügner,
887 3314 3130 3479 denken. Du bist ein reiner Mensch. Wenn du mit
1894 3439 2494 3547 That the unnot.
1763 3464 1860 3547 "
887 3433 3317 3663 ihr ein (geheimes) Verhältnis gehabt hättest,hätteste
1092 3635 1429 3733 du soir.
878 3696 2145 3831 du dich selbst verleugnet.
