3544 4136
2894 366 3068 512 170
751 441 3139 723 Willi: Afrika wär dir noch lieber,wie es scheint.
711 683 2965 869 Berta: Nur fort, endlich fort! Ich hab solche
739 810 2745 1053 Angst um dich. Willi! — Jant - Amt! -
739 984 2087 1136 Willi: Höchst überflüssig.
1124 1124 1590 1242 aurens
720 1093 3003 1385 Berta: Glaubst du, ich weiss es nicht,dass sie
730 1276 3176 1487 seit vierzehn Tagen Tag für Tag zu dir ins Ate-
1000 1450 1344 1549 gekennen in
708 1469 3046 1655 lier kommt? Welche Unvorsichtigkeit) Hättet Ihr
720 1615 2987 1798 Euch nicht anderswo treffen können -- wenn es
717 1816 2056 1947 schon durchaus sein musste?
714 1903 3083 2068 Willi: Du weiset doch, dass ich sie male. Man hat
711 2071 2236 2236 doch als Maler wohl das Recht -
692 2254 3124 2391 Berta: Du redest nicht mit der Mutter,Willi - Sie
711 2397 3071 2574 würde es noch heute nicht
711 2559 1102 2711 glauben.
683 2689 3180 2844 Willi: Du siehst die ganze Sache falsch. Du kennst
680 2841 1487 3024 Frau Lisa nicht,
674 3003 2024 3145 Berta: (ablehnende Bewegung)
1285 3139 1823 3248 nur in jedem Tage
680 3139 3108 3325 Willi: Nun könntest du doch wohl beruhigt sein,da
671 3319 2996 3471 ich abreise. Aber wie glücklich wäre ich, gerade
671 3428 3080 3664 darum,wenn du sie kenntest,- kennen lerntest, wenn
