3544 4088
2933 334 3106 497 166
783 507 2564 642 töten. Ich bin feig. Leben Sie wohl!
2846 616 2933 815 De
754 677 2333 866 Willy: Seien Sie glücklich, Lisa!
754 828 3096 985 Lisa: (ihn bei der Hand festhaltend, ihm voll ins
757 985 3244 1149 Auge) So dürfen Sie nicht gehen Versprechen Sie mir
754 1104 3132 1309 Willy, versprich mir, dass du nichts tust - denk an
757 1267 2320 1438 deine Mutter, denk auch an mich!
748 1444 3116 1633 Willy: Was kann Sie das alles jetzt noch kümmern?
757 1579 2583 1726 Nichts. Morgen hast du mich vergessen.
738 1742 3263 1893 Lisa: Ich muss ja. So werd ich wohl auch.
735 1893 3167 2082 Willy: Ihn liebst du. Nun ist es ja klar. Leben
738 2063 1200 2224 Sie wohl!
735 2159 3161 2416 Lisa: Und niemals wieder? (bei ihm in der Nähe der
735 2387 975 2557 Tiire.)
725 2506 1790 2737 Willy? Niemals wieder!
716 2679 3302 2898 Lisa: Leb wohl, also. (plötzlich in seinen Armen, rasch
712 2843 3151 3013 wieder auseinander) Die geliebten Augen. Es ist ja
712 2975 3183 3164 nicht möglich! So können wir doch nicht
700 3106 3161 3299 auf ewig scheidend Einmal noch muss ich dich sehen!
700 3321 3122 3449 Ein einziges Mal! Und wenn es nur auf einen Augen-
696 3456 3135 3632 blick - du darfst mich nicht - nein,du darfet mich
