3528 4136
2899 302 3087 459 172
733 438 3035 724 Lisa: (streckt Berta die Hand entgegen) Ich hatte
715 678 3094 854 schon längst gehofft Ihnen von Angesicht zu Ange-
333 721 505 820 décembre
724 801 3041 983 sicht zu begegnen, Fräulein. Wie schade, dass Sie
1223 940 1636 1048 ins Atelie
730 980 2976 1177 niemals heraufgekommen sind in der Zeit,da ich
733 1137 2157 1322 Ihrem Bruder xx gesessen bin.
773 1239 3223 1494 Berta: Er liebt es (glaube ich) nicht, dass man seine
724 1433 2348 1636 Bilder sieht,ehe sie fertig sind.
1448 1556 1710 1670 for it
730 1568 3124 1796 Lisa:Das ist richtig.) Denken Sie, ich selbst durft
727 1689 3020 1913 es nicht sehen. Und jetzt fährt er davon, ohne es
724 1867 2989 2064 fertig zu machen. Aber hoffentlich ist er bald
1263 2024 1664 2111 um es zu
727 2031 3057 2215 wieder da. vollenden. Wie lange sol-
2345 2129 2742 2265 die boron,
724 2222 2437 2416 len wir ihm überhaupt Urlaub geben?
2357 2234 3201 2385 compten nicht in in
712 2357 3152 2561 Berta: Das wird wohl nicht von uns abhängen,gnädi-
721 2517 3109 2718 ge Frau. Entschuldigen Sie übrigens -meine Mutter
715 2656 3192 2862 wartet. Wir haben ein paar Gäste zum
721 2838 1322 3001 Jauso Thol.
703 2853 3158 3186 Lisa: O bitte, lassen Sie sich nicht aufhalten. Auf
706 3137 2961 3309 Wiedersehen! (reicht ihr sehr rasch die Hanc
706 3272 2992 3519 Berta: (ergreift die Hand sehr kühl, dann) Aiieu
712 3479 1306 3657 Willi. (ab).
