3576 4152
3025 230 3214 493 236
3154 480 3236 666 J
796 562 2371 761 Zack: (sieht sie nur flüchtig an)
805 739 2021 897 Bertha: Was ist nur - - -
789 894 2558 1092 Zack: Er hat sich (selbst) erschossen.
786 1045 1500 1228 Bertha: (davon)
783 1194 2996 1386 Winkler: (zu Jack) Er ist doch fort vom Hause?
783 1332 3110 1525 Zack: Und wieder zurück. Ich wollt ihn noch ein-
774 1487 3003 1617 mal sprechen. denn ich fürchtete etwas derart.
783 1645 2949 1838 Als ich in sein Atelier trat war es vorbei.
767 1822 1626 1980 Lisa: (will davon)
777 1942 1620 2144 Zack: Du bleibst.
758 2220 2978 2415 Treuenhof: Er war doch der einzige vollkommen
2918 2314 3217 2447 Anfang
748 2393 3101 2558 reine Mensch, der mir jemals begegnet ist. Und so
755 2532 3107 2728 teuer muss ich es bezahlen, wenn ich einmal Recht
748 2741 3006 2899 behalten darf. Der hat sterben müssen, damit er
742 2867 2400 3063 mich nicht enttäuscht. (will gehen)
745 3019 3281 3230 Winkler: (als wenn er ihn zurückhalten wollte) Wohin?
733 3233 2112 3379 Treuenhof: Zu seiner Mutter,
1152 3322 1478 3420 drimagst
723 3372 3236 3552 Winkler: Sie hat seine Abschiedsworte gele
710 3489 2785 3710 sen. Dass du ihm den rechten Weg gewiesen.
