3512 4232
2788 384 2919 540 35
765 488 2961 700 einer Viertelstunde hier sein wird? Raten
758 693 2906 869 Sie einmal! Wenn Sie es erraten bekommen
755 865 2518 1028 Sie einen Kuss von Frau Flaterer.
2027 973 2235 1083 über
755 979 2945 1194 Fr.Flatterer: Ich bitte meine Gunstbe-
758 1126 3091 1328 zeugungen ersten bis siebenten Grades nicht
758 1341 1409 1471 zu verfügen.
1728 1298 2766 1506 dit précorduerie auf M. 6.
761 1464 2948 1695 Rapp: (trocken) Auf Numero sechs wär ich
1630 1575 2964 1790 J. II. Sieben rekürnte. Würkte
742 1653 1292 1796 neugierig.
739 1773 2089 1988 Gleissner: Nun,raten Sie.
778 1926 2993 2121 Treuenhof: Warum gibst du ihm Rätsel auf?
739 2099 2854 2235 Ein Verbrehen ist es Leute zu nutzlosen
739 2274 2987 2457 Verschwendungen von Geistesintensitäten zu
709 2362 2486 2554 veranlassen.-Frau Lisa kommt her.
732 2525 2766 2753 Neumann: Was heist das? Frau van Zach
794 2678 2271 2863 Ist doch wohl nicht möglich.
755 2831 1275 2938 leissner:
719 2857 2092 3003 Trenennof: Es ist gewiss.
2128 2919 2304 3052 ne
713 3036 2977 3150 Ferdinand: Ich muss schon sagen, was Ihr mit
709 3101 3329 3306 diesem van zack noch anstellen werdet! Ich noch
3094 3247 3322 3368 rod
709 3264 3036 3485 Gleis sner: Also immer noch in Frau Lisa ver-
696 3423 2535 3654 liobt? Ich saiste in ihr kleine trenst
703 3582 2323 3852 Ferdinand: Sie sind taktlos.
