<?xml version="1.0" encoding="UTF-8" standalone="yes"?>
<PcGts xmlns="http://schema.primaresearch.org/PAGE/gts/pagecontent/2013-07-15" xmlns:xsi="http://www.w3.org/2001/XMLSchema-instance" xsi:schemaLocation="http://schema.primaresearch.org/PAGE/gts/pagecontent/2013-07-15 http://schema.primaresearch.org/PAGE/gts/pagecontent/2013-07-15/pagecontent.xsd">
    <Metadata>
        <Creator>prov=READ-COOP:name=TrHtr:version=2.1.0:model_id=51170:date=15_08_2023_00:56</Creator>
        <Created>2023-05-10T14:59:48.753+02:00</Created>
        <LastChange>2023-08-15T00:56:42.014+02:00</LastChange>
        <TranskribusMetadata docId="1428698" pageId="55428303" pageNr="28" tsid="132835428" status="IN_PROGRESS" userId="64420" imgUrl="https://files.transkribus.eu/Get?id=XHXUSVOAISYWQHBIIHGBYETP&amp;fileType=view" xmlUrl="https://files.transkribus.eu/Get?id=XCXTWAYDZSIAVHDHDMENKNIA" imageId="44702376"/>
    </Metadata>
    <Page imageFilename="1428698_0028.jpg" imageWidth="3560" imageHeight="4200">
        <ReadingOrder>
            <OrderedGroup id="ro_1711807719296" caption="Regions reading order">
                <RegionRefIndexed index="0" regionRef="tr_1"/>
            </OrderedGroup>
        </ReadingOrder>
        <TextRegion id="tr_1" custom="readingOrder {index:0;}">
            <Coords points="683,382 3349,382 3349,3723 683,3723"/>
            <TextLine id="tr_1_tl_1" custom="readingOrder {index:0;}">
                <Coords points="2923,456 2947,450 2968,450 2974,456 3001,450 3007,456 3019,450 3031,462 3049,453 3070,459 3073,366 3046,372 3010,354 2995,357 2980,339 2941,366 2926,366"/>
                <Baseline points="2940,438 2943,441 2988,438 3032,438 3077,432"/>
                <TextEquiv>
                    <Unicode>26</Unicode>
                </TextEquiv>
            </TextLine>
            <TextLine id="tr_1_tl_2" custom="readingOrder {index:1;}">
                <Coords points="882,669 1125,741 1372,660 2497,675 3073,615 3106,504 885,585"/>
                <Baseline points="898,668 916,671 961,668 1005,668 1050,671 1095,671 1140,668 1185,662 1229,662 1274,659 1319,656 1364,656 1408,659 1453,656 1498,653 1543,653 1588,653 1632,647 1677,647 1722,644 1767,641 1811,641 1856,638 1901,638 1946,638 1991,632 2035,632 2080,632 2125,626 2170,626 2214,623 2259,623 2304,623 2349,617 2394,617 2438,614 2483,614 2528,614 2573,614 2617,611 2662,608 2707,605 2752,605 2797,605 2841,602 2886,600 2931,597 2976,594 3020,591 3065,591 3110,585"/>
                <TextEquiv>
                    <Unicode>Jungfrauen äusserst selten hier in diesem</Unicode>
                </TextEquiv>
            </TextLine>
            <TextLine id="tr_1_tl_3" custom="readingOrder {index:2;}">
                <Coords points="822,897 933,834 1164,870 1363,825 1435,852 1642,804 1717,828 1771,807 1774,750 1525,726 1432,756 1393,723 1261,744 1225,714 828,750"/>
                <Baseline points="841,826 883,829 928,823 973,823 1017,823 1062,823 1107,820 1152,820 1197,817 1241,814 1286,811 1331,808 1376,805 1420,805 1465,805 1510,805 1555,802 1600,800 1644,800 1689,802 1734,802 1779,805"/>
                <TextEquiv>
                    <Unicode>Lokal erscheinen.</Unicode>
                </TextEquiv>
            </TextLine>
            <TextLine id="tr_1_tl_4" custom="readingOrder {index:3;}">
                <Coords points="2887,828 2908,828 2935,843 2950,831 2971,852 2992,855 3040,813 3046,819 3073,810 3112,813 3112,771 3076,774 3013,726 2977,741 2947,729 2935,738 2893,729"/>
                <Baseline points="2904,820 2940,814 2985,814 3029,808 3074,808 3119,811"/>
                <TextEquiv>
                    <Unicode>verging</Unicode>
                </TextEquiv>
            </TextLine>
            <TextLine id="tr_1_tl_5" custom="readingOrder {index:4;}">
                <Coords points="816,1047 3070,927 3076,816 822,891"/>
                <Baseline points="835,1000 838,1000 883,1000 928,994 973,991 1017,988 1062,982 1107,976 1152,976 1197,973 1241,973 1286,970 1331,967 1376,967 1420,964 1465,964 1510,964 1555,964 1600,961 1644,958 1689,958 1734,955 1779,952 1823,952 1868,952 1913,949 1958,946 2002,943 2047,940 2092,937 2137,937 2182,934 2226,934 2271,934 2316,931 2361,931 2405,928 2450,925 2495,922 2540,919 2585,919 2629,916 2674,916 2719,913 2764,913 2808,913 2853,910 2898,910 2943,907 2988,904 3032,904 3077,907"/>
                <TextEquiv>
                    <Unicode>Fr. Flatterer: Herr Gleissner ist so auf</Unicode>
                </TextEquiv>
            </TextLine>
            <TextLine id="tr_1_tl_6" custom="readingOrder {index:5;}">
                <Coords points="822,1170 3046,1086 3049,951 825,1077"/>
                <Baseline points="838,1149 859,1146 904,1140 949,1137 994,1137 1038,1137 1083,1131 1128,1131 1173,1128 1217,1128 1262,1125 1307,1122 1352,1119 1397,1119 1441,1119 1486,1116 1531,1113 1576,1110 1620,1110 1665,1110 1710,1107 1755,1107 1800,1104 1844,1104 1889,1101 1934,1098 1979,1095 2023,1095 2068,1092 2113,1092 2158,1089 2202,1086 2247,1086 2292,1086 2337,1083 2382,1083 2426,1080 2471,1077 2516,1077 2561,1074 2605,1071 2650,1068 2695,1068 2740,1068 2785,1065 2829,1065 2874,1062 2919,1062 2964,1059 3008,1056 3053,1062"/>
                <TextEquiv>
                    <Unicode>geräumt, als wenn er heute etwas besonders</Unicode>
                </TextEquiv>
            </TextLine>
            <TextLine id="tr_1_tl_7" custom="readingOrder {index:6;}">
                <Coords points="2599,1204 2647,1191 2707,1234 2791,1237 2902,1161 3286,1173 3292,1059 3070,1065 2935,1116 2878,1083 2803,1110 2692,1086 2602,1101"/>
                <Baseline points="2617,1182 2623,1179 2668,1176 2713,1170 2758,1167 2802,1164 2847,1164 2892,1161 2937,1161 2982,1158 3026,1155 3071,1152 3116,1152 3161,1152 3205,1152 3250,1155 3295,1167"/>
                <TextEquiv>
                    <Unicode>A. beschickt zum Grund</Unicode>
                </TextEquiv>
            </TextLine>
            <TextLine id="tr_1_tl_8" custom="readingOrder {index:7;}">
                <Coords points="2293,1240 2323,1246 2389,1219 2455,1234 2470,1222 2566,1258 2566,1128 2542,1125 2488,1149 2437,1128 2419,1134 2386,1104 2350,1092 2293,1098"/>
                <Baseline points="2310,1182 2355,1182 2400,1182 2444,1182 2489,1179 2534,1182 2573,1185"/>
                <TextEquiv>
                    <Unicode>Rapp</Unicode>
                </TextEquiv>
            </TextLine>
            <TextLine id="tr_1_tl_9" custom="readingOrder {index:8;}">
                <Coords points="822,1303 2086,1318 2131,1303 2134,1191 1906,1137 1750,1194 1582,1158 1384,1219 1086,1194 822,1240"/>
                <Baseline points="838,1289 883,1289 928,1289 973,1289 1017,1286 1062,1283 1107,1283 1152,1280 1197,1280 1241,1277 1286,1274 1331,1274 1376,1271 1420,1274 1465,1274 1510,1271 1555,1268 1600,1265 1644,1265 1689,1262 1734,1262 1779,1259 1823,1259 1868,1256 1913,1253 1958,1253 2002,1250 2047,1250 2092,1250 2137,1253"/>
                <TextEquiv>
                    <Unicode>Angenehmes erlebt hätte.</Unicode>
                </TextEquiv>
            </TextLine>
            <TextLine id="tr_1_tl_10" custom="readingOrder {index:9;}">
                <Coords points="819,1450 2680,1456 3181,1369 3184,1282 822,1384"/>
                <Baseline points="835,1438 859,1438 904,1441 949,1438 994,1438 1038,1438 1083,1435 1128,1432 1173,1432 1217,1429 1262,1429 1307,1429 1352,1429 1397,1429 1441,1429 1486,1423 1531,1420 1576,1420 1620,1420 1665,1417 1710,1414 1755,1411 1800,1411 1844,1408 1889,1408 1934,1408 1979,1405 2023,1405 2068,1402 2113,1402 2158,1400 2202,1402 2247,1400 2292,1397 2337,1394 2382,1391 2426,1388 2471,1385 2516,1385 2561,1385 2605,1382 2650,1382 2695,1382 2740,1376 2785,1376 2829,1373 2874,1373 2919,1370 2964,1367 3008,1364 3053,1364 3098,1364 3143,1361 3188,1367"/>
                <TextEquiv>
                    <Unicode>Gleissner: Nicht mehr als sonst. Eigentlieb</Unicode>
                </TextEquiv>
            </TextLine>
            <TextLine id="tr_1_tl_11" custom="readingOrder {index:10;}">
                <Coords points="666,1624 3007,1573 3079,1468 669,1492"/>
                <Baseline points="683,1597 725,1591 770,1588 814,1594 832,1597 844,1594 889,1594 934,1594 979,1594 1023,1594 1068,1591 1113,1588 1158,1588 1202,1588 1247,1585 1292,1582 1337,1582 1382,1582 1426,1582 1471,1582 1516,1582 1561,1579 1605,1576 1650,1573 1695,1570 1740,1567 1785,1564 1829,1564 1874,1564 1919,1561 1964,1561 2008,1561 2053,1558 2098,1558 2143,1555 2188,1555 2232,1552 2277,1549 2322,1549 2367,1546 2411,1543 2456,1540 2501,1540 2546,1537 2591,1534 2635,1534 2680,1531 2725,1528 2770,1528 2814,1525 2859,1525 2904,1525 2949,1528 2994,1525 3038,1525 3083,1525"/>
                <TextEquiv>
                    <Unicode>Ich erlebe ich ununterbrochen angenehme Dinge.</Unicode>
                </TextEquiv>
            </TextLine>
            <TextLine id="tr_1_tl_12" custom="readingOrder {index:11;}">
                <Coords points="2542,1618 2605,1621 2623,1612 2647,1618 2671,1606 2710,1615 2728,1603 2764,1612 2770,1546 2662,1573 2629,1567 2590,1582 2545,1573"/>
                <Baseline points="2558,1611 2597,1608 2641,1605 2686,1600 2731,1597 2776,1600"/>
                <TextEquiv>
                    <Unicode>hr mit</Unicode>
                </TextEquiv>
            </TextLine>
            <TextLine id="tr_1_tl_13" custom="readingOrder {index:12;}">
                <Coords points="834,1777 2935,1741 3133,1726 3139,1612 2389,1579 2110,1657 837,1687"/>
                <Baseline points="850,1752 859,1752 904,1752 949,1749 994,1749 1038,1746 1083,1746 1128,1746 1173,1743 1217,1743 1262,1746 1307,1743 1352,1740 1397,1740 1441,1740 1486,1737 1531,1734 1576,1731 1620,1731 1665,1728 1710,1725 1755,1722 1800,1722 1844,1719 1889,1716 1934,1716 1979,1713 2023,1713 2068,1713 2113,1710 2158,1710 2202,1707 2247,1704 2292,1704 2337,1701 2382,1698 2426,1695 2471,1692 2516,1692 2561,1689 2605,1686 2650,1686 2695,1686 2740,1686 2785,1683 2829,1683 2874,1683 2919,1683 2964,1680 3008,1677 3053,1674 3098,1671 3143,1674"/>
                <TextEquiv>
                    <Unicode>leh bin jung, nicht wahr, ich bin beühmt, (das</Unicode>
                </TextEquiv>
            </TextLine>
            <TextLine id="tr_1_tl_14" custom="readingOrder {index:13;}">
                <Coords points="819,1951 1657,1894 1786,1936 1909,1876 2089,1912 2218,1882 2221,1792 822,1828"/>
                <Baseline points="835,1907 838,1907 883,1907 928,1904 973,1904 1017,1904 1062,1904 1107,1901 1152,1898 1197,1898 1241,1898 1286,1895 1331,1892 1376,1892 1420,1892 1465,1889 1510,1886 1555,1886 1600,1883 1644,1883 1689,1880 1734,1877 1779,1877 1823,1877 1868,1877 1913,1874 1958,1874 2002,1874 2047,1868 2092,1865 2137,1862 2182,1859 2226,1862"/>
                <TextEquiv>
                    <Unicode>.kann ich xxx ruhig sagen</Unicode>
                </TextEquiv>
            </TextLine>
            <TextLine id="tr_1_tl_15" custom="readingOrder {index:14;}">
                <Coords points="825,2086 3136,2011 3157,1906 2440,1855 2293,1951 1939,1924 1576,2020 1381,1921 1225,2005 828,1993"/>
                <Baseline points="841,2059 880,2062 925,2062 970,2062 1014,2062 1059,2059 1104,2056 1149,2056 1194,2053 1238,2050 1283,2047 1328,2044 1373,2041 1417,2041 1462,2041 1507,2044 1552,2044 1597,2041 1641,2038 1686,2035 1731,2032 1776,2029 1820,2029 1865,2026 1910,2026 1955,2023 2000,2023 2044,2023 2089,2020 2134,2017 2179,2014 2223,2014 2268,2011 2313,2008 2358,2011 2402,2005 2447,2002 2492,2000 2537,2000 2582,2000 2626,1997 2671,1997 2716,1994 2761,1994 2805,1994 2850,1994 2895,1991 2940,1988 2985,1991 3029,1988 3074,1985 3119,1982 3164,1985"/>
                <TextEquiv>
                    <Unicode>Fr. Flatterer: Und die Liebe wird wohl auch</Unicode>
                </TextEquiv>
            </TextLine>
            <TextLine id="tr_1_tl_16" custom="readingOrder {index:15;}">
                <Coords points="834,2230 1738,2236 1843,2182 2068,2218 2275,2185 2275,2113 1834,2074 1708,2128 837,2152"/>
                <Baseline points="850,2217 892,2217 937,2214 982,2214 1026,2214 1071,2214 1116,2211 1161,2208 1205,2205 1250,2205 1295,2202 1340,2202 1385,2200 1429,2197 1474,2197 1519,2194 1564,2194 1608,2194 1653,2191 1698,2188 1743,2185 1788,2185 1832,2182 1877,2182 1922,2179 1967,2179 2011,2179 2056,2179 2101,2176 2146,2173 2191,2173 2235,2173 2280,2176"/>
                <TextEquiv>
                    <Unicode>eine gewisse Rolle spielen.</Unicode>
                </TextEquiv>
            </TextLine>
            <TextLine id="tr_1_tl_17" custom="readingOrder {index:16;}">
                <Coords points="2476,2248 2722,2212 2857,2248 2998,2212 3037,2245 3136,2194 3340,2197 3346,2017 3205,2032 3079,2110 2941,2104 2803,2155 2479,2143"/>
                <Baseline points="2492,2214 2498,2214 2543,2211 2588,2214 2632,2211 2677,2208 2722,2205 2767,2205 2811,2205 2856,2205 2901,2202 2946,2202 2991,2202 3035,2200 3080,2194 3125,2191 3170,2188 3214,2185 3259,2182 3304,2182 3349,2185"/>
                <TextEquiv>
                    <Unicode>will say I have you to be</Unicode>
                </TextEquiv>
            </TextLine>
            <TextLine id="tr_1_tl_18" custom="readingOrder {index:17;}">
                <Coords points="3151,2311 3172,2311 3190,2302 3205,2284 3217,2284 3226,2293 3235,2284 3268,2287 3262,2197 3238,2203 3217,2191 3190,2215 3169,2200 3145,2203"/>
                <Baseline points="3164,2235 3208,2241 3253,2241 3274,2241"/>
                <TextEquiv>
                    <Unicode>k</Unicode>
                </TextEquiv>
            </TextLine>
            <TextLine id="tr_1_tl_19" custom="readingOrder {index:18;}">
                <Coords points="888,2395 2101,2398 2335,2323 2950,2377 3160,2311 3166,2194 891,2299"/>
                <Baseline points="904,2373 928,2370 973,2370 1017,2367 1062,2367 1107,2367 1152,2364 1197,2364 1241,2361 1286,2358 1331,2358 1376,2355 1420,2355 1465,2352 1510,2352 1555,2352 1600,2349 1644,2349 1689,2346 1734,2346 1779,2340 1823,2340 1868,2340 1913,2337 1958,2337 2002,2337 2047,2334 2092,2334 2137,2334 2182,2328 2226,2325 2271,2322 2316,2322 2361,2319 2405,2319 2450,2316 2495,2316 2540,2313 2585,2310 2629,2310 2674,2310 2719,2307 2764,2304 2808,2304 2853,2304 2898,2301 2943,2301 2988,2298 3032,2295 3077,2289 3122,2286 3167,2280"/>
                <TextEquiv>
                    <Unicode>Gleissner: Nun, was die Liebe anbelangt, sie</Unicode>
                </TextEquiv>
            </TextLine>
            <TextLine id="tr_1_tl_20" custom="readingOrder {index:19;}">
                <Coords points="825,2533 3109,2518 3157,2371 828,2452"/>
                <Baseline points="841,2531 877,2528 922,2525 967,2525 1011,2528 1056,2528 1101,2519 1146,2519 1191,2516 1235,2516 1280,2513 1325,2513 1370,2510 1414,2507 1459,2507 1504,2504 1549,2504 1594,2501 1638,2498 1683,2498 1728,2498 1773,2495 1817,2492 1862,2495 1907,2495 1952,2492 1997,2489 2041,2489 2086,2489 2131,2486 2176,2483 2220,2480 2265,2477 2310,2474 2355,2474 2400,2474 2444,2471 2489,2468 2534,2468 2579,2465 2623,2465 2668,2462 2713,2462 2758,2459 2802,2459 2847,2456 2892,2456 2937,2456 2982,2453 3026,2450 3071,2447 3116,2444 3161,2441"/>
                <TextEquiv>
                    <Unicode>kommt und sie ist da. Manchmal freilich ist</Unicode>
                </TextEquiv>
            </TextLine>
            <TextLine id="tr_1_tl_21" custom="readingOrder {index:20;}">
                <Coords points="834,2698 2956,2644 3160,2611 3163,2536 837,2617"/>
                <Baseline points="850,2683 883,2680 928,2680 973,2680 1017,2677 1062,2677 1107,2674 1152,2674 1197,2674 1241,2671 1286,2671 1331,2668 1376,2665 1420,2665 1465,2662 1510,2662 1555,2659 1600,2659 1644,2656 1689,2656 1734,2653 1779,2650 1823,2653 1868,2653 1913,2647 1958,2644 2002,2650 2047,2650 2092,2644 2137,2644 2182,2638 2226,2635 2271,2632 2316,2632 2361,2632 2405,2626 2450,2623 2495,2623 2540,2623 2585,2620 2629,2620 2674,2620 2719,2617 2764,2617 2808,2617 2853,2617 2898,2617 2943,2617 2988,2614 3032,2611 3077,2605 3122,2602 3167,2597"/>
                <TextEquiv>
                    <Unicode>sie auch nicht da - (er lacht, steht auf, geht</Unicode>
                </TextEquiv>
            </TextLine>
            <TextLine id="tr_1_tl_22" custom="readingOrder {index:21;}">
                <Coords points="825,2860 3166,2791 3169,2677 828,2764"/>
                <Baseline points="841,2838 847,2835 892,2835 937,2832 982,2832 1026,2832 1071,2832 1116,2829 1161,2826 1205,2829 1250,2826 1295,2823 1340,2823 1385,2823 1429,2820 1474,2814 1519,2814 1564,2811 1608,2811 1653,2811 1698,2811 1743,2808 1788,2805 1832,2805 1877,2805 1922,2802 1967,2802 2011,2800 2056,2800 2101,2800 2146,2797 2191,2794 2235,2791 2280,2788 2325,2788 2370,2791 2414,2791 2459,2785 2504,2782 2549,2779 2594,2779 2638,2776 2683,2773 2728,2773 2773,2770 2817,2770 2862,2767 2907,2767 2952,2764 2997,2761 3041,2761 3086,2758 3131,2755 3176,2752"/>
                <TextEquiv>
                    <Unicode>wieder zu Albine nd Tini, die jetzt an einem</Unicode>
                </TextEquiv>
            </TextLine>
            <TextLine id="tr_1_tl_23" custom="readingOrder {index:22;}">
                <Coords points="822,3007 1993,2977 1993,2926 1891,2872 1762,2914 1624,2878 1489,2926 1125,2896 825,2935"/>
                <Baseline points="841,3000 877,2994 922,2991 967,2991 1011,2988 1056,2985 1101,2985 1146,2985 1191,2985 1235,2982 1280,2976 1325,2976 1370,2976 1414,2976 1459,2973 1504,2976 1549,2970 1594,2970 1638,2964 1683,2967 1728,2964 1773,2964 1817,2961 1862,2964 1907,2964 1952,2967 1997,2976"/>
                <TextEquiv>
                    <Unicode>andern Tisch sitzen).</Unicode>
                </TextEquiv>
            </TextLine>
            <TextLine id="tr_1_tl_24" custom="readingOrder {index:23;}">
                <Coords points="2230,3040 2257,3052 2293,3043 2299,3052 2314,3037 2371,3040 2383,3028 2416,3043 2458,3037 2461,2929 2356,2929 2323,2953 2275,2953 2257,2971 2233,2962"/>
                <Baseline points="2247,3029 2292,3032 2337,3023 2382,3026 2426,3023 2465,3029"/>
                <TextEquiv>
                    <Unicode>Ort</Unicode>
                </TextEquiv>
            </TextLine>
            <TextLine id="tr_1_tl_25" custom="readingOrder {index:24;}">
                <Coords points="822,3163 1143,3172 1285,3142 1498,3169 1672,3142 1675,3064 825,3073"/>
                <Baseline points="838,3146 874,3146 919,3143 964,3146 1008,3143 1053,3143 1098,3140 1143,3137 1188,3134 1232,3134 1277,3131 1322,3128 1367,3128 1411,3128 1456,3125 1501,3125 1546,3122 1591,3119 1635,3119 1680,3113"/>
                <TextEquiv>
                    <Unicode>RæxRkakterxxx</Unicode>
                </TextEquiv>
            </TextLine>
            <TextLine id="tr_1_tl_26" custom="readingOrder {index:25;}">
                <Coords points="819,3343 3208,3211 3229,3109 825,3193"/>
                <Baseline points="838,3274 859,3277 904,3274 949,3271 994,3271 1038,3268 1083,3271 1128,3268 1173,3262 1217,3262 1262,3259 1307,3259 1352,3256 1397,3256 1441,3253 1486,3250 1531,3250 1576,3247 1620,3244 1665,3241 1710,3241 1755,3238 1800,3235 1844,3235 1889,3235 1934,3232 1979,3229 2023,3229 2068,3226 2113,3223 2158,3220 2202,3220 2247,3220 2292,3217 2337,3217 2382,3214 2426,3217 2471,3211 2516,3211 2561,3208 2605,3205 2650,3202 2695,3202 2740,3200 2785,3200 2829,3200 2874,3200 2919,3197 2964,3197 3008,3194 3053,3191 3098,3191 3143,3188 3188,3188 3232,3191"/>
                <TextEquiv>
                    <Unicode>Zack: Man könnte ihn beneiden um seine Laune.</Unicode>
                </TextEquiv>
            </TextLine>
            <TextLine id="tr_1_tl_27" custom="readingOrder {index:26;}">
                <Coords points="822,3523 2284,3400 2779,3466 3061,3424 3064,3286 828,3364"/>
                <Baseline points="841,3450 871,3450 916,3450 961,3450 1005,3450 1050,3450 1095,3450 1140,3444 1185,3441 1229,3438 1274,3438 1319,3435 1364,3435 1408,3429 1453,3426 1498,3426 1543,3423 1588,3423 1632,3420 1677,3420 1722,3417 1767,3417 1811,3414 1856,3411 1901,3408 1946,3408 1991,3408 2035,3405 2080,3405 2125,3402 2170,3402 2214,3400 2259,3397 2304,3397 2349,3397 2394,3394 2438,3391 2483,3388 2528,3385 2573,3382 2617,3382 2662,3379 2707,3376 2752,3376 2797,3376 2841,3373 2886,3373 2931,3370 2976,3367 3020,3367 3065,3364"/>
                <TextEquiv>
                    <Unicode>Rapp: Tun Sie das nicht,Zack. Bleiben Sie</Unicode>
                </TextEquiv>
            </TextLine>
            <TextLine id="tr_1_tl_28" custom="readingOrder {index:27;}">
                <Coords points="819,3644 3211,3586 3217,3400 825,3526"/>
                <Baseline points="838,3608 850,3608 895,3602 940,3600 985,3600 1029,3597 1074,3597 1119,3594 1164,3591 1208,3591 1253,3588 1298,3585 1343,3585 1388,3585 1432,3585 1477,3582 1522,3579 1567,3579 1611,3579 1656,3576 1701,3573 1746,3573 1791,3570 1835,3573 1880,3573 1925,3570 1970,3567 2014,3564 2059,3561 2104,3558 2149,3558 2194,3555 2238,3552 2283,3549 2328,3549 2373,3549 2417,3549 2462,3552 2507,3552 2552,3546 2597,3543 2641,3540 2686,3537 2731,3531 2776,3531 2820,3528 2865,3525 2910,3525 2955,3525 3000,3525 3044,3522 3089,3519 3134,3519 3179,3516 3223,3507"/>
                <TextEquiv>
                    <Unicode>lieber wie Sie sind, schwermütig,vornehm, und</Unicode>
                </TextEquiv>
            </TextLine>
            <TextLine id="tr_1_tl_29" custom="readingOrder {index:28;}">
                <Coords points="822,3737 885,3758 951,3719 1011,3740 1146,3719 1234,3761 1366,3713 1426,3743 1429,3605 1309,3605 1228,3638 1146,3617 1050,3656 825,3641"/>
                <Baseline points="838,3707 850,3713 895,3710 940,3710 985,3710 1029,3710 1074,3707 1119,3707 1164,3704 1208,3701 1253,3701 1298,3698 1343,3698 1388,3701 1432,3704"/>
                <TextEquiv>
                    <Unicode>beschränkt.</Unicode>
                </TextEquiv>
            </TextLine>
        </TextRegion>
    </Page>
</PcGts>
