3552 4104
2905 227 3090 344 222
802 396 3074 571 (Dies könnte sowohl im 1. als im 3.Akt der Fall
774 559 3093 746 gewesen sein und Lisa müsste ihm beigestimmt ha-
808 759 1124 906 ben).
756 881 2472 1075 Lisa: Der grosse Augenblick ist da.
759 1026 3062 1287 Anastasius Treuenhof(wird sichtbar) Was für ein
740 1216 1308 1382 Augenblick!
1410 1268 2058 1440 But up to the
731 1400 3179 1579 Lisa: Sei uns allen gegrüsst, Anastasius Treuenhof!
731 1529 3096 1695 Es soll eine Feier werden wie es noch keine gab.
725 1689 3194 1809 Wir wollen dich an deine letzte Ruhestätte beglei-
719 1846 3117 2024 ten - doch noch als Lebenden. (An einem wundervol
602 1959 3062 2135 len Frühlingsabend wollen wir dich begleiten auf
706 2147 3010 2343 eine Wiese am Waldesrand). wo du deinem Abschluss
458 2165 556 2356 r
691 2260 3056 2503 und deinem wahren Aufgang entgegengehst. (Auf die
685 2445 3062 2604 sser jämmerlichen Erde hast du nichts mehr zu su-
685 2595 946 2755 chen.
685 2709 1474 2921 sin Jünger: Oho!
657 2878 2964 3037 Lisa: Du wirst den Schirlingsbecher trinken,wie
660 3028 3010 3249 es Sokrates tat (wirst Abschied nehmen von deinen
645 3216 3007 3400 Freunden, von allen, die dich geliebt haben und in
642 3394 3044 3501 der Majestät deines Leidens und deiner Grösse das
630 3550 2875 3704 herrlichste Beispiel gebend wirst du in Schön-
