3448 4184
259 370 653 586 19.12.1927
2719 412 2905 595 147
731 592 3089 833 ((Diese Stelle vielleicht früher,wenn überhaupt,)
722 806 3137 1032 Fr. Flatterer: Man hört so viel von Ihrem verzauber
713 998 1832 1158 ten Schloss im Gebirge.
704 1140 1546 1305 Winkler: Schloss?
725 1269 3023 1471 Fr. Flatterer: Es sollen so merkwürdige Feste bei
2385 1350 2719 1456 nachts
722 1420 3029 1597 Ihnen stattfinden-in Ihrem Park - Mon-
713 1591 2496 1768 denschein-auch mit Nymphen und Elfen.
719 1729 3086 1889 Winkler:Ja, natürlich. Auch Hexen sind geladen. Die
710 1880 3047 2078 müssen in der Garderobe ihre Besenstiele abgeben
713 2033 3044 2226 und jede kriegt ihr Numero. Stellen Sie sich vor
758 2165 3050 2352 wenn einmal eine auf einem gefehlten Besenstiel
713 2319 2418 2559 davonreiten möchte - die Konfusion!
