3639 4362
2636 448 2819 637 228
753 655 2907 869 "inkler: Du hast ihn doch zuletzt gesprochen.
2612 805 2700 896 le
634 832 2996 1021 (Du musst doch wie sen) in welcher Stimmung du ihn
689 981 2959 1152 verlassen hast? (Um halb neun hätte er ja abrei-
673 1134 2941 1313 sen sollen.) Und) er ist fort vom Haus ohne
673 1307 2944 1451 seiner Mutter und seiner Schwester Adieu zu sa-
673 1505 859 1618 gen
677 1612 2856 1771 Ferdinand:Und auch van Jack ist verschwunden.
661 1752 3105 1926 Treuenhof: Aber Ihr seid alle verrückt.
640 1911 2755 2088 Duellieren werden sie sich nicht, jedesfalls
634 2051 2971 2222 nicht heute Abend, Dass Willi unter diesen Um-
628 2243 3032 2392 ständen keine Lust zum Abreisen gehabt hat ist ja
622 2395 2959 2532 am Ende kein Wunder. Umso weniger/- (zu Lisa) als
616 2514 2962 2709 er sich eingebildet hatte, dass du ihm nachkommen
616 2660 2935 2852 wirst. Erst durch Jack hat er erfahren, dass
603 2843 2542 3057 du nicht im Traum daran denkst (du Luder
600 3014 2892 3203 Winkler: (zu Treuenhof) er war verzweifelt saget
1859 3163 2569 3307 E.T. -  H nebenl
591 3191 774 3316 du?
582 3273 2874 3480 Treuenhof: Das ist doch kein Wunder. Ich war es
573 3428 987 3636 ja auch.
564 3608 1185 3791 Winkler: Du?
