3576 4120
2781 377 2967 622 174
943 551 2855 725 führung. Wir wären verloren du und ich,
946 710 3247 910 Willi: (Lass einen Brief zurück. Wir haben einen
931 896 1423 1084 Vorsprung.
919 1008 3138 1232 Lisa: Wer weiss. Heut Abend (schon) ist er da,
1273 1143 1682 1249 Huitschr.
910 1190 2401 1385 Willi: Du hast eine Nachricht?
896 1367 3049 1538 Lisa: Eben nicht. Darum vermute ich, dass er
1529 1455 1853 1550 kommt.
902 1523 3138 1697 schon heute xx xxxx xxx
896 1615 3161 1824 (Vielleicht mit dem Zug, der
339 1700 804 1939 Ihn weg
893 1818 3005 1950 um vier Uhr dreissig eintriftt. Ich ahne es
309 1894 754 2021 Sevent of
893 1962 3197 2136 beinah. Ich möchte vor ihm daheim sein. Nur für
321 1992 651 2127 sou
256 2068 840 2239 Hann est
887 2095 3138 2301 eine Minute bin ich da dir ein rasches, letztes
312 2177 784 2363 irgio Trimhof
415 2275 766 2419 Nauer
866 2295 3135 2457 Lebwohl sagen. In wenigen Tagen haben wir uns
206 2389 592 2513 E. L. F.
206 2463 716 2619 thins - 12
863 2460 3167 2560 ja wieder. Keine Torheit im letzten Augenblick.
1290 2531 1968 2643 Fz under Wiffert
230 2549 790 2702 umistenst them
851 2572 2292 2781 Willi: Er ist schon gekommen?
2675 2607 3173 2752 it oul pied
218 2646 748 2793 Herrn
2881 2705 3108 2790 n'est
247 2743 769 2881 blad de hav
851 2737 3020 2914 Lisa: Nein doch. (Aber um sechs ist er da. Es
218 2828 804 3014 mit dem Todes¬
846 2893 2684 3035 kam eine Depesche von ihm ans Bureau.
1226 2999 2949 3102 mitlut - meffiit?  Tivetelst de wieck
221 2999 766 3235 I if het getofft
834 3076 3203 3226 Willi: Umso besser. So bleib ich. Ich lasse dich
810 3200 3170 3403 nicht allein. Wir wollen zusammen mit ihm reden.
804 3329 2445 3500 Heute noch. In der ersten Stunde.
804 3503 3079 3665 Lisa: Dist du wahnsinnig geworden? Soll es mit
