3320 4120
594 408 2786 691 (Ein Herr, der an einem anderen Tische sass, kann
576 601 2867 853 früher vorbei, hat Lisa frech fixiert. Wie er es
591 747 3097 996 jetzt wieder tut und sogar stehen bleibt, erhebt sich
566 928 2916 1164 Ferdinand, geht zwei Schritte auf ihn zu, was auch
573 1068 2723 1335 den Andern auffällt. Plötzliches Schweigen).
573 1198 2879 1482 Der Herr: (als wäre nichts geschehen, sündet sich
588 1373 2935 1634 eine Zigarette an, lächelt und eben als Ferdinand
582 1534 2779 1805 ihn offenbar zur Rede stehen will, geht er auf
582 1724 1618 1942 seinen Platz zurück).
573 1793 2929 2116 Zack: (wird sich erst jetzt der ganzen Szene be-
588 1964 3069 2250 wusst, zu den noch stehenden und dem Herrn nachstar-
588 2120 3075 2409 renden Ferdinand) Was ist geschehen? Was hat dieser
582 2387 937 2537 Herr -?
579 2437 2873 2699 Ferdinand: Seien Sie unbesorgt, Herr van Jack, es
591 2624 2188 2829 wird nichts passieren. Ich wache.
582 2773 3019 3010 Zack: Ich denke wohl, wir sollten jetzt aufbrechen.
591 2901 2982 3147 (Nastasius Treuenhof und Winkler treten herzu und
591 3084 3000 3333 Treuenhof stellt die beiden Herrn (Zack und Wink-
585 3287 1534 3489 ler) einander vor).
585 3436 2054 3639 Rapp: (spricht mit Fr.Flatterer
601 3554 3019 3822 Willi: (zu Lisa), die jetzt gewissermassen für sich
