3592 4104
2773 364 2950 529 229.
2978 431 3247 590 on un
3131 535 3379 743 some
868 578 3076 728 Treuenhof: Es ist ja doch keine Kleinigkeit -
868 761 3140 896 da ist ein Mensch, der für einen gewissermassen
865 859 3097 1036 das Reinste, Edelste, Höchste repräsentiert hat
868 1030 3192 1217 einer, für den man die Hand ins Feuer gelegt hat
2788 1140 2999 1223 been
844 1177 3183 1358 und der steht vor einem plötzlich-da als Lügner,
853 1287 3268 1501 als Ehebrecher. (zu Lisa) Und du hast das auf dem
847 1538 1296 1672 Gewissen
835 1553 3009 1822 Lisa: Es ist ja vielleicht nichts geschehen.
2868 1752 3265 1871 Cantr
2611 1755 2843 1923 this
841 1770 2455 1960 Winkler: Das wollen wir hoffen.
2950 1841 3100 1951 Es
832 1926 3143 2143 Treuenhof: Was soll denn geschehen sein? Ueber
822 2128 3207 2296 seine eigenen Gemeinheiten und Niederträchtigkei-
822 2250 3058 2428 ten kommt man leicht hinweg. (Der Willi ist ja
822 2415 3125 2581 nicht das, was ich mir von ihm vorgestellt habe.
810 2562 3042 2755 Er ist nicht der Mensch, der an solchen Dingen
807 2730 3082 2929 zugrunde geht, er ist nicht der Mensch, der sich
807 2840 3262 3067 was antut. Ich hab
798 3042 3177 3235 mich auch nicht umgebracht, wie ich draufgekommen
798 3226 3229 3360 bin, dass ich auch nicht besser bin als die Andern.
789 3327 2740 3534 Lisa: Aber für mich, für mich
780 3452 3161 3712 Treuenhof: Aber bilde dir nichts ein. Nur an den
