3512 4184
1260 225 1365 381 G.H.P
2810 391 2972 524 205
765 559 2978 737 Schreibe mir aus Italien. Male was Schönes. -
1473 689 1902 803 Es schaffen
352 695 660 841 Etatue
778 714 3172 879 Im übrigen weisst au, wer deine Bilder bei Artaria
365 810 667 946 sluitged
778 864 3162 1057 gekauft hat? Du wirst lachen. Kein reicher Mazen.
772 1067 1324 1206 Dein Onkel.
718 1149 3270 1378 Es kam ihnen allen nur darauf an dich von hier fort
781 1394 1289 1572 zu haben.-
775 1473 3210 1705 Ich glaube nicht, dass der Hofrat einen besonderen
575 1572 657 1721 /
778 1638 2381 1838 Respekt vor deinem Talent hat.
2765 1667 3353 1832 Se eie Juin
772 1838 2626 1981 Also überzeuge sie eines Bessern,alle.
2610 1832 3219 2003 ein huis sich
765 1937 2867 2188 Komm als ein Mann zurück. (er geht)
775 2089 3213 2305 Willi: man könnte vielleicht beides verbinden -die
768 2296 2159 2511 Abreise und den Weg zu Zack.
