<?xml version="1.0" encoding="UTF-8" standalone="yes"?>
<PcGts xmlns="http://schema.primaresearch.org/PAGE/gts/pagecontent/2013-07-15" xmlns:xsi="http://www.w3.org/2001/XMLSchema-instance" xsi:schemaLocation="http://schema.primaresearch.org/PAGE/gts/pagecontent/2013-07-15 http://schema.primaresearch.org/PAGE/gts/pagecontent/2013-07-15/pagecontent.xsd">
    <Metadata>
        <Creator>prov=READ-COOP:name=TrHtr:version=2.1.0:model_id=51170:date=15_08_2023_00:56</Creator>
        <Created>2023-05-10T14:59:57.360+02:00</Created>
        <LastChange>2023-08-15T00:56:59.724+02:00</LastChange>
        <TranskribusMetadata docId="1428698" pageId="55428666" pageNr="83" tsid="132835484" status="IN_PROGRESS" userId="64420" imgUrl="https://files.transkribus.eu/Get?id=RXURCDNEMLSLZQEKXKJQYGZW&amp;fileType=view" xmlUrl="https://files.transkribus.eu/Get?id=HCQEXRYQDCRTKVZGAMJBFOMB" imageId="44702739"/>
    </Metadata>
    <Page imageFilename="1428698_0083.jpg" imageWidth="3624" imageHeight="4136">
        <ReadingOrder>
            <OrderedGroup id="ro_1711807818122" caption="Regions reading order">
                <RegionRefIndexed index="0" regionRef="tr_1"/>
                <RegionRefIndexed index="1" regionRef="tr_2"/>
            </OrderedGroup>
        </ReadingOrder>
        <TextRegion id="tr_1" custom="readingOrder {index:0;}">
            <Coords points="393,376 3342,376 3342,1743 393,1743"/>
            <TextLine id="tr_1_tl_1" custom="readingOrder {index:0;}">
                <Coords points="2923,441 2939,441 2952,454 2977,447 3011,476 3030,466 3049,469 3059,312 3043,309 3011,318 2964,353 2930,343"/>
                <Baseline points="2942,432 2972,432 3016,429 3061,426"/>
                <TextEquiv>
                    <Unicode>90</Unicode>
                </TextEquiv>
            </TextLine>
            <TextLine id="tr_1_tl_2" custom="readingOrder {index:1;}">
                <Coords points="810,621 3159,605 3159,510 2933,482 813,529"/>
                <Baseline points="829,611 838,614 883,614 928,611 972,611 1017,611 1062,611 1107,611 1151,611 1196,611 1241,614 1286,611 1330,611 1375,611 1420,611 1465,611 1509,611 1554,608 1599,608 1644,605 1689,605 1733,605 1778,602 1823,602 1868,605 1912,602 1957,602 2002,605 2047,602 2091,605 2136,602 2181,599 2226,599 2270,599 2315,599 2360,599 2405,596 2449,596 2494,596 2539,593 2584,593 2629,593 2673,590 2718,590 2763,590 2808,590 2852,587 2897,587 2942,587 2987,587 3031,587 3076,587 3121,587 3166,587"/>
                <TextEquiv>
                    <Unicode>Hofrat Rudolf Winkler kommt,Bruder der Frau</Unicode>
                </TextEquiv>
            </TextLine>
            <TextLine id="tr_1_tl_3" custom="readingOrder {index:2;}">
                <Coords points="825,879 3188,828 3188,696 825,702"/>
                <Baseline points="844,769 889,769 934,769 978,769 1023,772 1068,772 1113,775 1157,778 1202,790 1247,796 1292,799 1336,799 1381,802 1426,802 1471,802 1515,799 1560,799 1605,796 1650,799 1694,799 1739,796 1784,799 1829,802 1874,802 1918,799 1963,799 2008,796 2053,796 2097,796 2142,796 2187,793 2232,790 2276,790 2321,787 2366,787 2411,790 2455,787 2500,790 2545,787 2590,784 2634,784 2679,787 2724,784 2769,781 2814,781 2858,781 2903,781 2948,778 2993,781 3037,778 3082,781 3127,778 3172,781 3196,781"/>
                <TextEquiv>
                    <Unicode>Langer noch nicht 50, noch jünger aussehend,</Unicode>
                </TextEquiv>
            </TextLine>
            <TextLine id="tr_1_tl_4" custom="readingOrder {index:3;}">
                <Coords points="816,1002 3178,939 3178,825 3018,800 819,882"/>
                <Baseline points="832,975 856,969 901,960 945,963 990,963 1035,960 1080,963 1125,960 1169,960 1214,963 1259,960 1304,960 1348,957 1393,960 1438,957 1483,957 1527,954 1572,954 1617,951 1662,951 1706,951 1751,951 1796,945 1841,948 1885,948 1930,951 1975,951 2020,951 2065,948 2109,951 2154,948 2199,948 2244,948 2288,945 2333,945 2378,942 2423,945 2467,945 2512,942 2557,942 2602,940 2646,937 2691,940 2736,940 2781,940 2825,937 2870,937 2915,934 2960,934 3005,931 3049,931 3094,931 3139,925 3184,928"/>
                <TextEquiv>
                    <Unicode>ganz kurzes, -twas gesträubtes Haar, etwas sa-</Unicode>
                </TextEquiv>
            </TextLine>
            <TextLine id="tr_1_tl_5" custom="readingOrder {index:4;}">
                <Coords points="378,999 406,1005 416,995 428,1002 447,995 472,1017 498,1014 510,1024 517,1017 539,1024 551,1011 573,1014 573,866 545,869 532,882 495,876 469,898 441,888 378,888"/>
                <Baseline points="396,969 402,966 447,966 492,966 537,966 581,966"/>
                <TextEquiv>
                    <Unicode>Hans</Unicode>
                </TextEquiv>
            </TextLine>
            <TextLine id="tr_1_tl_6" custom="readingOrder {index:5;}">
                <Coords points="813,1137 3103,1118 3106,951 813,1049"/>
                <Baseline points="829,1119 874,1119 919,1119 963,1119 1008,1119 1053,1119 1098,1116 1142,1116 1187,1113 1232,1113 1277,1113 1321,1110 1366,1110 1411,1110 1456,1107 1501,1107 1545,1107 1590,1104 1635,1107 1680,1104 1724,1107 1769,1107 1814,1107 1859,1107 1903,1107 1948,1104 1993,1104 2038,1104 2082,1101 2127,1101 2172,1101 2217,1101 2261,1101 2306,1101 2351,1098 2396,1098 2441,1095 2485,1095 2530,1095 2575,1095 2620,1092 2664,1092 2709,1092 2754,1089 2799,1092 2843,1092 2888,1089 2933,1089 2978,1086 3022,1086 3067,1083 3112,1080"/>
                <TextEquiv>
                    <Unicode>lopp, aber von einem guten Schneider angezo</Unicode>
                </TextEquiv>
            </TextLine>
            <TextLine id="tr_1_tl_7" custom="readingOrder {index:6;}">
                <Coords points="375,1140 419,1125 432,1134 469,1131 495,1140 501,1150 513,1143 545,1150 551,1024 529,1024 523,1014 507,1024 495,1014 472,1021 460,1005 438,1011 416,995 397,1008 381,1008"/>
                <Baseline points="393,1116 414,1110 459,1104 504,1101 549,1107"/>
                <TextEquiv>
                    <Unicode>Ah</Unicode>
                </TextEquiv>
            </TextLine>
            <TextLine id="tr_1_tl_8" custom="readingOrder {index:7;}">
                <Coords points="806,1310 3147,1263 3147,1178 2860,1166 810,1203"/>
                <Baseline points="823,1280 826,1280 871,1271 916,1271 960,1271 1005,1271 1050,1271 1095,1271 1139,1268 1184,1268 1229,1268 1274,1265 1318,1268 1363,1265 1408,1262 1453,1262 1498,1262 1542,1262 1587,1262 1632,1259 1677,1259 1721,1259 1766,1259 1811,1259 1856,1259 1900,1259 1945,1259 1990,1259 2035,1259 2079,1256 2124,1253 2169,1253 2214,1253 2258,1253 2303,1253 2348,1253 2393,1253 2438,1253 2482,1256 2527,1256 2572,1253 2617,1250 2661,1250 2706,1247 2751,1247 2796,1250 2840,1250 2885,1247 2930,1244 2975,1244 3019,1241 3064,1238 3109,1235 3154,1229"/>
                <TextEquiv>
                    <Unicode>gen, raach, manchmal etwas hastig,kleine,unru¬</Unicode>
                </TextEquiv>
            </TextLine>
            <TextLine id="tr_1_tl_9" custom="readingOrder {index:8;}">
                <Coords points="806,1449 1893,1418 2570,1547 2816,1418 3333,1367 3336,1232 2904,1351 810,1310"/>
                <Baseline points="823,1426 835,1426 880,1423 925,1423 969,1423 1014,1420 1059,1423 1104,1423 1148,1423 1193,1423 1238,1423 1283,1423 1327,1423 1372,1420 1417,1420 1462,1417 1506,1417 1551,1417 1596,1417 1641,1417 1686,1414 1730,1417 1775,1414 1820,1414 1865,1417 1909,1417 1954,1417 1999,1417 2044,1414 2088,1411 2133,1408 2178,1405 2223,1405 2267,1405 2312,1405 2357,1408 2402,1408 2446,1408 2491,1405 2536,1405 2581,1405 2626,1402 2670,1402 2715,1399 2760,1396 2805,1396 2849,1393 2894,1393 2939,1387 2984,1384 3028,1381 3073,1372 3118,1369 3163,1363 3207,1354 3252,1351 3297,1342 3342,1342"/>
                <TextEquiv>
                    <Unicode>hige, aber manchmal blitzende Augen.) in wisse Abt</Unicode>
                </TextEquiv>
            </TextLine>
            <TextLine id="tr_1_tl_10" custom="readingOrder {index:9;}">
                <Coords points="794,1641 1065,1647 1147,1616 1232,1654 1285,1613 1484,1610 1503,1496 794,1503"/>
                <Baseline points="811,1578 838,1578 883,1578 928,1578 972,1578 1017,1578 1062,1578 1107,1578 1151,1575 1196,1572 1241,1569 1286,1575 1330,1572 1375,1572 1420,1572 1465,1572 1509,1575"/>
                <TextEquiv>
                    <Unicode>Mutter,Borta.</Unicode>
                </TextEquiv>
            </TextLine>
            <TextLine id="tr_1_tl_11" custom="readingOrder {index:10;}">
                <Coords points="794,1811 1547,1726 3024,1729 2977,1616 797,1651"/>
                <Baseline points="814,1730 838,1733 883,1733 928,1733 972,1730 1017,1730 1062,1727 1107,1727 1151,1727 1196,1727 1241,1727 1286,1727 1330,1724 1375,1724 1420,1724 1465,1721 1509,1721 1554,1721 1599,1721 1644,1721 1689,1721 1733,1721 1778,1721 1823,1721 1868,1718 1912,1718 1957,1718 2002,1718 2047,1715 2091,1715 2136,1712 2181,1715 2226,1712 2270,1712 2315,1709 2360,1709 2405,1709 2449,1709 2494,1712 2539,1709 2584,1709 2629,1709 2673,1706 2718,1706 2763,1709 2808,1706 2852,1703 2897,1706 2942,1706 2987,1706 3031,1706"/>
                <TextEquiv>
                    <Unicode>Winkler: Habe die Ehre. Wie befinden sich</Unicode>
                </TextEquiv>
            </TextLine>
        </TextRegion>
        <TextRegion id="tr_2" custom="readingOrder {index:1;}">
            <Coords points="749,1800 3166,1800 3166,3605 749,3605"/>
            <TextLine id="tr_2_tl_1" custom="readingOrder {index:0;}">
                <Coords points="788,1922 2381,1868 2923,1944 2948,1777 791,1805"/>
                <Baseline points="805,1888 850,1885 895,1882 940,1882 984,1880 1029,1877 1074,1877 1119,1880 1163,1880 1208,1880 1253,1880 1298,1882 1342,1880 1387,1880 1432,1880 1477,1880 1521,1880 1566,1880 1611,1880 1656,1880 1700,1877 1745,1877 1790,1877 1835,1877 1880,1880 1924,1877 1969,1877 2014,1871 2059,1871 2103,1871 2148,1871 2193,1868 2238,1865 2282,1865 2327,1868 2372,1868 2417,1865 2461,1865 2506,1865 2551,1865 2596,1865 2640,1865 2685,1862 2730,1862 2775,1859 2820,1856 2864,1856 2909,1850 2954,1850"/>
                <TextEquiv>
                    <Unicode>die namen? (zu Berta) (Du hast ja) ein er-</Unicode>
                </TextEquiv>
            </TextLine>
            <TextLine id="tr_2_tl_2" custom="readingOrder {index:1;}">
                <Coords points="769,2076 2536,2032 2536,1959 2444,1934 989,1984 772,1915"/>
                <Baseline points="790,2035 799,2038 844,2041 889,2038 934,2038 978,2038 1023,2038 1068,2035 1113,2035 1157,2032 1202,2032 1247,2032 1292,2035 1336,2032 1381,2035 1426,2035 1471,2035 1515,2032 1560,2032 1605,2029 1650,2032 1694,2029 1739,2029 1784,2029 1829,2029 1874,2029 1918,2029 1963,2029 2008,2029 2053,2023 2097,2023 2142,2023 2187,2023 2232,2023 2276,2020 2321,2023 2366,2023 2411,2020 2455,2020 2500,2017 2545,2017"/>
                <TextEquiv>
                    <Unicode>frorones Nasenspitzol</Unicode>
                </TextEquiv>
            </TextLine>
            <TextLine id="tr_2_tl_3" custom="readingOrder {index:2;}">
                <Coords points="765,2202 3106,2205 3141,2063 765,2085"/>
                <Baseline points="784,2184 817,2187 862,2190 907,2190 951,2190 996,2190 1041,2193 1086,2190 1130,2193 1175,2187 1220,2187 1265,2187 1310,2184 1354,2181 1399,2181 1444,2184 1489,2184 1533,2184 1578,2184 1623,2184 1668,2181 1712,2181 1757,2184 1802,2181 1847,2178 1891,2181 1936,2181 1981,2181 2026,2181 2070,2178 2115,2178 2160,2178 2205,2175 2250,2181 2294,2181 2339,2178 2384,2178 2429,2175 2473,2175 2518,2175 2563,2175 2608,2175 2652,2172 2697,2172 2742,2172 2787,2175 2831,2172 2876,2169 2921,2169 2966,2166 3010,2163 3055,2163 3100,2160 3145,2163"/>
                <TextEquiv>
                    <Unicode>perta: Das hast du im vorigen Jahr auch be-</Unicode>
                </TextEquiv>
            </TextLine>
            <TextLine id="tr_2_tl_4" custom="readingOrder {index:3;}">
                <Coords points="1200,2271 1358,2274 1405,2249 1553,2281 1641,2252 1827,2252 1830,2192 1613,2186 1544,2221 1509,2196 1317,2218 1282,2189 1203,2189"/>
                <Baseline points="1217,2258 1250,2258 1295,2256 1339,2253 1384,2250 1429,2250 1474,2250 1518,2250 1563,2250 1608,2250 1653,2250 1697,2244 1742,2241 1787,2241 1832,2244"/>
                <TextEquiv>
                    <Unicode>I am at whereupt nicht</Unicode>
                </TextEquiv>
            </TextLine>
            <TextLine id="tr_2_tl_5" custom="readingOrder {index:4;}">
                <Coords points="762,2366 1490,2413 1591,2356 1761,2407 2640,2353 2640,2265 2520,2227 1143,2315 762,2262"/>
                <Baseline points="781,2351 814,2351 859,2351 904,2348 948,2348 993,2348 1038,2348 1083,2351 1128,2351 1172,2348 1217,2351 1262,2348 1307,2345 1351,2345 1396,2345 1441,2345 1486,2345 1530,2348 1575,2345 1620,2345 1665,2342 1709,2339 1754,2339 1799,2342 1844,2342 1888,2339 1933,2336 1978,2339 2023,2336 2068,2336 2112,2333 2157,2333 2202,2333 2247,2330 2291,2333 2336,2330 2381,2330 2426,2330 2470,2330 2515,2330 2560,2330 2605,2330 2649,2324"/>
                <TextEquiv>
                    <Unicode>merkt. Aber es ist gar nicht wahr.</Unicode>
                </TextEquiv>
            </TextLine>
            <TextLine id="tr_2_tl_6" custom="readingOrder {index:5;}">
                <Coords points="756,2511 3081,2555 3106,2372 756,2435"/>
                <Baseline points="772,2506 784,2509 829,2506 874,2506 919,2506 963,2506 1008,2503 1053,2506 1098,2506 1142,2506 1187,2506 1232,2503 1277,2503 1321,2500 1366,2500 1411,2500 1456,2500 1501,2500 1545,2497 1590,2497 1635,2494 1680,2494 1724,2494 1769,2494 1814,2494 1859,2494 1903,2491 1948,2488 1993,2488 2038,2488 2082,2485 2127,2485 2172,2485 2217,2488 2261,2488 2306,2488 2351,2488 2396,2488 2441,2485 2485,2485 2530,2485 2575,2482 2620,2485 2664,2485 2709,2482 2754,2479 2799,2482 2843,2482 2888,2479 2933,2479 2978,2476 3022,2476 3067,2476 3112,2476"/>
                <TextEquiv>
                    <Unicode>Mutter: Also, hast du was ausgerichtet,Rudi?</Unicode>
                </TextEquiv>
            </TextLine>
            <TextLine id="tr_2_tl_7" custom="readingOrder {index:6;}">
                <Coords points="1896,2561 1915,2561 1934,2577 1978,2564 2022,2592 2060,2564 2079,2577 2101,2567 2139,2583 2161,2561 2177,2561 2177,2501 2148,2511 2117,2492 2013,2501 1991,2523 1950,2501 1896,2511"/>
                <Baseline points="1915,2560 1960,2560 2005,2557 2050,2557 2094,2560 2139,2560 2181,2563"/>
                <TextEquiv>
                    <Unicode>Nupen</Unicode>
                </TextEquiv>
            </TextLine>
            <TextLine id="tr_2_tl_8" custom="readingOrder {index:7;}">
                <Coords points="765,2690 2003,2659 2158,2725 3068,2655 3096,2555 2019,2592 1550,2504 1254,2614 769,2580"/>
                <Baseline points="784,2661 817,2658 862,2658 907,2658 951,2658 996,2658 1041,2658 1086,2658 1130,2658 1175,2658 1220,2661 1265,2658 1310,2655 1354,2655 1399,2655 1444,2655 1489,2655 1533,2652 1578,2652 1623,2649 1668,2649 1712,2649 1757,2649 1802,2652 1847,2649 1891,2646 1936,2646 1981,2646 2026,2646 2070,2646 2115,2646 2160,2640 2205,2640 2250,2643 2294,2643 2339,2640 2384,2640 2429,2637 2473,2637 2518,2637 2563,2637 2608,2634 2652,2634 2697,2634 2742,2634 2787,2634 2831,2634 2876,2634 2921,2632 2966,2632 3010,2632 3055,2632 3100,2632"/>
                <TextEquiv>
                    <Unicode>Winkler: Also (um ein wenig Geduld möcht ich</Unicode>
                </TextEquiv>
            </TextLine>
            <TextLine id="tr_2_tl_9" custom="readingOrder {index:8;}">
                <Coords points="775,2835 3071,2822 3159,2728 778,2722"/>
                <Baseline points="793,2811 838,2817 883,2817 928,2814 972,2814 1017,2814 1062,2811 1107,2811 1151,2811 1196,2811 1241,2811 1286,2811 1330,2808 1375,2808 1420,2808 1465,2808 1509,2808 1554,2808 1599,2808 1644,2811 1689,2811 1733,2805 1778,2808 1823,2808 1868,2808 1912,2805 1957,2805 2002,2802 2047,2802 2091,2802 2136,2802 2181,2802 2226,2799 2270,2799 2315,2799 2360,2796 2405,2796 2449,2796 2494,2796 2539,2796 2584,2796 2629,2799 2673,2796 2718,2793 2763,2793 2808,2793 2852,2793 2897,2793 2942,2790 2987,2790 3031,2790 3076,2787 3121,2787 3166,2784"/>
                <TextEquiv>
                    <Unicode>orgebenst bitten.) (er zündet sich eine zigar-</Unicode>
                </TextEquiv>
            </TextLine>
            <TextLine id="tr_2_tl_10" custom="readingOrder {index:9;}">
                <Coords points="759,3033 2819,2948 3015,3027 3037,2892 762,2863"/>
                <Baseline points="775,2972 805,2975 850,2975 895,2975 940,2972 984,2972 1029,2972 1074,2972 1119,2969 1163,2969 1208,2972 1253,2969 1298,2969 1342,2969 1387,2966 1432,2966 1477,2963 1521,2963 1566,2963 1611,2963 1656,2963 1700,2963 1745,2966 1790,2963 1835,2963 1880,2963 1924,2960 1969,2960 2014,2960 2059,2960 2103,2960 2148,2957 2193,2957 2238,2954 2282,2954 2327,2954 2372,2954 2417,2954 2461,2951 2506,2951 2551,2951 2596,2948 2640,2948 2685,2948 2730,2951 2775,2948 2820,2948 2864,2948 2909,2948 2954,2948 2999,2945 3043,2945"/>
                <TextEquiv>
                    <Unicode>ra an) Es hat sich nämlich herausgestellt,</Unicode>
                </TextEquiv>
            </TextLine>
            <TextLine id="tr_2_tl_11" custom="readingOrder {index:10;}">
                <Coords points="750,3150 2885,3150 2983,3118 2983,3015 750,3043"/>
                <Baseline points="766,3130 793,3127 838,3127 883,3127 928,3124 972,3124 1017,3124 1062,3121 1107,3121 1151,3124 1196,3121 1241,3121 1286,3121 1330,3121 1375,3121 1420,3121 1465,3118 1509,3118 1554,3118 1599,3118 1644,3121 1689,3121 1733,3118 1778,3118 1823,3118 1868,3121 1912,3118 1957,3118 2002,3115 2047,3115 2091,3112 2136,3112 2181,3112 2226,3112 2270,3109 2315,3109 2360,3109 2405,3109 2449,3106 2494,3106 2539,3106 2584,3106 2629,3103 2673,3106 2718,3103 2763,3103 2808,3100 2852,3100 2897,3100 2942,3100 2987,3097"/>
                <TextEquiv>
                    <Unicode>dass das Stückerl Grund,das direkt an den</Unicode>
                </TextEquiv>
            </TextLine>
            <TextLine id="tr_2_tl_12" custom="readingOrder {index:11;}">
                <Coords points="743,3323 3052,3320 3156,3182 747,3185"/>
                <Baseline points="760,3297 787,3297 832,3291 877,3288 922,3285 966,3279 1011,3276 1056,3279 1101,3276 1145,3276 1190,3276 1235,3276 1280,3276 1324,3276 1369,3273 1414,3273 1459,3270 1504,3270 1548,3270 1593,3270 1638,3270 1683,3267 1727,3270 1772,3267 1817,3267 1862,3267 1906,3267 1951,3267 1996,3267 2041,3267 2085,3267 2130,3264 2175,3264 2220,3264 2264,3264 2309,3261 2354,3261 2399,3261 2444,3258 2488,3258 2533,3255 2578,3258 2623,3255 2667,3255 2712,3255 2757,3255 2802,3255 2846,3255 2891,3255 2936,3255 2981,3255 3025,3255 3070,3255 3115,3252 3160,3252"/>
                <TextEquiv>
                    <Unicode>gräflichen pesitz stösst, nicht wie man glau-</Unicode>
                </TextEquiv>
            </TextLine>
            <TextLine id="tr_2_tl_13" custom="readingOrder {index:12;}">
                <Coords points="743,3462 3081,3449 3081,3336 2196,3282 1710,3370 743,3352"/>
                <Baseline points="760,3440 805,3437 850,3434 895,3434 940,3434 984,3431 1029,3431 1074,3431 1119,3431 1163,3431 1208,3431 1253,3428 1298,3425 1342,3425 1387,3425 1432,3425 1477,3425 1521,3422 1566,3422 1611,3422 1656,3422 1700,3422 1745,3422 1790,3422 1835,3422 1880,3422 1924,3419 1969,3419 2014,3416 2059,3416 2103,3416 2148,3416 2193,3416 2238,3416 2282,3413 2327,3413 2372,3410 2417,3410 2461,3410 2506,3407 2551,3407 2596,3407 2640,3407 2685,3407 2730,3410 2775,3410 2820,3410 2864,3410 2909,3413 2954,3407 2999,3404 3043,3401 3088,3401"/>
                <TextEquiv>
                    <Unicode>ben sollte der Gemeinde oder dem Grafen ge-</Unicode>
                </TextEquiv>
            </TextLine>
            <TextLine id="tr_2_tl_14" custom="readingOrder {index:13;}">
                <Coords points="728,3689 2750,3714 2778,3468 731,3503"/>
                <Baseline points="749,3595 772,3595 817,3589 862,3589 907,3592 951,3589 996,3589 1041,3589 1086,3589 1130,3589 1175,3586 1220,3586 1265,3583 1310,3583 1354,3583 1399,3580 1444,3580 1489,3580 1533,3580 1578,3580 1623,3577 1668,3577 1712,3577 1757,3577 1802,3577 1847,3577 1891,3577 1936,3574 1981,3577 2026,3574 2070,3574 2115,3574 2160,3572 2205,3569 2250,3569 2294,3569 2339,3569 2384,3566 2429,3566 2473,3566 2518,3566 2563,3566 2608,3566 2652,3569 2697,3572 2742,3569 2787,3574"/>
                <TextEquiv>
                    <Unicode>hört, sondern dem Stift Klosterneuburg.</Unicode>
                </TextEquiv>
            </TextLine>
        </TextRegion>
    </Page>
</PcGts>
