3523 4120
2746 252 2939 463 119
814 445 3153 749 Betta: Und Ihre Krawatte, Trauenhof! (zu ihm
817 706 1054 823 hin)
823 720 3100 1030 Treuenhof: Ja, die soll zweimal um den Hals
828 890 3179 1171 geschlungen werden.Schon von eijem Mal krieg
828 1063 2386 1273 ich Neuralgien bis ins Kreuz.
823 1221 2655 1493 Berta: Ich werde sie Ihnen binden.
861 1393 2070 1590 Treuenhof: Danke schön.
846 1528 2889 1789 Winkler: Also Neuralgin hast du auch?
837 1710 2828 1953 Treuenhof: Was hab ich nicht,Winkler?
2348 1871 3261 2011 I heb des, en neulait jus
828 1862 1862 2120 Geld - sonst alles.
486 1938 741 2067 Mike
831 1976 3012 2228 winkler: Ich wüsste eine Kur für dich. Ver-
843 2134 2963 2383 lasse für einige Zeit das Café, Lafferl",
834 2307 3004 2515 zieh aufs Land, wo keine Jünger und keine
840 2456 3056 2723 Jüngerinnen blühn,leg dich ins Gras,schau
843 2605 2977 2813 in die Luft und halt ’s Maull Das wär be-
849 2837 1651 3007 sonders gesund.
867 2884 3062 3191 Treuenhof: Aufs Land - ich, wie stellst du
840 3036 2878 3331 dir das vor? Woher soll ich die Enerste
843 3203 3068 3495 für eine peise aufbringen. Um möh in der
843 3390 3121 3574 prüh von meinem Bett bis zum Doucheapparat
