3608 4088
665 116 792 321 17
803 225 938 496 P.
2764 344 2964 462 219
363 425 685 597 18.4.29
978 516 3161 783 Gleissner: Nicht so sehr als du glaubst. Die-
972 724 3150 896 ses Geständnis war ein Beweis für ihre seeli
966 865 3223 1048 sche Reinigung durch mich. Die kleinste Unwahr
966 1037 2778 1226 heit gegen mich drückte ihr Gewissen.
2863 1110 3173 1231 Wochen
978 1206 3167 1347 Dagegen habe ich eine Andere, vor wenigen noch
3189 1133 3299 1369 e
964 1338 3088 1530 das süsseste und unschuldigste Geschöpf die
964 1499 3085 1651 ser Erde, gründlich verdorben. Sie hat sich
964 1657 2437 1845 mit Ferdinand Neumann verlobt.
964 1809 3212 1992 Treuenhof: Auf meinen Rat. Du bedeutest nicht
949 1936 3215 2130 mehr für sie, als für den unreifen Gymnasiasten
952 2144 1744 2319 die erste Pirne.
986 2403 3074 2598 (Möglich, dass Gleissner, die Versammlung auf
2246 2527 2440 2640 Nun
947 2555 3057 2770 kurze Zeit verlassend, zu ihnen tritt und es
938 2730 3144 2919 zu einer kurzen Szene zwischen ihm und Gleiss
938 2899 1479 3088 ner kommt).
955 3156 3071 3404 (Gleissner, der sich dann an den Tisch setzt,
935 3350 3173 3556 während Ferdinand Neumann dem Anastasius Treu-
941 3550 3198 3728 enhof nahelegt, der Sitzung nicht beizuwehnen).
