3528 4088
1488 135 1694 322 G.M.
1977 132 2083 309 me
2702 357 2875 515 125
650 496 2966 667 auch vielleicht besser - Wann wird es denn - (er
650 644 3091 873 spricht das "endlich" nicht aus, aber man spürt es
644 828 1243 976 fertig sein?
679 940 3143 1127 Lisa: Höchstens noch drei oder vier Sitzungen. Nun
625 1140 2943 1265 haben wir uns doch entschieden, dass ich die Boa
621 1285 3204 1420 zwischen den Fingern meiner linken Hand halte. Siehst
605 1439 2859 1571 du, so. Ich glaube, es wird dir sehr gut gefallen.
589 1578 1240 1748 Zack: Gewiss.
605 1726 3004 1955 (Die Türeöffnet sich, Gleissner mit Albine treteh
583 1890 844 2064 ein.)
570 2038 1697 2222 Lisa: Da ist Gleissner.
557 2164 2328 2418 Zack: (erstaunt) Mit - dieser Person?
547 2344 1288 2537 Lisa: Verzeihe.
538 2521 1971 2692 Zack: Du hast sie eingeladen?
2589 2528 3140 2731 in der Erlaubung
551 2692 3049 2853 Lisa: Aber Gleissner hat mich neulich gefragt
528 2821 2837 3043 ob ich ihm erlaube, dass er sie mitbringt. Es war
811 2937 1037 3046 Esqors
1262 2933 1533 3036 - child
528 3030 2830 3143 so schwer - ( und ich dachte da er doch jetzt mit
512 3159 2908 3291 ihr zusammen lebt - ich wollte dir's heute Mittag
499 3310 3082 3462 sagen, aber du bist so plötzlich vom Tisch aufgestan-
493 3458 744 3594 den -
483 3561 2998 3796 Zack: Nun ja, was liegt daran. Sie ist wahrscheinlich
464 3755 1707 3916 die Schlimmete von den p.
