3517 4136
804 302 1441 518 Nachdem St. M.
1875 325 2715 547 well in it - out
3026 389 3203 527 227
801 569 3181 804 Nachmittag bei ihm gewesenst Kast du keine Ahnung
357 624 720 862 to
318 791 682 939 reem
791 778 3219 987 Lisa: (Und auch mein Mann war oben) Ja, um Himmels-
309 901 698 1055 Aar fait
782 939 3271 1077 willen, was ist denn geschehen? Und beide verschwun¬
306 1042 640 1196 no un
775 1074 1003 1235 den?
762 1187 3094 1422 Winkler: (zu Treuenhof) Treuehof,du hast ihn zu
762 1428 1473 1589 letzt gesehen.
306 1422 711 1586 Er heraft
273 1557 669 1782 entgelegt
756 1573 3139 1746 Lisa: (zu Treuenhof) Was hat dir denn Jack gesagt:
2660 1663 3017 1743 She is no
756 1721 3046 1898 Treuenhof: (Nichts, überhaupt nichts), er hat dein
753 1872 3043 2004 Bild oben besichtigt. Ich hatte überhaupt keine
740 2001 3052 2171 Ahnung, dass er was weiss. Das hab ich erst oben
334 2139 447 2325 n
720 2174 2197 2364 von Willi erfahren, im Atelier.
2708 2145 2924 2386 Mr
724 2312 3255 2496 Lisa: Und Zach und eben früher
1644 2444 2448 2538 ten wir uyt, chef fo
711 2444 3174 2641 sagtest du, dass du mir das Leben gerettet hättest-
714 2618 3191 2808 Treuenhof: Willi hat dich umbringen wollen. Den hab
241 2641 650 2853 hrf. tg.
264 2808 627 2949 71 a 7 jn
704 2785 3197 2953 ich in wahrer Verzweiflung vorgefunden. (Er hat sich
257 2907 534 3049 in your
691 2962 3277 3100 offenbar erst (im Gespräch mit deinem Gatten verraten.
261 3017 499 3142 E. ne
685 3104 2795 3303 Winkler: Die Sache wird immer rätselhafter.
666 3239 1943 3477 Lisa: Wo bleibt van Jack?
669 3409 1843 3551 Winkler: Wo ist Willi? -
679 3519 2628 3747 Treuenhof: Wie soll ich denn das wissen?
