3592 4232
2868 453 3066 620 200
943 608 3345 772 weil sie wissen, was Wahrheit ist. Frauen sündigen
940 754 3342 894 nie, nur Männer, weil sie ein Gewissen haben. Weiber
2707 815 2956 934 Seration
937 885 3272 1052 sind niemals feig, nur Männer, weil sie verstehen,
940 1016 3160 1183 was der Tod ist. Lügner in der Sache bist nur
943 1198 3306 1384 du. Du häteest sie überhaupt nicht empfangen dür-
928 1362 1989 1530 fen oder wegschicken.
931 1481 3303 1673 Willi: Wir wollten nur eine Nacht glücklich sein.
1715 1606 2573 1700 My in olle or  had pate
925 1645 2999 1807 dann sterben immer wieder,noch gestern,ich
1630 1673 3361 1864 Sie hat nicht auf ihres Schütels; - erst geben. -
928 1822 1502 2016 schwöre dir.
918 1956 3218 2138 Treuenhof: Infamer Egoist. Mit ihr in den Tod -
912 2123 3269 2275 warum? (Was gingen sie deine moralischen Bedenken
909 2260 3132 2494 an? Sie ist dazu da zu leben und glücklich zu
903 2430 3275 2622 machen, auch Andere als dich und Andere  als ihren
909 2585 3351 2853 idiotischen Gatten. Hatte sie jemals das geringste
1074 2783 1381 2926 Orle.
906 2880 3114 3066 Bedürfnis in den Tod zu gehen? Mit wem immer?
894 3008 3251 3193 Wird sie es je haben? Nie. Sie befinaet sich auf
897 3129 3111 3409 Erden sehr wohl. Sie gehört auf die Erde.
1971 3297 2628 3397 alle mit erfüllt
894 3373 3169 3513 Es wäre eine Inismie ohnegleichen ge-
1253 3455 1737 3567 Nordre
885 3473 3108 3653 wesen, wenn du sie mit dir in den Tod genommen
