<?xml version="1.0" encoding="UTF-8" standalone="yes"?>
<PcGts xmlns="http://schema.primaresearch.org/PAGE/gts/pagecontent/2013-07-15" xmlns:xsi="http://www.w3.org/2001/XMLSchema-instance" xsi:schemaLocation="http://schema.primaresearch.org/PAGE/gts/pagecontent/2013-07-15 http://schema.primaresearch.org/PAGE/gts/pagecontent/2013-07-15/pagecontent.xsd">
    <Metadata>
        <Creator>prov=READ-COOP:name=TrHtr:version=2.1.0:model_id=51170:date=15_08_2023_00:57</Creator>
        <Created>2023-05-10T15:00:08.869+02:00</Created>
        <LastChange>2023-08-15T00:57:24.107+02:00</LastChange>
        <TranskribusMetadata docId="1428698" pageId="55429113" pageNr="151" tsid="132835553" status="IN_PROGRESS" userId="64420" imgUrl="https://files.transkribus.eu/Get?id=NSNHMWOSMFECOLUEPJOYDYFX&amp;fileType=view" xmlUrl="https://files.transkribus.eu/Get?id=ZUMDSCMYXEQXJRSQVORVTCWO" imageId="44703186"/>
    </Metadata>
    <Page imageFilename="1428698_0151.jpg" imageWidth="3544" imageHeight="4104">
        <ReadingOrder>
            <OrderedGroup id="ro_1711807935962" caption="Regions reading order">
                <RegionRefIndexed index="0" regionRef="tr_1"/>
            </OrderedGroup>
        </ReadingOrder>
        <TextRegion id="tr_1" custom="readingOrder {index:0;}">
            <Coords points="650,475 3259,475 3259,3633 650,3633"/>
            <TextLine id="tr_1_tl_1" custom="readingOrder {index:0;}">
                <Coords points="2855,539 2887,536 2903,549 2925,542 2938,562 2960,558 3004,584 3023,581 3027,457 3004,463 2976,454 2963,463 2947,454 2925,466 2916,457 2893,466 2855,460"/>
                <Baseline points="2874,528 2898,528 2942,528 2987,525 3032,525"/>
                <TextEquiv>
                    <Unicode>157</Unicode>
                </TextEquiv>
            </TextLine>
            <TextLine id="tr_1_tl_2" custom="readingOrder {index:1;}">
                <Coords points="1475,657 1640,536 1729,571 1834,533 1888,568 1957,565 1961,428 1875,428 1850,454 1802,425 1716,441 1685,419 1570,476 1478,463"/>
                <Baseline points="1492,564 1519,558 1563,552 1608,549 1653,543 1698,540 1743,540 1787,537 1832,540 1877,543 1922,549 1966,555"/>
                <TextEquiv>
                    <Unicode>ande</Unicode>
                </TextEquiv>
            </TextLine>
            <TextLine id="tr_1_tl_3" custom="readingOrder {index:2;}">
                <Coords points="793,717 3036,707 3036,581 2684,634 1697,565 1516,628 1399,555 1177,615 793,555"/>
                <Baseline points="811,653 856,653 901,653 946,656 990,662 1035,659 1080,662 1125,662 1170,665 1214,665 1259,665 1304,668 1349,662 1393,665 1438,665 1483,665 1528,668 1572,668 1617,668 1662,668 1707,668 1752,668 1796,674 1841,674 1886,674 1931,674 1975,677 2020,677 2065,677 2110,677 2154,677 2199,677 2244,677 2289,680 2334,677 2378,680 2423,680 2468,680 2513,680 2557,680 2602,680 2647,683 2692,683 2736,683 2781,686 2826,686 2871,686 2916,686 2960,686 3005,686 3044,686"/>
                <TextEquiv>
                    <Unicode>Ferdinand: Wie alles hätte alles werden können</Unicode>
                </TextEquiv>
            </TextLine>
            <TextLine id="tr_1_tl_4" custom="readingOrder {index:3;}">
                <Coords points="780,879 822,888 930,853 955,869 1006,844 1041,860 1066,841 1158,895 1212,895 1294,860 1291,736 1225,761 1142,733 1006,765 945,733 904,749 828,720 777,727"/>
                <Baseline points="799,811 844,808 889,808 934,811 978,814 1023,814 1068,814 1113,814 1158,814 1202,814 1247,817 1292,817 1301,817"/>
                <TextEquiv>
                    <Unicode>wie schön!</Unicode>
                </TextEquiv>
            </TextLine>
            <TextLine id="tr_1_tl_5" custom="readingOrder {index:4;}">
                <Coords points="774,983 3172,999 3128,888 774,879"/>
                <Baseline points="793,964 838,961 883,964 928,964 973,967 1017,967 1062,970 1107,967 1152,970 1196,970 1241,967 1286,967 1331,970 1375,973 1420,973 1465,976 1510,976 1555,973 1599,976 1644,976 1689,976 1734,976 1778,976 1823,978 1868,978 1913,981 1957,981 2002,981 2047,984 2092,984 2137,984 2181,984 2226,984 2271,984 2316,987 2360,987 2405,987 2450,987 2495,987 2540,987 2584,987 2629,990 2674,990 2719,990 2763,993 2808,993 2853,993 2898,993 2942,996 2987,996 3032,993 3077,993 3122,993 3166,987 3181,987"/>
                <TextEquiv>
                    <Unicode>Lisa: Tun Sie doch nicht, als wenn Sie daran noch</Unicode>
                </TextEquiv>
            </TextLine>
            <TextLine id="tr_1_tl_6" custom="readingOrder {index:5;}">
                <Coords points="1472,1066 1574,1079 1621,1050 1691,1044 1745,1075 1799,1079 1992,1060 1992,1025 1929,990 1862,1018 1761,980 1691,1018 1574,980 1472,990"/>
                <Baseline points="1489,1056 1504,1050 1549,1050 1593,1041 1638,1041 1683,1044 1728,1047 1772,1050 1817,1056 1862,1053 1907,1050 1952,1047 1996,1050"/>
                <TextEquiv>
                    <Unicode>Nen Geist</Unicode>
                </TextEquiv>
            </TextLine>
            <TextLine id="tr_1_tl_7" custom="readingOrder {index:6;}">
                <Coords points="768,1167 1872,1206 2005,1139 2979,1244 2976,1075 2627,1015 2395,1082 765,1053"/>
                <Baseline points="781,1113 826,1116 871,1116 916,1116 961,1116 1005,1119 1050,1122 1095,1122 1140,1125 1184,1125 1229,1125 1274,1125 1319,1125 1364,1128 1408,1125 1453,1128 1498,1128 1543,1131 1587,1128 1632,1131 1677,1128 1722,1131 1766,1131 1811,1134 1856,1137 1901,1140 1946,1137 1990,1134 2035,1134 2080,1137 2125,1137 2169,1137 2214,1137 2259,1137 2304,1140 2348,1140 2393,1143 2438,1140 2483,1143 2528,1140 2572,1143 2617,1146 2662,1146 2707,1146 2751,1146 2796,1149 2841,1146 2886,1149 2931,1149 2975,1149 2987,1149"/>
                <TextEquiv>
                    <Unicode>dëchten. (Und Minni‘(ist ja noch da. Sie ist die</Unicode>
                </TextEquiv>
            </TextLine>
            <TextLine id="tr_1_tl_8" custom="readingOrder {index:7;}">
                <Coords points="758,1294 793,1298 834,1275 920,1317 964,1291 1003,1323 1034,1310 1085,1332 1155,1332 1152,1253 1104,1221 1085,1231 1006,1206 974,1228 914,1212 866,1171 822,1209 806,1196 755,1215"/>
                <Baseline points="773,1271 817,1265 862,1268 907,1271 952,1274 996,1274 1041,1277 1086,1277 1131,1280 1164,1283"/>
                <TextEquiv>
                    <Unicode>Bessere.</Unicode>
                </TextEquiv>
            </TextLine>
            <TextLine id="tr_1_tl_9" custom="readingOrder {index:8;}">
                <Coords points="746,1497 3100,1485 3249,1466 3249,1393 742,1317"/>
                <Baseline points="764,1417 808,1417 853,1423 898,1423 943,1429 987,1429 1032,1432 1077,1432 1122,1429 1167,1429 1211,1432 1256,1435 1301,1438 1346,1435 1390,1435 1435,1432 1480,1432 1525,1435 1569,1435 1614,1435 1659,1438 1704,1438 1749,1438 1793,1438 1838,1441 1883,1441 1928,1441 1972,1444 2017,1444 2062,1444 2107,1444 2151,1444 2196,1444 2241,1444 2286,1444 2331,1444 2375,1447 2420,1447 2465,1447 2510,1447 2554,1447 2599,1450 2644,1450 2689,1450 2734,1453 2778,1453 2823,1450 2868,1453 2913,1456 2957,1456 3002,1459 3047,1459 3092,1459 3136,1462 3181,1462 3226,1462 3253,1462"/>
                <TextEquiv>
                    <Unicode>Ferdinand: In dieser Atmosphäre bleibt man es nicht.</Unicode>
                </TextEquiv>
            </TextLine>
            <TextLine id="tr_1_tl_10" custom="readingOrder {index:9;}">
                <Coords points="777,1602 1662,1662 1754,1599 2998,1647 3106,1577 2855,1510 774,1491"/>
                <Baseline points="793,1578 838,1578 883,1581 928,1584 973,1584 1017,1584 1062,1587 1107,1587 1152,1587 1196,1587 1241,1587 1286,1587 1331,1587 1375,1587 1420,1587 1465,1587 1510,1587 1555,1587 1599,1587 1644,1587 1689,1590 1734,1590 1778,1590 1823,1593 1868,1593 1913,1596 1957,1596 2002,1596 2047,1596 2092,1596 2137,1596 2181,1599 2226,1599 2271,1599 2316,1599 2360,1599 2405,1599 2450,1602 2495,1602 2540,1599 2584,1602 2629,1602 2674,1605 2719,1602 2763,1605 2808,1605 2853,1608 2898,1608 2942,1608 2987,1611 3032,1611 3077,1614 3110,1617"/>
                <TextEquiv>
                    <Unicode>Lisa: So nehmen Sie sie doch bald fort von hier.</Unicode>
                </TextEquiv>
            </TextLine>
            <TextLine id="tr_1_tl_11" custom="readingOrder {index:10;}">
                <Coords points="1900,1694 1938,1691 1957,1704 1980,1685 2034,1704 2046,1694 2094,1700 2119,1691 2119,1608 2075,1615 2062,1605 1983,1624 1957,1608 1929,1612 1919,1602 1900,1602"/>
                <Baseline points="1919,1677 1963,1680 2008,1677 2053,1677 2098,1677 2125,1683"/>
                <TextEquiv>
                    <Unicode>Nkal</Unicode>
                </TextEquiv>
            </TextLine>
            <TextLine id="tr_1_tl_12" custom="readingOrder {index:11;}">
                <Coords points="723,1735 2468,1834 3252,1780 3249,1669 723,1691"/>
                <Baseline points="740,1731 784,1734 829,1734 874,1734 919,1734 964,1737 1008,1737 1053,1737 1098,1737 1143,1740 1187,1740 1232,1743 1277,1743 1322,1743 1367,1743 1411,1743 1456,1743 1501,1743 1546,1743 1590,1743 1635,1746 1680,1746 1725,1746 1769,1749 1814,1749 1859,1752 1904,1749 1949,1752 1993,1755 2038,1755 2083,1755 2128,1755 2172,1755 2217,1752 2262,1752 2307,1755 2351,1755 2396,1758 2441,1763 2486,1760 2531,1758 2575,1755 2620,1758 2665,1758 2710,1760 2754,1760 2799,1760 2844,1760 2889,1760 2933,1763 2978,1763 3023,1763 3068,1766 3113,1766 3157,1766 3202,1769 3247,1772 3259,1772"/>
                <TextEquiv>
                    <Unicode>Ziehen Sie mit ihr aufs Land. (Haben Sie nicht einmal</Unicode>
                </TextEquiv>
            </TextLine>
            <TextLine id="tr_1_tl_13" custom="readingOrder {index:12;}">
                <Coords points="730,1919 1171,1961 1358,1907 2034,1910 2313,1973 2344,1850 1850,1792 1551,1853 1047,1821 727,1739"/>
                <Baseline points="746,1889 790,1889 835,1889 880,1892 925,1892 970,1895 1014,1895 1059,1895 1104,1895 1149,1898 1193,1898 1238,1898 1283,1898 1328,1898 1372,1898 1417,1901 1462,1901 1507,1901 1552,1901 1596,1901 1641,1901 1686,1901 1731,1904 1775,1904 1820,1904 1865,1907 1910,1907 1954,1907 1999,1910 2044,1907 2089,1907 2134,1910 2178,1910 2223,1910 2268,1910 2313,1910 2351,1913"/>
                <TextEquiv>
                    <Unicode>von einem kleinen Gut gesprochen?</Unicode>
                </TextEquiv>
            </TextLine>
            <TextLine id="tr_1_tl_14" custom="readingOrder {index:13;}">
                <Coords points="711,2097 3011,2119 3093,2113 3093,2008 707,1961"/>
                <Baseline points="728,2035 773,2041 817,2044 862,2047 907,2050 952,2050 996,2050 1041,2050 1086,2050 1131,2050 1175,2053 1220,2053 1265,2053 1310,2053 1355,2056 1399,2053 1444,2056 1489,2056 1534,2056 1578,2056 1623,2056 1668,2056 1713,2056 1758,2056 1802,2059 1847,2059 1892,2059 1937,2062 1981,2062 2026,2062 2071,2062 2116,2062 2160,2062 2205,2065 2250,2065 2295,2065 2340,2065 2384,2068 2429,2071 2474,2068 2519,2071 2563,2071 2608,2071 2653,2071 2698,2071 2742,2071 2787,2071 2832,2071 2877,2071 2922,2071 2966,2074 3011,2074 3056,2077 3101,2083"/>
                <TextEquiv>
                    <Unicode>Ferdinand: Es ist auch für mich zu spät. Manchmal</Unicode>
                </TextEquiv>
            </TextLine>
            <TextLine id="tr_1_tl_15" custom="readingOrder {index:14;}">
                <Coords points="711,2230 923,2208 1148,2297 1310,2233 2246,2265 2405,2246 2405,2167 1792,2113 1301,2170 707,2138"/>
                <Baseline points="728,2199 773,2199 817,2199 862,2202 907,2202 952,2205 996,2205 1041,2205 1086,2205 1131,2208 1175,2208 1220,2208 1265,2211 1310,2208 1355,2211 1399,2211 1444,2211 1489,2211 1534,2211 1578,2211 1623,2211 1668,2214 1713,2211 1758,2211 1802,2214 1847,2214 1892,2214 1937,2217 1981,2214 2026,2214 2071,2217 2116,2220 2160,2220 2205,2220 2250,2220 2295,2220 2340,2223 2384,2220 2414,2226"/>
                <TextEquiv>
                    <Unicode>fürchte ich, auch ich bin verfallen.</Unicode>
                </TextEquiv>
            </TextLine>
            <TextLine id="tr_1_tl_16" custom="readingOrder {index:15;}">
                <Coords points="1919,2322 1961,2332 2024,2325 2037,2341 2075,2306 2151,2319 2195,2310 2195,2243 2167,2246 2151,2230 2091,2252 2068,2230 2034,2246 1989,2233 1967,2246 1919,2243"/>
                <Baseline points="1937,2289 1978,2286 2023,2283 2068,2283 2113,2280 2157,2283 2202,2286"/>
                <TextEquiv>
                    <Unicode>nicht</Unicode>
                </TextEquiv>
            </TextLine>
            <TextLine id="tr_1_tl_17" custom="readingOrder {index:16;}">
                <Coords points="685,2405 2221,2373 2449,2465 2627,2383 3236,2398 3236,2322 2627,2246 2037,2344 685,2259"/>
                <Baseline points="704,2354 749,2357 793,2354 838,2357 883,2357 928,2360 973,2366 1017,2369 1062,2363 1107,2360 1152,2363 1196,2363 1241,2363 1286,2363 1331,2363 1375,2366 1420,2363 1465,2366 1510,2366 1555,2366 1599,2369 1644,2372 1689,2369 1734,2369 1778,2369 1823,2372 1868,2372 1913,2375 1957,2372 2002,2372 2047,2375 2092,2375 2137,2375 2181,2375 2226,2375 2271,2375 2316,2375 2360,2378 2405,2381 2450,2378 2495,2378 2540,2381 2584,2381 2629,2381 2674,2381 2719,2381 2763,2381 2808,2381 2853,2384 2898,2384 2942,2384 2987,2384 3032,2384 3077,2384 3122,2387 3166,2387 3211,2390 3241,2390"/>
                <TextEquiv>
                    <Unicode>Lisa: Das sind wir ja alle. Und wem ist das nicht am</Unicode>
                </TextEquiv>
            </TextLine>
            <TextLine id="tr_1_tl_18" custom="readingOrder {index:17;}">
                <Coords points="685,2595 3220,2557 3220,2465 3039,2449 685,2440"/>
                <Baseline points="704,2507 749,2510 793,2510 838,2513 883,2513 928,2513 973,2516 1017,2519 1062,2519 1107,2519 1152,2519 1196,2519 1241,2522 1286,2522 1331,2522 1375,2522 1420,2522 1465,2525 1510,2525 1555,2528 1599,2528 1644,2525 1689,2525 1734,2522 1778,2522 1823,2525 1868,2528 1913,2528 1957,2531 2002,2528 2047,2531 2092,2531 2137,2531 2181,2531 2226,2531 2271,2531 2316,2531 2360,2531 2405,2534 2450,2534 2495,2534 2540,2534 2584,2534 2629,2534 2674,2537 2719,2537 2763,2537 2808,2540 2853,2540 2898,2540 2942,2540 2987,2540 3032,2540 3077,2542 3122,2542 3166,2545 3211,2545 3229,2548"/>
                <TextEquiv>
                    <Unicode>Ende gleichgültig? Sollen wir uns nicht alle treiben</Unicode>
                </TextEquiv>
            </TextLine>
            <TextLine id="tr_1_tl_19" custom="readingOrder {index:18;}">
                <Coords points="682,2712 2386,2709 2383,2608 2278,2595 1831,2640 1615,2573 1431,2630 679,2601"/>
                <Baseline points="701,2671 746,2668 790,2668 835,2668 880,2671 925,2671 970,2674 1014,2674 1059,2674 1104,2674 1149,2671 1193,2674 1238,2674 1283,2671 1328,2674 1372,2674 1417,2677 1462,2677 1507,2677 1552,2680 1596,2677 1641,2677 1686,2677 1731,2677 1775,2680 1820,2680 1865,2680 1910,2683 1954,2683 1999,2683 2044,2683 2089,2683 2134,2683 2178,2683 2223,2683 2268,2686 2313,2689 2357,2692 2393,2692"/>
                <TextEquiv>
                    <Unicode>lassen? Kennen wir denn unser Ziel?</Unicode>
                </TextEquiv>
            </TextLine>
            <TextLine id="tr_1_tl_20" custom="readingOrder {index:19;}">
                <Coords points="679,2909 3074,2893 3071,2760 676,2747"/>
                <Baseline points="692,2820 737,2817 781,2820 826,2820 871,2823 916,2826 961,2829 1005,2829 1050,2826 1095,2829 1140,2829 1184,2826 1229,2829 1274,2829 1319,2829 1364,2829 1408,2832 1453,2832 1498,2832 1543,2832 1587,2832 1632,2832 1677,2832 1722,2832 1766,2832 1811,2835 1856,2835 1901,2832 1946,2835 1990,2835 2035,2838 2080,2838 2125,2838 2169,2838 2214,2838 2259,2838 2304,2841 2348,2841 2393,2844 2438,2844 2483,2847 2528,2847 2572,2847 2617,2847 2662,2844 2707,2847 2751,2847 2796,2850 2841,2850 2886,2850 2931,2850 2975,2850 3020,2850 3065,2844 3080,2844"/>
                <TextEquiv>
                    <Unicode>Ferdinand: Nicht gerne höre ich Sie so reden. Hüt-</Unicode>
                </TextEquiv>
            </TextLine>
            <TextLine id="tr_1_tl_21" custom="readingOrder {index:20;}">
                <Coords points="673,3020 2912,3080 3128,3042 3128,2881 2487,2954 673,2906"/>
                <Baseline points="689,2978 734,2978 779,2978 823,2981 868,2984 913,2984 958,2981 1002,2981 1047,2981 1092,2984 1137,2981 1181,2981 1226,2984 1271,2984 1316,2987 1361,2987 1405,2987 1450,2990 1495,2990 1540,2987 1584,2987 1629,2987 1674,2987 1719,2987 1763,2987 1808,2990 1853,2990 1898,2990 1943,2990 1987,2993 2032,2993 2077,2993 2122,2993 2166,2993 2211,2993 2256,2996 2301,2996 2345,2996 2390,2999 2435,2999 2480,3002 2525,3002 2569,3002 2614,3002 2659,3002 2704,3002 2748,3002 2793,3005 2838,3005 2883,3008 2928,3008 2972,3011 3017,3011 3062,3008 3107,3005 3136,3005"/>
                <TextEquiv>
                    <Unicode>ten Sie sich doch mit der einen Seele zufrieden ge-</Unicode>
                </TextEquiv>
            </TextLine>
            <TextLine id="tr_1_tl_22" custom="readingOrder {index:21;}">
                <Coords points="2046,3185 2075,3192 2119,3172 2129,3176 2138,3169 2148,3185 2160,3172 2189,3172 2195,3065 2164,3061 2154,3068 2145,3061 2129,3074 2094,3068 2088,3061 2075,3068 2056,3065"/>
                <Baseline points="2071,3116 2107,3116 2151,3113 2196,3107"/>
                <TextEquiv>
                    <Unicode>fait</Unicode>
                </TextEquiv>
            </TextLine>
            <TextLine id="tr_1_tl_23" custom="readingOrder {index:22;}">
                <Coords points="673,3198 739,3195 803,3169 822,3182 853,3166 923,3198 952,3172 971,3172 971,3109 955,3109 917,3077 860,3074 812,3039 707,3090 673,3084"/>
                <Baseline points="689,3142 734,3136 779,3133 823,3133 868,3136 913,3139 958,3139 976,3142"/>
                <TextEquiv>
                    <Unicode>geben.</Unicode>
                </TextEquiv>
            </TextLine>
            <TextLine id="tr_1_tl_24" custom="readingOrder {index:23;}">
                <Coords points="695,3366 1380,3299 3036,3360 3058,3249 692,3217"/>
                <Baseline points="713,3289 758,3286 802,3286 847,3289 892,3289 937,3289 981,3292 1026,3292 1071,3292 1116,3292 1161,3292 1205,3292 1250,3295 1295,3292 1340,3295 1384,3295 1429,3295 1474,3295 1519,3295 1563,3298 1608,3298 1653,3298 1698,3298 1743,3298 1787,3301 1832,3298 1877,3298 1922,3301 1966,3301 2011,3304 2056,3304 2101,3304 2146,3307 2190,3307 2235,3310 2280,3313 2325,3313 2369,3313 2414,3313 2459,3310 2504,3307 2548,3307 2593,3310 2638,3310 2683,3310 2728,3313 2772,3313 2817,3313 2862,3316 2907,3316 2951,3316 2996,3322 3041,3327 3065,3333"/>
                <TextEquiv>
                    <Unicode>Lisa: Hab ich überhaupt eine? Ja, glauben Sie mir,</Unicode>
                </TextEquiv>
            </TextLine>
            <TextLine id="tr_1_tl_25" custom="readingOrder {index:24;}">
                <Coords points="638,3464 2950,3525 3061,3499 3061,3404 634,3353"/>
                <Baseline points="656,3438 701,3438 746,3438 790,3438 835,3441 880,3441 925,3444 970,3444 1014,3444 1059,3444 1104,3444 1149,3447 1193,3447 1238,3450 1283,3447 1328,3450 1372,3450 1417,3450 1462,3450 1507,3453 1552,3453 1596,3456 1641,3456 1686,3456 1731,3453 1775,3453 1820,3453 1865,3456 1910,3456 1954,3456 1999,3459 2044,3462 2089,3459 2134,3459 2178,3462 2223,3468 2268,3465 2313,3465 2357,3465 2402,3465 2447,3465 2492,3465 2537,3465 2581,3465 2626,3468 2671,3468 2716,3468 2760,3468 2805,3471 2850,3471 2895,3474 2939,3474 2984,3477 3029,3477 3065,3480"/>
                <TextEquiv>
                    <Unicode>Ferdinand, manchmal graut mir vor mir selbst. Aber</Unicode>
                </TextEquiv>
            </TextLine>
            <TextLine id="tr_1_tl_26" custom="readingOrder {index:25;}">
                <Coords points="634,3639 1114,3655 1386,3607 2043,3652 2040,3537 1878,3509 1729,3556 1535,3480 1161,3544 631,3515"/>
                <Baseline points="650,3599 695,3596 740,3599 784,3599 829,3599 874,3599 919,3596 964,3599 1008,3599 1053,3599 1098,3599 1143,3602 1187,3602 1232,3602 1277,3602 1322,3605 1367,3605 1411,3605 1456,3605 1501,3605 1546,3608 1590,3605 1635,3608 1680,3605 1725,3608 1769,3608 1814,3611 1859,3611 1904,3614 1949,3614 1993,3617 2038,3620 2047,3623"/>
                <TextEquiv>
                    <Unicode>auch das Grauen ist köstlich.</Unicode>
                </TextEquiv>
            </TextLine>
        </TextRegion>
    </Page>
</PcGts>
