3531 4136
3061 366 3193 565 13
890 544 2566 682 Kollner: (hilft ihm in den Pelz)
2613 533 2727 696 P.P.
2991 644 3122 822 xx
3143 702 3248 770 G.P.
904 714 2704 849 Tini: Werum gehst denn sch on weg?
890 822 3160 983 Ferdinand: Nur für ein paar Minuten- an die
1715 966 2072 1068 späte wie
884 1018 2566 1173 Luft. ich komm nech einmal her.
872 1173 3163 1355 Tini: (etwas eifersüchtig) Wegen der Albine
1855 1282 3157 1422 Drigent huit oent tewe  Rang
852 1314 1849 1501 wahrscheinlich?
1993 1358 3061 1487 Mait tes glaits hebben. En
875 1481 3210 1642 Ferdinand: (abwhrende Geste,beiläufig) Akxxx
1337 1574 2124 1683 hullst vur nicht sein
884 1601 2932 1776 also,in wen ist sie denn eigentloh ver
872 1791 3032 1946 liebt? Du hast es mir noch nicht gesagt.
860 1946 2429 2075 Tini: In den Herrn Gleissner.
1574 2040 1811 2148 Abr
854 2081 2721 2242 Ferdinand: In den Robby (Cleissner?)
863 2247 3193 2370 Tini: Ob du's glaubst oder nicht, sie schaut
2277 2335 2473 2479 deb-
852 2341 3134 2572 keinen andern mehr an. Und or will gar nix
849 2552 3073 2730 von ihr wissen. Ich glaub er hat eine vom
840 2727 2894 2865 Theater,wo sie seine Komödien spielen.
1867 2803 1990 2923 to
840 2827 2947 3023 Ferdinand: Deswegen. (geht). (In der Türe
834 3026 3014 3154 trifft er die eben Eintretenden Frau
831 3172 3020 3318 Flatterer,Gleissner und Rapp.Rapp stellt
834 3304 3184 3509 ihn flüchtig vor, einige Worte werden gewoch-
828 3497 1080 3614 selt
846 3576 3178 3757 (Währenddem ist Albine wieder zu Tini gehet
