3512 4088
2867 323 3042 529 126
967 374 2328 552 Cisance hent moff aigem fron
691 509 3197 687 nicht die Schlimmste von den Damen, die heute auf un-
687 633 3072 859 serem Balle tanzen. (er geht nach rückwärts.Jetzt
677 805 3066 940 erst treten Gleissner und Albine ein. Früher hatte
664 994 2321 1125 der Diener nur die Türe geöffnet.
660 1135 3150 1321 Gleissner: (förbigen Frack etc., Albine sehr mädchen-
650 1300 2675 1499 haft und bescheiden gekleidet; sehr still.
640 1442 1337 1624 (Begrüssung)
640 1590 3113 1738 Lisa: Guten Abend, (betont zu Albine) Ich freue mich
633 1748 3126 1924 sehr Sie hier zu sehen. (zu Gleissner) (Sie kommen na-
340 1806 539 2025 91
630 1873 3062 2099 türlich aus dem Theater?) Wie schade, dass wir Ihrem
216 1974 573 2119 Die Principa
219 2028 590 2207 meesen lang
616 2038 2183 2210 Triumph nicht beiwohnen konnten.
286 2126 492 2321 wel
613 2203 3029 2392 (Neue Cäste kommen von rechts,werden von Lisa be-
590 2382 2890 2550 grüsst.Lisa entfernt sich bald mit ihnen nach
586 2540 3079 2708 rückwärts, auch Gleissner und Albine bewegen sich in
566 2695 3126 2887 dieser Richtung; da bleibt Gleissner plötzlich stehen.
569 2840 1054 3025 zu Albine
600 2931 3082 3136 Gleissner: Hast du die Absicht zu tanzen,mein Kind?
1287 3099 1607 3200 is unipro
539 3173 2001 3308 Albine: Wenn du nicht willst
529 3305 3241 3490 Gleissner: Ich verbiete es dir selbstverständlich nicht.
