3528 4184
2920 408 3097 548 204
921 398 1790 632 Anlaß des mir
778 566 3007 738 Seit ich in dich hineingeblick habe, fühle ich
775 682 3122 881 mich beträchtlich wohler in deiner Gesellschaft.
772 872 3035 1099 Jetzt ist erst meiner Sympathie die Dosis Ver-
2583 993 2727 1089 1 m
766 1015 3069 1229 achtung beigemischt.ohne die eine (wahre) Freund-
2154 1149 2826 1360 Mr R. Joann in
763 1192 2151 1379 schaft nichtt möglich ist.
725 1345 3159 1538 (Hätte ich aus meiner Selbsterkenntnis vor zwanzig
766 1506 3116 1662 Jahren die richtige Konsequenz gezogen, dann wäre
756 1678 1547 1868 es gut gewesen./
756 1796 3141 2004 Jetzt wäre es einfach eine Lüge, wenn ich es täte.
735 1976 3144 2145 Also lebe wohl. Weisst du,wo ich jetzt hin gehe?
722 2088 2288 2285 Fest hätte ich dran vergessen.
2733 2188 2857 2266 auch
731 2285 2988 2471 Es ist heute die Versammlung bei Jack, Ja. Die
725 2465 2288 2614 Gründung aes Treuenhof-Vereines.
713 2509 3125 2733 Das Richtigste wäre eigentlich,du kämest mit. Das
716 2736 3025 2882 wäre Ueberlegenheit,Realpolitik -Entweder-Oder.
703 2892 3075 3084 Aber was rede ich da? Du bist zur Halpheit gebo-
1320 2948 3368 3162 Es im̄ kostlich iste der Einkommt! — Überlegte heil
700 3075 934 3206 ren.
703 3119 3206 3371 Willi: Möglich. So denke ich wird es noch am besten
700 3368 2039 3551 bei meiner Abreise bleiben.
685 3542 3147 3663 Treuenhof: Auch gut. Also nimm's nicht zu schwer.
