3400 4152
2832 352 3014 501 139
668 560 2705 736 undsiebzigsten Aufführung hineingeschickt.
658 726 2195 921 Cleissner: Du hast geschrieben?
662 828 3104 1048 Rapp: Ich war so frei. Nur zehn Zeilen,
662 971 3150 1168 dünftesten xxxxx
658 1184 1434 1385 artsk xxxxx
671 1326 2825 1524 (Frau Flatterer mit den zwei Jüngern aus dem
662 1527 1354 1632 nächsten Saal)
674 1635 3048 1784 Fr. Flatterer: Da sind sie ja endlich! Wir möchten
668 1774 2677 1944 so gerne mit Ihnen wegen der Versammlung
671 1932 2485 2090 (Alle Vier ein wenig nach rückwärts.)
674 2090 3011 2244 Winkler: (ist bei Gleissner, wirft zuweilen leicht
662 2254 3002 2424 beunruhigte Blicke nach rückwärts, nimmt ein Glas
662 2408 3135 2618 Champagner von dem Tablett des eben vorübergehenden
652 2603 1122 2739 Dieners )
683 2723 2995 2918 leissner: Haben Sie sich, Herr Hofrat,vielleicht
658 2884 1991 3067 mein Stück schon angesehen?
655 2986 2862 3230 Winkler: Leider nein, Herr Gleissner. Ich gehe
655 3172 3011 3326 überhaupt nur mehr in den Zirkus und ins Variété
658 3332 3026 3502 dort brechen sich die Leut wenigstens das Genick,
646 3493 2986 3685 wenn sie nichts können. Das befriedigt meinen Ge-
