3336 4104
637 361 2637 563 Geheimen geheiratet hat; weil er jeden
640 469 2752 719 Abend mit ihr verschwindet, nenen wir si
642 637 2943 951 oben Frau-Zack.. Man sagt auch nädige Frau
2200 895 2670 1018 Mar heeft de
631 868 1036 1059 zu ihr.
692 930 2937 1226 Willi: Mit ihr verschwindet? Sie ist also
648 1159 2054 1335 Das ist doch kaum möglich?
625 1294 2737 1496 Gleissner: Vor vier Wochen hat sie auch
637 1388 2846 1602 noch nicht so nobel ausgeschaut.
1391 1514 1581 1605 leyn
625 1526 2828 1784 Alle die Sachen hat ihr der Zach gekauft.
637 1669 2863 1904 Er ist rein verrückt mit ihr. Ein patholo-
1555 1798 2174 1916 also from
631 1807 2787 2068 gischer Fall. Also (um Gotteswillen nicht
645 1992 2740 2256 verraten.) Und sie müssen natürlich auch
628 2189 2059 2382 gnädige Frau zu ihr sagen.
651 2332 2866 2529 Rapp: (hat öfters sich nach den Beiden um-
634 2435 2995 2720 gedroht und da sie ihm ganz nahe stehen, auh¬
669 2629 2702 2860 einige Worte erlauscht. Er folgt ihnen
640 2749 2852 3028 nun mit den Augen,wie Gleissner und Willi
640 2931 2077 3215 an den andern Tisch gehen).
