3528 4056
2821 280 3013 452 124
627 374 2514 543 (Die Jünger begrüssen Frau Flatteter)
2966 519 3080 603 G.C.P.
610 559 3239 758 Fr. Flatterer: O. meine jungen Freunde!
603 745 3259 869 Ist Anastasius Treuenhof schon da? (sie mit den Jüngern
802 829 1004 913 mim
600 890 2420 1041 und Lisa mit Ferdinand nach rückwärts.
580 1028 3154 1169 Lisa: (will ihnen eigentlich folgen, Jack aber richtet
573 1200 3191 1321 gleich das Wort an sie. Man merkt deutlich, dass er sie
563 1361 3023 1479 nur aufhalten will, ebenso unverkennbar ihre Unruhe.
583 1500 3127 1634 (Früher noch Ferdinand zu Mimi): Ihre Eltern haben es
556 1668 2292 1783 Ihnen also erlaubt hieher zu kommen?
418 1574 532 1860 4
553 1806 2753 1955 Lisa: Warum denn nicht? Es ist ein Kostümfest.
526 1968 2238 2116 Ferdinand: Was denn sollte es sein?
553 2103 1058 2228 Zack, Lisa.
509 2204 2925 2416 Lisa: (um etwas zu sagen) Nun fehlt eigentlich nur
499 2420 1240 2548 mehr Treuenhof?
479 2528 3191 2736 Zack: (ruhig) Und auch dein Maler lässt auf sich warten.
475 2753 3151 2908 Lisa: Sie werden wohl zusammen kommen.- Das Porträt wird
1402 2841 1631 2959 Ersoule
472 2888 3003 3063 schän.Fridolin.Seit du es nicht gesehen hast - Warum
465 3040 3060 3239 bist du denn wieder heute nicht ins Atelier gekommen?
630 3154 984 3262 Wm Loup
445 3205 3077 3421 Wir haben dich erwartet. Du hattest es doch eigentlich
441 3346 1031 3505 versprochen.
869 3444 1136 3559 wurde,
421 3515 2925 3754 Zack: Ich verhindert - im letzten Moment. Es ist
