3528 4168
2735 346 2905 517 135
808 550 3166 757 Mimi: Sie sollten so nicht sprechen. Sie soellten
802 711 2233 872 mich auch so nicht anschauen.
814 811 3096 997 (Sie haben sich auf den kleinen Divan links ge-
808 1012 3106 1182 setzt, Gleissner rückt Mimi unmerklich näher, hat
805 1194 1781 1383 ihre Hand ergriffen
2625 1249 2896 1343 meine
790 1295 3233 1532 Mimi: Und es ist auch kein Grund
805 1522 1288 1641 zu nehmen
799 1592 2458 1781 Gleissner: Drei Augenblicke lang?
793 1769 3045 1954 Mimi: Es ist vollkommen überflüssig. Da könnten
784 1942 1835 2091 wir ja gleich tanzen.
787 2057 3103 2276 Gleissner: Sehen Sie, wie Sie mich missverstehen.
799 2258 1939 2455 (er lässt ihre Hand los
781 2391 3078 2601 mimi: Ach, ich glaube, dass ich Sie sehr gut ver-
781 2556 2917 2723 stehe. Ich glaube Ihnen überhaupt kein Wort
784 2677 3118 2884 und einen Händedruck erst recht nicht. Sie sind
775 2872 3124 3005 mir so unsympathisch als möglich. Ach, was ist das
775 3017 2206 3191 wieder für ein lick.
775 3139 2632 3321 Gleissner: Nun, was für ein Blick denn?
766 3306 2720 3513 Mimi: Ich habe solche Blicke nicht gern.
