3528 4088
2844 418 3028 543 156
748 527 3219 764 da tanzen sie alle - (Damen und Herren gerade so wie
733 683 2963 886 früher, die Maske vor dem Gesicht,-aber nackt.
742 876 2938 989 Tanzen! Und ich spiele immer weiter. So schön,
720 1029 3219 1138 wie ich nie gespielt hab und nie wieder spielen wer-
714 1160 3159 1301 de. Ausser sie holen mich noch einmal. Und seither,
717 1313 3113 1481 seither seh ich Euch Ølle immer so, wenn Ihr tanzt.
705 1475 3016 1625 Alle! Mir könnt Ihr nichts mehr vormachen. Alle
708 1628 1469 1778 seh ich Euch so.
689 1796 3197 1924 Ferdinand: Nachtigall, man wird Sie die Treppe hinun-
695 1937 1410 2061 terschmeissen.
677 2077 2208 2267 Nachtigall: (mild) Herr Neumann -
667 2217 2638 2423 Lisa: Spielen Sie wieder Herr Nachtigall.
664 2389 2713 2573 Nachtigall: Ich bin so frei.(wieder zurück
677 2573 1388 2751 Ferdinand. Lisaa.
649 2691 2339 2875 Ferdinand: Wo geraten Sie hin, Lisa?
652 2879 3028 3063 Lisa: (Was haben Sie denn? (Nachtigall?) Es ist eben
639 3010 2043 3197 seine Art die Welt zu sehen.
642 3187 2966 3331 Ferdinand: Er hätte es nicht gewagt - Wie tut es
611 3312 2532 3493 mir weh.Lisa, Sie unter diesen Menschen -
605 3477 2713 3636 Lisa: Ach, nehmen Sie's doch nicht so schwer.
