3430 4136
2614 339 2749 471 88
608 507 2125 689 Mutter: (unzufriedener Blick)
608 659 2881 848 Borta: Ich bin schon so. Neugierig und in-
2545 866 2626 953 G.F.P.
608 827 1091 968 diskret.
602 959 2197 1163 Mutter: Nun, wie wird es denn?
1310 1082 1733 1196 nach Savil
582 1085 2848 1310 Berta: (Er ist noch nicht weit damit. Und)
579 1256 2815 1424 wenn ich ihr Mann wär, ich liess sie nicht
585 1409 2818 1592 allein hinauf zu ihm ins Atelier. Aber so
582 1604 1310 1748 ein Holländer
1280 1634 2443 1801 Cstattil in Gheholt
576 1757 2362 1933 Mutter: Er war sehen öfters oben.
561 1882 1918 2083 Porta: Ich käm immer mit.
561 1999 2899 2239 Mutter: (unzufrieden) Aber - di den tyt dort mit 1
1286 2137 2722 2263 eue dame, un de ce un Portrait mais
549 2230 2956 2353 Berta: Wie man nur so naiv sein kann,Mutter,-
564 2341 2737 2515 wenn man ein Heim für uneheliche Kinder
573 2542 992 2698 gründet.
549 2650 2908 2839 Mutter: (lacht unwillkürlich, dann) frisch,et-
2371 2800 2482 2875 and
546 2803 2836 2956 was künstlich) Für das Portrait wahrschein
549 3015 2773 3123 lich ganz gut,wenn er in das Original ein
1328 3102 1460 3195 mal
537 3156 2920 3294 bisl verliebt ist meinst du nicht? Du sollst
540 3330 2851 3444 überhaupt kein solcher Philister sein, Kind.
525 3453 2863 3630 Berta: Bin ich wahrhaftig nicht. Von weitem
516 3621 2860 3798 interessiert mich überhaupt alles, in der
