3496 4168
2365 282 2553 532 136
798 490 3176 775 Gleissner: Solche? Ich bin mir nicht bewusst, dass
746 691 3088 892 ich Sie anders betrachte, als ich eben vermag, ein
756 853 3046 1022 köstliches Mädchenantlitz, eine weisse reine Mädl-
759 983 3224 1168 chenstirn, xxx
791 1109 3150 1362 Mimi: Alles vergeblich, kein Wort glaub ich Ihnen.
759 1268 3179 1495 (Ein Diener kommt mit einem Tablett voll gefüllten
762 1460 3218 1687 Campagnergläsern.Gleissner nimmt eines,Mimi gleich
740 1606 2926 1794 falls. Der Diener wieder fort. Mimi trinkt ihr
2076 1713 2306 1816 Glas
723 1774 3331 1988 Glas aus. Gleissner hat das xxx an die Lippen gesetzt
766 1904 3069 2151 trinkt aber nicht und stellt das Glas wieder hin
740 2060 3215 2329 mimi stellt das geleerte Glas wieder hin, sieht, dass
746 2222 3172 2468 Gleissner nicht getrunken hat. Gleissner  nimmt nun
749 2371 3302 2572 das Glas von Mimi, Mimi greift unwillkürlich darnach.)
736 2481 3292 2780 Gleissner: Es sind noch ein paar Tropfen drin geblie-
743 2780 928 2913 ben
733 2822 2984 3111 mimi: (erhebt sich, Gleissner ergreift in diesem
736 3039 2105 3237 Augenblick wieder ihre Hand)
785 3176 2582 3406 Mimi: (leise) So lassen Sie mich doch!
740 3325 3211 3542 Gleissner: Unser Tanz, Mimi! (er umfasst sie,reisst
736 3500 3072 3717 sie an sich. Nachtigalls Spiel stärker, sie tanzen
