3512 4200
2747 355 2886 467 18
2262 334 2741 539 L. Ebertorf
777 512 3022 666 Gleissner: Haßt schon viele von dieser Art
1467 606 3142 741 Und in solch Lieberkauf dort des gedienfes
771 666 2079 871 verfasst?
765 837 2997 997 Albine: Man xxxx hat's meistens nicht nö-
2247 1009 2796 1133 Andw. de Culghans
753 1015 967 1145 tig.
759 1142 2946 1307 Gleissner: (sehr nahe zu ihr). Wenn man nur
750 1265 2913 1464 wüsste, ob alles wahr ist, was drin steht?
2458 1383 3000 1494 (hort etwa iet
750 1425 3160 1633 Albine: (sieht ihn nur gross an)
2681 1521 3016 1630 noch
750 1594 2859 1804 Tini: (kommt dazu) Wo habts Ihr Fuch denn
750 1759 2317 1889 diese Riesendame aufgezwickt?
1283 1853 2055 1955 I nicht so profe wie sie
735 1859 2889 2085 Gleissner: Eine Dame aus Berlin. Nur auf
744 2039 2717 2214 der Durchreise hier.Keine Konkurrenz.
738 2214 2371 2362 Tini: Das kann man nie wissen.
729 2383 2985 2546 Gleissner: Sie schreibt ein Buch üer Wien.
729 2527 2898 2678 Also blamierts uns nicht, Kinder. Sie sind
726 2648 2919 2817 eh sehr streng mit uns draussen im Reich.
732 2811 2829 2979 Wiederschaun. (wieder zu dem Tisch hin)
1503 2925 2042 3058 ed to am &c.
2931 2895 3199 3043 s D.
729 2922 2946 3163 Alb, ine: (zu Tini) Er hat ihn schon - den
1419 3100 1636 3293 I am
714 3163 1048 3278 Brief
705 3299 2290 3482 Tini: Na?
711 3416 3133 3624 Albine? Ich glaub schon. defertent mit ein auf Hn
1027 3564 1322 3681 prt
723 3543 2973 3811 Tini: Derweil kom zu den Zwei hin. Nicht
