3576 4232
880 301 2110 518 Ein er tünst voll and  Licht
1282 337 2816 592 Ter c'est onder pas beaucoup voif.
2845 443 3026 592 203
2084 498 2540 644 Tout re in...
773 553 3139 793 Und dich hab ich für einen Menschen gehalten. Du
751 764 3227 987 hattest mir geradezu den Glauben an die Menschheit
761 994 1472 1100 zurückgegeven
764 1023 2440 1249 Wir erleben alle nur, was wir sind,
770 1220 3366 1460 Wer darf sagen, ich bin sicher keine zweite Erbärmlich
767 1359 3350 1586 keit zu begehen? Nur wer an der ersten zugrunde ging.
767 1528 3230 1709 Was dir deine Reue? Nicht dass du dich versündigt
757 1683 3282 1916 hast, sondern dass du bestimmt bist weiterhin'Nieder¬
2324 1799 3123 1971 Jamentif - schwarz
770 1822 2217 2065 trächtigkeiten zu begehen.
767 1984 3324 2272 Willi: (Mich ekelt,ich weiss, was ich zu tun habe. Ich
764 2223 1252 2346 danke dir.
754 2252 3214 2579 Treuenhof: Dass du es weisst hilit dir gar nichts.
767 2450 2647 2628 Ich hab es auch von mir immer gewusst.)
751 2515 3217 2845 Wenn du einmal hältst wo ich bin tust du es auch
754 2835 1288 2964 nicht mehr.
754 2838 3123 3117 Woran geh ich zugrunde? Daran dass ich nicht zur
751 3100 2071 3333 rechten Zeit krepiert bin,
751 3197 3172 3411 Gott liebt die Leute, die es verstehen,ihr eigenes
748 3385 3146 3560 Leben zu leben und ihren eigenen Tod zu sterben.
757 3489 2971 3816 Jetzt verstelle ich meine Sympathie für aich.
