3624 4104
2785 367 2990 545 113
850 536 3223 710 denkzeit. Vierzehn Tago. Nein, nur acht Tage.
847 728 3182 912 Willy: (hart) Unmögl ich! Sie - hat schon mit
847 873 1687 1033 ihm gesprochen.
2261 992 2445 1125 in
820 992 2220 1202 Mutter: (zweifelnd) Wie? -
2261 1092 2717 1249 trente s
1379 1128 1779 1279 Mr seh
829 1143 2996 1362 Willy: Sie spricht mit ihm vor dem Ball.
808 1347 2895 1513 Ja wir haben das für richtig gehalten.
808 1483 2936 1610 Mutter: Geh nicht hin! Gerade darum. Du
799 1610 3049 1764 kannst ja nicht wissen,wie er es aufgenom-
787 1773 3084 1918 men. (Es ist sinnlos,gefährlich,wenn du auf
790 1930 3081 2116 diesen Ball gehst, wie immer er ihr Geständ
773 2102 1036 2267 nis
776 2217 2966 2424 Willy: Es ist hier von keinem Geständnis
767 2395 1305 2581 die Rede.
764 2498 3046 2753 Mutter: (immer dringender) Sag ihr, dass ich
761 2714 2993 2862 dich gebeten. Wenn sie dich liebt, je mehr
755 2848 2993 3010 sie dich liebt,umso sicherer wird sie es
749 3028 2924 3200 verstehen. Drei Tage Bedenkzeit! Geh aus
746 3149 3111 3318 dor Stadt fort für drei Tage! Es ist ja kein
716 3303 2966 3508 Zwang. Wenn du in drei Tagen zurückkommst
707 3466 2119 3700 mit den gleichen Gefühlen
