3513 4120
306 224 769 434 8/8.1977
2804 294 3001 509 115
774 466 3022 687 Winkler, Berta und Treuenhof kommen herein.
777 591 3115 865 Treuenhof: Du,Willy, ich glaube, es ist Zeit,
771 809 2023 1004 dass wir uns umkleiden.
769 873 3098 1159 Willy: Ich denke auch. Wir haben noch nicht
774 1060 2236 1243 einmal die Fräcke probiert.
786 1176 3098 1435 Winkler: (zur Mutter), mit Anspielung auf das
757 1351 2876 1616 Cespräch zwischen ihr und Willy) Hat er
769 1587 1278 1776 Schulden?
757 1657 2492 1913 Mutter: Bitt dich, bleib noch da.
766 1796 2937 2082 Willy: Wir kommen dann noch herunter und
774 1945 2981 2183 lassen uns bewundern. (unvermittelt) Soll
766 2105 3028 2314 ich dir übrigens das Neueste erzählen? Das
771 2268 2204 2466 eine Aquarell ist verkauft.
763 2440 1799 2690 Berta: Um wie viel?
760 2498 2914 2836 Willy: Hundertfünfzig. (ab mit Treuenhof)
748 2780 2271 3007 Mutter,Berta,Hofrat Winkler.
751 2923 3092 3144 Berta: Was gibt's denn? Da ist was nicht in
2262 3013 2440 3141 In:
763 3138 1182 3319 Ordnung.
751 3188 2990 3450 Mutter: (zu Winkler), wie mit einer plötzli-
751 3357 3066 3616 chen Eingebung) Du musst mir helfen.Du bist
769 3531 2870 3756 der Einzige, der vielleicht helfen kann.
