3640 4200
2933 339 3096 529 191
951 481 3239 743 Willy: Es ist nicht Ihr Eigentum und bleibt das
927 728 1260 877 meine.
915 859 3126 1019 Zack: (laghelnd) Eine juridisch nicht haltbare
921 1010 1518 1183 Auffassung.
918 1123 3164 1334 Es wäre vollkommen in Lisas Belieben gestanden
915 1331 3126 1509 Ihnen weiter zu diesem Bild zu sitzen, (bis an
906 1495 3120 1655 inr Lebensende, wenn es ihr beliebt hätte. Ein
906 1646 3072 1830 Bila braucht ja eigentlich nie fertig zu wer-
888 1747 1408 1973 den.  -  haj.
2329 1872 2481 1958 in u
891 1958 3230 2092 Willy: Verzeihen Sie, Herr Zack,es stand nicht im
2130 2032 2383 2136 Sie Sib
868 2080 3069 2285 Belieben Ihrer Gattin./ Da Sie ihr ja nicht ge
871 2258 2980 2457 stattet haben mich wiederzusehen seit jenem
859 2395 1355 2582 Ballabend
844 2532 3010 2745 Zack: Ein Versprechen,das natürlich genalten
2017 2665 3120 2843 (V. de Euress Sr Ehebri
850 2719 1165 2885 wurde?
2255 2769 3307 2903 habe Er allieben uitrüder
838 2873 3221 3031 Nun ja, bis nach meiner Rückkunft.-Die Seit meiner
826 3016 3182 3179 Abwesenheit sollte sie dazu benützen,um mit sich
2621 3111 3292 3230 Heir wenn die Sich alle
826 3150 3037 3366 zu Rate zu gehen, um sich zu entscheidenf Aber
428 3239 767 3441 brend
814 3331 3013 3464 nachner wäre es ihr ja freigestanden, wenn sie
787 3441 2344 3664 sich für Sie entschieden hätte.
