3512 4280
2855 380 2990 561 60
999 523 2467 777 Treuenhof: Frag mich nicht.
1008 690 3016 894 Winkler: Du siehst grad so aus wie vor
997 836 3250 1035 zwei, wie vor sieben jahren,wien vor zwanzig.
1014 973 2864 1198 on veränderst dich überhaupt nicht,
994 1163 3349 1353 Treuenhof: Kein Wunder,wenn man seit zwan¬
997 1301 2563 1514 zig Jahren ein Sterbender ist.
1046 1444 3168 1640 Winkler: Ja, du ha st dir das Leben immer
991 1631 2031 1832 sehr bequem gemacht.
999 1780 1938 1996 Treuenhof: Bequem?
1029 1900 3013 2125 Winkler: Notja, auf dem notenbett hört
1014 2084 2461 2277 jede Verantwortlichkeit auf.
959 2233 3142 2446 (Rupp und Glüssner komt herzu,begrüsst
988 2373 2160 2560 Willi und den Hofrat).
970 2557 1119 2639 Suorin
979 2563 3092 2730 Also wieder in Wien, Herr Hof-
1669 2680 2335 2858 Amt ueure or
976 2730 1216 2908 nat?
962 2747 3165 3042 Glei schner: Und stürzen sich gleich wieder
973 2972 2841 3191 ins brausende Leben der Grossstadt?
964 3124 2110 3302 Winkler: Braust's da?
962 3294 3001 3489 Rapp: (tritt gleichfalls dazu) Erlauben
962 3431 3235 3653 Sie auch mir Ihnen die Hand zu drücken. Herr
950 3627 1350 3826 Hofrat.
