3552 4104
2844 332 3023 514 223
3048 413 3183 576 e
645 523 1986 733 heit enden wie du begonnen.
664 699 3013 937 Treuenhof: (zu Neumann) Ist sie vollkommen überge
1165 908 1861 1049 “Rolle heurent.”
648 893 1103 1062 schnappt?
652 993 3136 1181 Lisa: Das ist es ja, was die Grossen von den gewöhn-
639 1162 3023 1322 lichen Sterblichen unterscheidet, die wissen, wann
642 1338 3057 1507 es mit ihnen zu Ende ist - und wann der Augenblick
1582 1416 1911 1526 cheiding
639 1475 2951 1638 gekommen ist zu schweigen. Anastasius Treuenhof
630 1626 3042 1789 will keine Almosen. Er bedarf ihrer nicht,er wird
313 1638 583 1854 unser
623 1779 2851 1930 uns nicht das klägliche Schauspiel geben sich
626 1933 1629 2118 selbst zu überleben.
645 2061 2998 2271 (Blicke zwischen Frau Flatterer und dem Sektions-
611 2233 2854 2440 rat. Einer der Jünger hat versucht ihrem Rede-
608 2412 1720 2584 schwll Einhalt zu tun)
608 2522 3054 2722 Lisa: Lass dir die Hände küssen Anastasius Treuen-
601 2700 2766 2869 hof,es gibt keinen Tod,-du wirst ewig leben.
2609 2719 3107 2907 du Anregen
592 2863 2948 3039 Fr. Flatterer: (Wünscht jemand das Wort zu dem An-
608 3001 1986 3198 trag von Frau Lisa van Zack?
598 3142 3123 3317 Gleissner: Ich finde, der Antrag ist nicht genau for-
589 3342 984 3493 muliert.
592 3439 2913 3721 Rapp: parum muss es ausgerechnet ein Schirlings
