3656 4088
468 338 948 502 17.4.1929
2980 325 3172 474 211
917 514 1512 635 Fünfter Akt.
904 694 1886 870 Salon im Hause Zack.
954 833 3358 1019 as Stubenmädchen führt Mimi und Ferdinand Neumann
892 1010 1254 1180 herein.
1697 1044 1834 1189 M
877 1149 3342 1326 Mimi: (Wieso ist mein Schwester noch nicht zuhause?
1608 1233 1843 1338 In der
2695 1248 2856 1335 2d d
883 1292 3345 1468 Ferdinand: Die Sitzung ist erst für sechs Uhr ange
886 1474 1149 1632 sagt.
1555 1471 2661 1645 Mir halle eerst bekin
873 1608 2915 1778 Mimi: Warumsind wir hier? Nicht notwendig.
1701 1701 2775 1803 Hart de Augs. Auszug gg
873 1747 3321 1964 Ferdinand: (Zum letzten Male. Ich kann heute nicht
2881 1846 3228 1970 in ch it.
873 1920 2837 2016 fehlen, da es sich um Treuenhof handelt.-
939 2007 3119 2190 Gleich nach der Hochzeit fahren wir auf mein
855 2221 2819 2425 Gut und kommen nie wieder hieher zurück.
843 2351 2940 2568 Mimi: Wenn nur Gleissner nicht auch da ist.
852 2546 3187 2704 Ferdinand: Was kümmert uns der. Wir sind darüber
836 2682 3203 2874 erhaben. Es wäre fast Feigheit, wenn wir nicht ge-
821 2837 1478 3054 kommen wären.
1685 3020 2125 3194 R C Abm
812 3172 3302 3355 Rapp: (tritt ein) (Ich höre. Sie sind verlobt.) Gratu-
796 3311 1106 3460 liere.
799 3330 3206 3655 Ferdinand: Wir reisen in wenigen Tagen für immer
796 3630 976 3782 ab.
