<?xml version="1.0" encoding="UTF-8" standalone="yes"?>
<PcGts xmlns="http://schema.primaresearch.org/PAGE/gts/pagecontent/2013-07-15" xmlns:xsi="http://www.w3.org/2001/XMLSchema-instance" xsi:schemaLocation="http://schema.primaresearch.org/PAGE/gts/pagecontent/2013-07-15 http://schema.primaresearch.org/PAGE/gts/pagecontent/2013-07-15/pagecontent.xsd">
    <Metadata>
        <Creator>prov=READ-COOP:name=TrHtr:version=2.1.0:model_id=51170:date=15_08_2023_00:56</Creator>
        <Created>2023-05-10T14:59:50.491+02:00</Created>
        <LastChange>2023-08-15T00:56:44.975+02:00</LastChange>
        <TranskribusMetadata docId="1428698" pageId="55428371" pageNr="39" tsid="132835440" status="IN_PROGRESS" userId="64420" imgUrl="https://files.transkribus.eu/Get?id=HGYUROEGRFFKKGWETAJFGVSB&amp;fileType=view" xmlUrl="https://files.transkribus.eu/Get?id=JLKXMJVPCVZAOHNVBIPWGYKR" imageId="44702444"/>
    </Metadata>
    <Page imageFilename="1428698_0039.jpg" imageWidth="3496" imageHeight="4136">
        <ReadingOrder>
            <OrderedGroup id="ro_1711807739115" caption="Regions reading order">
                <RegionRefIndexed index="0" regionRef="tr_2"/>
                <RegionRefIndexed index="1" regionRef="tr_3"/>
                <RegionRefIndexed index="2" regionRef="tr_1"/>
            </OrderedGroup>
        </ReadingOrder>
        <TextRegion id="tr_2" custom="readingOrder {index:0;}">
            <Coords points="405,361 3130,361 3130,1006 405,1006"/>
            <TextLine id="tr_2_tl_1" custom="readingOrder {index:0;}">
                <Coords points="389,459 444,465 462,482 514,456 549,470 607,462 677,511 767,479 767,319 674,311 633,346 610,322 587,340 488,328 462,351 389,331"/>
                <Baseline points="405,420 417,420 462,417 507,414 552,411 596,411 641,414 686,414 731,420 775,414"/>
                <TextEquiv>
                    <Unicode>2.10.1927</Unicode>
                </TextEquiv>
            </TextLine>
            <TextLine id="tr_2_tl_2" custom="readingOrder {index:1;}">
                <Coords points="2791,488 2808,488 2817,497 2834,485 2857,499 2878,491 2889,505 2924,497 2941,337 2918,331 2883,305 2869,305 2840,287 2831,293 2814,287"/>
                <Baseline points="2808,456 2846,450 2891,447 2936,438"/>
                <TextEquiv>
                    <Unicode>37.</Unicode>
                </TextEquiv>
            </TextLine>
            <TextLine id="tr_2_tl_3" custom="readingOrder {index:2;}">
                <Coords points="1333,552 1405,555 1484,508 1603,549 1699,499 1800,546 1989,508 2036,540 2131,531 2134,383 1928,438 1792,366 1635,427 1559,407 1510,450 1429,395 1336,407"/>
                <Baseline points="1348,483 1378,486 1423,486 1468,486 1512,489 1557,486 1602,483 1647,483 1692,483 1736,483 1781,480 1826,483 1871,483 1915,483 1960,483 2005,489 2050,486 2094,483 2139,480"/>
                <TextEquiv>
                    <Unicode>Ihr Gatt nicht zu</Unicode>
                </TextEquiv>
            </TextLine>
            <TextLine id="tr_2_tl_4" custom="readingOrder {index:3;}">
                <Coords points="828,688 2073,616 2869,668 2927,540 830,540"/>
                <Baseline points="844,626 871,629 916,629 960,635 1005,629 1050,629 1095,626 1139,626 1184,626 1229,626 1274,623 1318,623 1363,623 1408,623 1453,623 1498,626 1542,620 1587,620 1632,620 1677,617 1721,617 1766,617 1811,614 1856,614 1900,614 1945,611 1990,614 2035,617 2079,614 2124,614 2169,611 2214,614 2258,611 2303,611 2348,611 2393,611 2438,608 2482,608 2527,608 2572,608 2617,605 2661,608 2706,608 2751,608 2796,608 2840,605 2885,602 2930,599"/>
                <TextEquiv>
                    <Unicode>Rapp: Wenn du ihr Urgrossvater wärst, so</Unicode>
                </TextEquiv>
            </TextLine>
            <TextLine id="tr_2_tl_5" custom="readingOrder {index:4;}">
                <Coords points="819,793 1478,787 1757,880 1980,804 3026,848 3122,833 3124,665 819,685"/>
                <Baseline points="835,775 847,778 892,778 937,778 981,778 1026,778 1071,778 1116,778 1160,775 1205,775 1250,775 1295,775 1339,775 1384,775 1429,775 1474,772 1518,772 1563,772 1608,772 1653,769 1697,769 1742,769 1787,772 1832,772 1877,769 1921,769 1966,769 2011,766 2056,766 2100,766 2145,766 2190,766 2235,766 2279,766 2324,766 2369,763 2414,763 2458,760 2503,760 2548,760 2593,757 2637,757 2682,757 2727,757 2772,757 2817,757 2861,757 2906,754 2951,754 2996,752 3040,749 3085,749 3130,746"/>
                <TextEquiv>
                    <Unicode>wärst du schon (seit fünfzig) Jahren tot.Dies</Unicode>
                </TextEquiv>
            </TextLine>
            <TextLine id="tr_2_tl_6" custom="readingOrder {index:5;}">
                <Coords points="813,987 909,1005 1220,941 1371,979 1446,955 1574,967 1574,880 1472,845 1350,839 1318,862 1156,839 1022,874 880,842 813,857"/>
                <Baseline points="829,925 865,925 910,925 954,925 999,928 1044,925 1089,925 1133,925 1178,925 1223,925 1268,922 1313,925 1357,922 1402,922 1447,922 1492,922 1536,919 1581,913"/>
                <TextEquiv>
                    <Unicode>wünscht Ihnen</Unicode>
                </TextEquiv>
            </TextLine>
            <TextLine id="tr_2_tl_7" custom="readingOrder {index:6;}">
                <Coords points="1617,1019 1705,1011 1734,1028 1783,1005 2001,999 2076,1011 2126,993 2126,920 2088,909 2024,932 1928,903 1853,941 1812,941 1670,889 1617,900"/>
                <Baseline points="1632,990 1641,990 1686,996 1730,993 1775,993 1820,990 1865,990 1909,990 1954,990 1999,987 2044,987 2088,987 2133,987"/>
                <TextEquiv>
                    <Unicode>Treuenhof.</Unicode>
                </TextEquiv>
            </TextLine>
        </TextRegion>
        <TextRegion id="tr_3" custom="readingOrder {index:1;}">
            <Coords points="775,997 3121,997 3121,2618 775,2618"/>
            <TextLine id="tr_3_tl_1" custom="readingOrder {index:0;}">
                <Coords points="822,1132 2817,1092 3020,1069 3023,984 825,984"/>
                <Baseline points="838,1080 883,1080 928,1083 972,1083 1017,1086 1062,1083 1107,1083 1151,1083 1196,1083 1241,1080 1286,1080 1330,1080 1375,1080 1420,1080 1465,1080 1509,1080 1554,1080 1599,1080 1644,1083 1689,1080 1733,1077 1778,1077 1823,1074 1868,1074 1912,1074 1957,1074 2002,1071 2047,1071 2091,1068 2136,1071 2181,1071 2226,1068 2270,1065 2315,1065 2360,1065 2405,1062 2449,1062 2494,1059 2539,1059 2584,1059 2629,1059 2673,1059 2718,1059 2763,1059 2808,1059 2852,1059 2897,1056 2942,1053 2987,1050 3031,1047"/>
                <TextEquiv>
                    <Unicode>Fr. Flatterer: (zu x============), die xxxde</Unicode>
                </TextEquiv>
            </TextLine>
            <TextLine id="tr_3_tl_2" custom="readingOrder {index:1;}">
                <Coords points="807,1263 2820,1281 3043,1246 3046,1109 810,1159"/>
                <Baseline points="823,1220 859,1220 904,1223 948,1229 993,1229 1038,1232 1083,1229 1128,1229 1172,1223 1217,1223 1262,1223 1307,1220 1351,1220 1396,1220 1441,1220 1486,1223 1530,1217 1575,1217 1620,1220 1665,1217 1709,1217 1754,1217 1799,1217 1844,1214 1888,1214 1933,1211 1978,1211 2023,1214 2068,1214 2112,1217 2157,1217 2202,1214 2247,1211 2291,1211 2336,1208 2381,1211 2426,1208 2470,1208 2515,1211 2560,1208 2605,1208 2649,1208 2694,1205 2739,1205 2784,1205 2828,1205 2873,1205 2918,1205 2963,1205 3008,1205 3052,1208"/>
                <TextEquiv>
                    <Unicode>Ach, möchten Sie nicht diese junge</Unicode>
                </TextEquiv>
            </TextLine>
            <TextLine id="tr_3_tl_3" custom="readingOrder {index:2;}">
                <Coords points="799,1426 2300,1478 2637,1362 3113,1391 3113,1286 799,1307"/>
                <Baseline points="814,1369 838,1372 883,1372 928,1372 972,1375 1017,1375 1062,1372 1107,1375 1151,1375 1196,1375 1241,1375 1286,1372 1330,1372 1375,1369 1420,1369 1465,1375 1509,1372 1554,1369 1599,1369 1644,1369 1689,1369 1733,1369 1778,1369 1823,1369 1868,1369 1912,1369 1957,1366 2002,1366 2047,1366 2091,1366 2136,1366 2181,1366 2226,1366 2270,1363 2315,1366 2360,1366 2405,1363 2449,1363 2494,1363 2539,1360 2584,1360 2629,1360 2673,1360 2718,1360 2763,1360 2808,1360 2852,1360 2897,1360 2942,1357 2987,1357 3031,1357 3076,1354 3121,1354"/>
                <TextEquiv>
                    <Unicode>Dame auffordern ein bischenbei uns Platz zu</Unicode>
                </TextEquiv>
            </TextLine>
            <TextLine id="tr_3_tl_4" custom="readingOrder {index:3;}">
                <Coords points="796,1568 874,1609 984,1597 1016,1612 1103,1554 1127,1568 1193,1554 1193,1429 1159,1434 1118,1475 1092,1458 1025,1458 1005,1475 955,1449 906,1466 799,1469"/>
                <Baseline points="814,1530 844,1530 889,1527 934,1527 978,1530 1023,1530 1068,1527 1113,1527 1157,1527 1202,1524"/>
                <TextEquiv>
                    <Unicode>nehmen?</Unicode>
                </TextEquiv>
            </TextLine>
            <TextLine id="tr_3_tl_5" custom="readingOrder {index:4;}">
                <Coords points="796,1745 1188,1757 1371,1710 1458,1739 1681,1705 1760,1728 1760,1568 1301,1620 796,1583"/>
                <Baseline points="811,1680 856,1680 901,1680 945,1683 990,1686 1035,1686 1080,1686 1125,1686 1169,1686 1214,1686 1259,1683 1304,1683 1348,1683 1393,1680 1438,1683 1483,1680 1527,1680 1572,1677 1617,1680 1662,1680 1706,1680 1751,1680 1766,1680"/>
                <TextEquiv>
                    <Unicode>Treuenhof: Albine!</Unicode>
                </TextEquiv>
            </TextLine>
            <TextLine id="tr_3_tl_6" custom="readingOrder {index:5;}">
                <Coords points="787,1911 2323,1899 2323,1768 2073,1736 787,1765"/>
                <Baseline points="802,1844 808,1841 853,1844 898,1844 942,1841 987,1841 1032,1838 1077,1838 1122,1838 1166,1838 1211,1838 1256,1835 1301,1838 1345,1835 1390,1835 1435,1835 1480,1835 1524,1835 1569,1835 1614,1838 1659,1835 1703,1835 1748,1835 1793,1835 1838,1835 1882,1835 1927,1832 1972,1832 2017,1835 2062,1832 2106,1835 2151,1832 2196,1829 2241,1829 2285,1829 2330,1823"/>
                <TextEquiv>
                    <Unicode>Albine: (sieht nur zu ihm hin</Unicode>
                </TextEquiv>
            </TextLine>
            <TextLine id="tr_3_tl_7" custom="readingOrder {index:6;}">
                <Coords points="799,2062 2651,1986 2811,2041 2886,1870 2584,1931 799,1914"/>
                <Baseline points="814,1990 832,1990 877,1990 922,1990 966,1990 1011,1993 1056,1990 1101,1990 1145,1990 1190,1993 1235,1993 1280,1993 1324,1993 1369,1987 1414,1987 1459,1990 1504,1987 1548,1987 1593,1987 1638,1987 1683,1987 1727,1987 1772,1987 1817,1987 1862,1984 1906,1981 1951,1984 1996,1984 2041,1981 2085,1981 2130,1981 2175,1981 2220,1981 2264,1984 2309,1981 2354,1981 2399,1981 2444,1981 2488,1978 2533,1981 2578,1981 2623,1981 2667,1978 2712,1978 2757,1978 2802,1978 2846,1978 2891,1975"/>
                <TextEquiv>
                    <Unicode>Treuenhof: Komm ein bischen her zu uns.</Unicode>
                </TextEquiv>
            </TextLine>
            <TextLine id="tr_3_tl_8" custom="readingOrder {index:7;}">
                <Coords points="764,2204 1562,2245 2915,2149 2915,2044 2793,2033 767,2065"/>
                <Baseline points="784,2151 820,2148 865,2148 910,2145 954,2148 999,2148 1044,2145 1089,2145 1133,2148 1178,2145 1223,2145 1268,2145 1313,2145 1357,2145 1402,2145 1447,2145 1492,2145 1536,2142 1581,2142 1626,2145 1671,2142 1715,2142 1760,2142 1805,2142 1850,2142 1894,2139 1939,2139 1984,2142 2029,2139 2073,2139 2118,2139 2163,2136 2208,2136 2253,2136 2297,2142 2342,2142 2387,2139 2432,2136 2476,2133 2521,2133 2566,2133 2611,2133 2655,2133 2700,2133 2745,2130 2790,2130 2834,2130 2879,2127 2924,2130"/>
                <TextEquiv>
                    <Unicode>Albine: (kommt heran), leise zu ihm)Er hat</Unicode>
                </TextEquiv>
            </TextLine>
            <TextLine id="tr_3_tl_9" custom="readingOrder {index:8;}">
                <Coords points="761,2335 1156,2361 1458,2303 1646,2355 2044,2300 2131,2340 2271,2308 2271,2227 1562,2245 1286,2192 1150,2248 1025,2198 761,2230"/>
                <Baseline points="778,2297 802,2300 847,2300 892,2297 937,2300 981,2300 1026,2300 1071,2300 1116,2300 1160,2297 1205,2297 1250,2294 1295,2294 1339,2294 1384,2294 1429,2294 1474,2294 1518,2294 1563,2294 1608,2294 1653,2294 1697,2294 1742,2294 1787,2294 1832,2294 1877,2294 1921,2291 1966,2288 2011,2288 2056,2288 2100,2285 2145,2285 2190,2288 2235,2291 2279,2291"/>
                <TextEquiv>
                    <Unicode>meinen Brief schon bekommen.</Unicode>
                </TextEquiv>
            </TextLine>
            <TextLine id="tr_3_tl_10" custom="readingOrder {index:9;}">
                <Coords points="758,2523 2866,2468 2866,2367 2610,2332 1873,2407 1612,2332 761,2378"/>
                <Baseline points="778,2452 814,2458 859,2455 904,2458 948,2455 993,2455 1038,2452 1083,2452 1128,2452 1172,2452 1217,2449 1262,2449 1307,2449 1351,2449 1396,2449 1441,2449 1486,2449 1530,2449 1575,2449 1620,2446 1665,2446 1709,2446 1754,2446 1799,2446 1844,2446 1888,2446 1933,2446 1978,2444 2023,2444 2068,2444 2112,2444 2157,2441 2202,2444 2247,2444 2291,2444 2336,2444 2381,2444 2426,2441 2470,2441 2515,2441 2560,2441 2605,2441 2649,2438 2694,2438 2739,2438 2784,2435 2828,2435 2873,2438"/>
                <TextEquiv>
                    <Unicode>Fr. Flatterer: Wollen Sie sich nicht ein</Unicode>
                </TextEquiv>
            </TextLine>
            <TextLine id="tr_3_tl_11" custom="readingOrder {index:10;}">
                <Coords points="758,2666 2898,2622 2898,2520 2558,2454 1757,2549 758,2526"/>
                <Baseline points="775,2602 802,2605 847,2605 892,2605 937,2605 981,2605 1026,2608 1071,2608 1116,2608 1160,2608 1205,2608 1250,2605 1295,2608 1339,2605 1384,2605 1429,2605 1474,2605 1518,2602 1563,2605 1608,2605 1653,2605 1697,2602 1742,2605 1787,2602 1832,2605 1877,2599 1921,2602 1966,2599 2011,2599 2056,2599 2100,2599 2145,2599 2190,2599 2235,2596 2279,2599 2324,2596 2369,2596 2414,2593 2458,2593 2503,2593 2548,2593 2593,2593 2637,2593 2682,2590 2727,2590 2772,2593 2817,2590 2861,2590 2906,2587"/>
                <TextEquiv>
                    <Unicode>bischen zu uns setzen,Fräulein? Darf ich</Unicode>
                </TextEquiv>
            </TextLine>
        </TextRegion>
        <TextRegion id="tr_1" custom="readingOrder {index:2;}">
            <Coords points="740,2695 3088,2695 3088,3698 740,3698"/>
            <TextLine id="tr_1_tl_1" custom="readingOrder {index:0;}">
                <Coords points="772,2814 2640,2799 2863,2750 2866,2637 2544,2695 775,2669"/>
                <Baseline points="787,2775 811,2769 856,2766 901,2766 945,2766 990,2763 1035,2763 1080,2763 1125,2763 1169,2766 1214,2766 1259,2766 1304,2763 1348,2760 1393,2760 1438,2757 1483,2757 1527,2757 1572,2754 1617,2754 1662,2754 1706,2754 1751,2754 1796,2754 1841,2754 1885,2754 1930,2754 1975,2754 2020,2754 2065,2754 2109,2754 2154,2751 2199,2751 2244,2751 2288,2751 2333,2748 2378,2748 2423,2748 2467,2745 2512,2748 2557,2745 2602,2745 2646,2748 2691,2748 2736,2745 2781,2745 2825,2745 2870,2748"/>
                <TextEquiv>
                    <Unicode>Ihnen irgend etwas anbieten? Ihre Augen</Unicode>
                </TextEquiv>
            </TextLine>
            <TextLine id="tr_1_tl_2" custom="readingOrder {index:1;}">
                <Coords points="2718,2837 2735,2840 2756,2822 2802,2831 2825,2828 2843,2840 2866,2825 2881,2828 2889,2759 2849,2750 2837,2761 2828,2753 2814,2761 2796,2747 2753,2785 2724,2782"/>
                <Baseline points="2733,2820 2766,2820 2811,2817 2855,2814 2894,2799"/>
                <TextEquiv>
                    <Unicode>to the</Unicode>
                </TextEquiv>
            </TextLine>
            <TextLine id="tr_1_tl_3" custom="readingOrder {index:2;}">
                <Coords points="2369,2849 2489,2828 2573,2849 2619,2828 2663,2828 2666,2793 2640,2802 2593,2770 2532,2791 2480,2767 2465,2779 2442,2782 2428,2770 2398,2791 2372,2788"/>
                <Baseline points="2384,2828 2405,2828 2449,2828 2494,2828 2539,2828 2584,2831 2629,2822 2673,2822"/>
                <TextEquiv>
                    <Unicode>zu ist</Unicode>
                </TextEquiv>
            </TextLine>
            <TextLine id="tr_1_tl_4" custom="readingOrder {index:3;}">
                <Coords points="749,2933 3002,2976 3084,2959 3087,2840 752,2863"/>
                <Baseline points="766,2918 805,2915 850,2918 895,2915 940,2915 984,2915 1029,2915 1074,2912 1119,2915 1163,2915 1208,2915 1253,2915 1298,2915 1342,2915 1387,2912 1432,2915 1477,2912 1521,2912 1566,2909 1611,2912 1656,2909 1700,2909 1745,2909 1790,2909 1835,2909 1880,2909 1924,2909 1969,2906 2014,2906 2059,2906 2103,2906 2148,2906 2193,2906 2238,2906 2282,2906 2327,2906 2372,2906 2417,2906 2461,2900 2506,2903 2551,2903 2596,2903 2640,2900 2685,2897 2730,2900 2775,2900 2820,2900 2864,2900 2909,2900 2954,2903 2999,2903 3043,2903 3088,2912"/>
                <TextEquiv>
                    <Unicode>erinnern mich so sehr an eine ### Kollegin,</Unicode>
                </TextEquiv>
            </TextLine>
            <TextLine id="tr_1_tl_5" custom="readingOrder {index:4;}">
                <Coords points="732,3104 2070,3061 2654,3139 3058,3081 3061,2965 735,3020"/>
                <Baseline points="749,3070 784,3070 829,3070 874,3070 919,3073 963,3070 1008,3070 1053,3070 1098,3070 1142,3070 1187,3073 1232,3073 1277,3070 1321,3070 1366,3070 1411,3070 1456,3067 1501,3067 1545,3067 1590,3064 1635,3064 1680,3064 1724,3064 1769,3064 1814,3061 1859,3061 1903,3061 1948,3058 1993,3058 2038,3058 2082,3058 2127,3058 2172,3058 2217,3058 2261,3061 2306,3058 2351,3058 2396,3058 2441,3058 2485,3058 2530,3055 2575,3058 2620,3061 2664,3058 2709,3058 2754,3055 2799,3055 2843,3052 2888,3052 2933,3052 2978,3052 3022,3055 3067,3055"/>
                <TextEquiv>
                    <Unicode>mit der ich auf derselen Schulbank gesessen</Unicode>
                </TextEquiv>
            </TextLine>
            <TextLine id="tr_1_tl_6" custom="readingOrder {index:5;}">
                <Coords points="1789,3159 1879,3139 1914,3151 2001,3139 2038,3156 2152,3156 2152,3084 2082,3075 2053,3087 2024,3066 2009,3081 1986,3072 1946,3092 1902,3061 1838,3081 1789,3069"/>
                <Baseline points="1805,3139 1847,3136 1891,3139 1936,3139 1981,3139 2026,3136 2070,3136 2115,3136 2160,3136"/>
                <TextEquiv>
                    <Unicode>Lehrers</Unicode>
                </TextEquiv>
            </TextLine>
            <TextLine id="tr_1_tl_7" custom="readingOrder {index:6;}">
                <Coords points="755,3275 2584,3293 2715,3270 2718,3098 2515,3145 2282,3081 2120,3162 1812,3171 758,3107"/>
                <Baseline points="772,3216 817,3225 862,3225 907,3225 951,3225 996,3228 1041,3225 1086,3228 1130,3225 1175,3225 1220,3222 1265,3222 1310,3222 1354,3222 1399,3219 1444,3219 1489,3219 1533,3219 1578,3219 1623,3216 1668,3219 1712,3216 1757,3216 1802,3219 1847,3216 1891,3213 1936,3213 1981,3210 2026,3210 2070,3210 2115,3210 2160,3210 2205,3213 2250,3213 2294,3213 2339,3210 2384,3210 2429,3210 2473,3213 2518,3213 2563,3216 2608,3216 2652,3216 2697,3219 2721,3216"/>
                <TextEquiv>
                    <Unicode>übin, an eine kleine Pastorstochter...</Unicode>
                </TextEquiv>
            </TextLine>
            <TextLine id="tr_1_tl_8" custom="readingOrder {index:7;}">
                <Coords points="732,3447 1031,3409 1118,3455 1312,3415 1434,3458 1632,3421 1725,3467 2001,3455 2079,3429 2082,3290 1806,3273 1716,3328 1626,3281 1423,3316 1228,3264 1106,3322 909,3325 735,3275"/>
                <Baseline points="749,3381 787,3386 832,3384 877,3384 922,3384 966,3384 1011,3384 1056,3384 1101,3384 1145,3381 1190,3381 1235,3381 1280,3378 1324,3378 1369,3378 1414,3378 1459,3378 1504,3375 1548,3378 1593,3375 1638,3378 1683,3375 1727,3375 1772,3372 1817,3372 1862,3372 1906,3372 1951,3375 1996,3375 2041,3381 2085,3378"/>
                <TextEquiv>
                    <Unicode>Albine: (antworte t nicht).</Unicode>
                </TextEquiv>
            </TextLine>
            <TextLine id="tr_1_tl_9" custom="readingOrder {index:8;}">
                <Coords points="723,3612 2738,3592 2933,3566 2936,3394 2329,3467 2195,3400 1243,3487 723,3450"/>
                <Baseline points="740,3533 746,3533 790,3542 835,3542 880,3542 925,3542 969,3539 1014,3539 1059,3539 1104,3536 1148,3536 1193,3536 1238,3539 1283,3536 1327,3536 1372,3536 1417,3536 1462,3533 1506,3527 1551,3530 1596,3530 1641,3530 1686,3530 1730,3530 1775,3530 1820,3530 1865,3530 1909,3530 1954,3527 1999,3530 2044,3527 2088,3527 2133,3530 2178,3530 2223,3530 2267,3530 2312,3530 2357,3527 2402,3527 2446,3530 2491,3524 2536,3524 2581,3524 2626,3518 2670,3515 2715,3515 2760,3515 2805,3518 2849,3518 2894,3518 2939,3518"/>
                <TextEquiv>
                    <Unicode>Fr. Flatterer: SSie sind gewiss auch - Wie</Unicode>
                </TextEquiv>
            </TextLine>
            <TextLine id="tr_1_tl_10" custom="readingOrder {index:9;}">
                <Coords points="787,3723 2195,3740 2195,3583 1167,3633 787,3601"/>
                <Baseline points="802,3685 814,3688 859,3688 904,3688 948,3688 993,3685 1038,3685 1083,3685 1128,3688 1172,3688 1217,3685 1262,3685 1307,3682 1351,3685 1396,3685 1441,3682 1486,3682 1530,3682 1575,3682 1620,3682 1665,3682 1709,3682 1754,3682 1799,3679 1844,3679 1888,3679 1933,3676 1978,3676 2023,3676 2068,3676 2112,3676 2157,3673 2202,3670"/>
                <TextEquiv>
                    <Unicode>heissen Sie denn, Fräulein?</Unicode>
                </TextEquiv>
            </TextLine>
        </TextRegion>
    </Page>
</PcGts>
