<?xml version="1.0" encoding="UTF-8" standalone="yes"?>
<PcGts xmlns="http://schema.primaresearch.org/PAGE/gts/pagecontent/2013-07-15" xmlns:xsi="http://www.w3.org/2001/XMLSchema-instance" xsi:schemaLocation="http://schema.primaresearch.org/PAGE/gts/pagecontent/2013-07-15 http://schema.primaresearch.org/PAGE/gts/pagecontent/2013-07-15/pagecontent.xsd">
    <Metadata>
        <Creator>prov=READ-COOP:name=TrHtr:version=2.1.0:model_id=51170:date=15_08_2023_00:56</Creator>
        <Created>2023-05-10T14:59:53.357+02:00</Created>
        <LastChange>2023-08-15T00:56:50.859+02:00</LastChange>
        <TranskribusMetadata docId="1428698" pageId="55428487" pageNr="57" tsid="132835458" status="IN_PROGRESS" userId="64420" imgUrl="https://files.transkribus.eu/Get?id=LQGQEUIDHVODFNPIQOGOKCXA&amp;fileType=view" xmlUrl="https://files.transkribus.eu/Get?id=BRYJHWKDPJMDSCUBYWTLQFCH" imageId="44702560"/>
    </Metadata>
    <Page imageFilename="1428698_0057.jpg" imageWidth="3544" imageHeight="4200">
        <ReadingOrder>
            <OrderedGroup id="ro_1711807772241" caption="Regions reading order">
                <RegionRefIndexed index="0" regionRef="tr_1"/>
                <RegionRefIndexed index="1" regionRef="tr_2"/>
            </OrderedGroup>
        </ReadingOrder>
        <TextRegion id="tr_1" custom="readingOrder {index:0;}">
            <Coords points="871,421 3235,421 3235,2389 871,2389"/>
            <TextLine id="tr_1_tl_1" custom="readingOrder {index:0;}">
                <Coords points="2953,526 2974,526 2983,535 3001,526 3018,538 3045,523 3060,526 3074,511 3080,517 3113,508 3113,367 3048,372 3021,396 2983,405 2953,399"/>
                <Baseline points="2970,477 2985,474 3029,477 3074,477 3119,471"/>
                <TextEquiv>
                    <Unicode>55</Unicode>
                </TextEquiv>
            </TextLine>
            <TextLine id="tr_1_tl_2" custom="readingOrder {index:1;}">
                <Coords points="952,712 2953,686 3033,668 3036,547 955,582"/>
                <Baseline points="967,695 979,692 1023,689 1068,686 1113,686 1158,686 1202,686 1247,686 1292,683 1337,683 1382,680 1426,680 1471,680 1516,680 1561,677 1605,677 1650,677 1695,677 1740,677 1785,674 1829,674 1874,674 1919,674 1964,671 2008,668 2053,668 2098,668 2143,668 2188,665 2232,665 2277,662 2322,662 2367,662 2411,659 2456,656 2501,656 2546,656 2591,656 2635,656 2680,653 2725,650 2770,650 2814,650 2859,653 2904,650 2949,647 2994,644 3038,644"/>
                <TextEquiv>
                    <Unicode>(Sie haben sich in die Nähe der Türe an</Unicode>
                </TextEquiv>
            </TextLine>
            <TextLine id="tr_1_tl_3" custom="readingOrder {index:2;}">
                <Coords points="893,872 1901,845 1883,742 1765,777 1691,745 896,757"/>
                <Baseline points="913,838 922,841 967,841 1011,841 1056,841 1101,841 1146,841 1191,841 1235,838 1280,838 1325,838 1370,838 1414,838 1459,841 1504,838 1549,838 1594,832 1638,832 1683,829 1728,829 1773,826 1817,826 1862,823 1907,820"/>
                <TextEquiv>
                    <Unicode>einenTisch gesetzt)</Unicode>
                </TextEquiv>
            </TextLine>
            <TextLine id="tr_1_tl_4" custom="readingOrder {index:3;}">
                <Coords points="866,1076 1321,999 1484,1058 2998,999 3116,973 3122,831 872,916"/>
                <Baseline points="886,1000 931,997 976,1000 1020,1000 1065,997 1110,997 1155,997 1200,997 1244,994 1289,991 1334,991 1379,988 1423,988 1468,988 1513,985 1558,985 1602,985 1647,982 1692,982 1737,979 1782,976 1826,976 1871,976 1916,976 1961,976 2005,973 2050,973 2095,970 2140,970 2185,970 2229,967 2274,967 2319,964 2364,964 2408,964 2453,964 2498,961 2543,961 2588,961 2632,961 2677,961 2722,961 2767,961 2811,958 2856,955 2901,952 2946,952 2991,949 3035,946 3080,946 3125,946"/>
                <TextEquiv>
                    <Unicode>Willy: Warum eigen lich? Bist du irgendwie</Unicode>
                </TextEquiv>
            </TextLine>
            <TextLine id="tr_1_tl_5" custom="readingOrder {index:4;}">
                <Coords points="863,1168 2924,1150 3036,1109 3039,1020 866,1073"/>
                <Baseline points="880,1164 895,1164 940,1161 985,1161 1029,1155 1074,1152 1119,1149 1164,1143 1208,1143 1253,1143 1298,1140 1343,1140 1388,1140 1432,1137 1477,1137 1522,1137 1567,1137 1611,1134 1656,1134 1701,1131 1746,1131 1791,1128 1835,1128 1880,1128 1925,1128 1970,1125 2014,1125 2059,1122 2104,1122 2149,1119 2194,1119 2238,1116 2283,1116 2328,1113 2373,1113 2417,1113 2462,1110 2507,1110 2552,1110 2597,1110 2641,1110 2686,1110 2731,1113 2776,1110 2820,1113 2865,1113 2910,1110 2955,1107 3000,1104 3044,1104"/>
                <TextEquiv>
                    <Unicode>gegen meine Mutter verstimmt? Oder gegen</Unicode>
                </TextEquiv>
            </TextLine>
            <TextLine id="tr_1_tl_6" custom="readingOrder {index:5;}">
                <Coords points="1786,1313 2312,1265 2672,1316 2803,1286 2808,1138 2566,1120 2477,1162 2332,1126 2253,1171 2128,1126 2031,1185 1857,1144 1789,1168"/>
                <Baseline points="1805,1217 1826,1220 1871,1223 1916,1229 1961,1232 2005,1235 2050,1235 2095,1235 2140,1226 2185,1226 2229,1220 2274,1217 2319,1214 2364,1211 2408,1211 2453,1211 2498,1211 2543,1211 2588,1208 2632,1211 2677,1208 2722,1205 2767,1205 2811,1214"/>
                <TextEquiv>
                    <Unicode>Swy -. h d'art ½ jnt</Unicode>
                </TextEquiv>
            </TextLine>
            <TextLine id="tr_1_tl_7" custom="readingOrder {index:6;}">
                <Coords points="863,1316 1188,1318 1271,1366 1478,1295 1715,1318 1750,1310 1753,1191 1484,1227 1117,1174 916,1250 863,1230"/>
                <Baseline points="880,1307 907,1304 952,1301 997,1298 1041,1298 1086,1298 1131,1298 1176,1295 1220,1295 1265,1295 1310,1292 1355,1289 1400,1289 1444,1289 1489,1286 1534,1286 1579,1286 1623,1286 1668,1286 1713,1283 1758,1286"/>
                <TextEquiv>
                    <Unicode>meine Schwester?</Unicode>
                </TextEquiv>
            </TextLine>
            <TextLine id="tr_1_tl_8" custom="readingOrder {index:7;}">
                <Coords points="854,1517 3184,1478 3231,1321 2052,1283 857,1378"/>
                <Baseline points="871,1456 907,1459 952,1456 997,1453 1041,1453 1086,1450 1131,1450 1176,1450 1220,1450 1265,1447 1310,1447 1355,1447 1400,1450 1444,1450 1489,1447 1534,1444 1579,1444 1623,1441 1668,1441 1713,1444 1758,1438 1802,1435 1847,1435 1892,1432 1937,1432 1982,1432 2026,1429 2071,1429 2116,1429 2161,1429 2205,1426 2250,1426 2295,1423 2340,1423 2385,1423 2429,1423 2474,1420 2519,1420 2564,1420 2608,1420 2653,1420 2698,1417 2743,1417 2788,1414 2832,1414 2877,1414 2922,1417 2967,1420 3011,1414 3056,1411 3101,1408 3146,1405 3191,1405 3235,1408"/>
                <TextEquiv>
                    <Unicode>Treuenhof: ich gehe nirgends mehr hin. Soll</Unicode>
                </TextEquiv>
            </TextLine>
            <TextLine id="tr_1_tl_9" custom="readingOrder {index:8;}">
                <Coords points="860,1650 3098,1620 3122,1478 863,1525"/>
                <Baseline points="877,1608 889,1608 934,1608 979,1605 1023,1605 1068,1605 1113,1605 1158,1605 1202,1602 1247,1602 1292,1600 1337,1602 1382,1600 1426,1597 1471,1597 1516,1597 1561,1597 1605,1594 1650,1594 1695,1594 1740,1594 1785,1591 1829,1588 1874,1588 1919,1585 1964,1585 2008,1585 2053,1585 2098,1585 2143,1582 2188,1582 2232,1582 2277,1579 2322,1579 2367,1576 2411,1576 2456,1573 2501,1573 2546,1570 2591,1570 2635,1570 2680,1573 2725,1570 2770,1567 2814,1567 2859,1567 2904,1567 2949,1564 2994,1564 3038,1561 3083,1561 3128,1564"/>
                <TextEquiv>
                    <Unicode>ich den Geruch dieses Tschocherls in Euer</Unicode>
                </TextEquiv>
            </TextLine>
            <TextLine id="tr_1_tl_10" custom="readingOrder {index:9;}">
                <Coords points="863,1780 3134,1786 3213,1765 3216,1629 866,1700"/>
                <Baseline points="880,1761 889,1761 934,1758 979,1758 1023,1758 1068,1758 1113,1758 1158,1755 1202,1755 1247,1755 1292,1752 1337,1752 1382,1752 1426,1749 1471,1749 1516,1749 1561,1746 1605,1746 1650,1743 1695,1743 1740,1746 1785,1743 1829,1743 1874,1743 1919,1740 1964,1740 2008,1737 2053,1734 2098,1734 2143,1731 2188,1731 2232,1731 2277,1731 2322,1728 2367,1728 2411,1728 2456,1728 2501,1728 2546,1725 2591,1725 2635,1725 2680,1725 2725,1725 2770,1722 2814,1722 2859,1719 2904,1716 2949,1716 2994,1713 3038,1713 3083,1713 3128,1713 3173,1719 3217,1719"/>
                <TextEquiv>
                    <Unicode>reines Haus bringen? Hier ist mein Quartier,</Unicode>
                </TextEquiv>
            </TextLine>
            <TextLine id="tr_1_tl_11" custom="readingOrder {index:10;}">
                <Coords points="857,1919 3225,1939 3228,1794 857,1839"/>
                <Baseline points="874,1916 904,1913 949,1916 994,1913 1038,1913 1083,1913 1128,1913 1173,1910 1217,1910 1262,1910 1307,1910 1352,1910 1397,1904 1441,1901 1486,1901 1531,1901 1576,1901 1620,1901 1665,1901 1710,1901 1755,1898 1800,1898 1844,1898 1889,1895 1934,1895 1979,1895 2023,1895 2068,1892 2113,1892 2158,1889 2202,1889 2247,1886 2292,1886 2337,1886 2382,1883 2426,1883 2471,1883 2516,1880 2561,1880 2605,1880 2650,1880 2695,1877 2740,1877 2785,1874 2829,1874 2874,1874 2919,1871 2964,1871 3008,1868 3053,1868 3098,1865 3143,1868 3188,1868 3232,1868"/>
                <TextEquiv>
                    <Unicode>ih hier gehöre ich her, hier haust Anastasius</Unicode>
                </TextEquiv>
            </TextLine>
            <TextLine id="tr_1_tl_12" custom="readingOrder {index:11;}">
                <Coords points="857,2090 3140,2099 3145,1901 860,1975"/>
                <Baseline points="874,2068 910,2068 955,2068 1000,2068 1044,2068 1089,2065 1134,2065 1179,2065 1223,2065 1268,2062 1313,2062 1358,2062 1402,2059 1447,2059 1492,2056 1537,2056 1582,2056 1626,2056 1671,2056 1716,2056 1761,2053 1805,2053 1850,2050 1895,2050 1940,2050 1985,2050 2029,2050 2074,2050 2119,2047 2164,2047 2208,2044 2253,2041 2298,2041 2343,2038 2388,2038 2432,2038 2477,2035 2522,2035 2567,2035 2611,2035 2656,2035 2701,2032 2746,2032 2791,2032 2835,2032 2880,2029 2925,2026 2970,2026 3014,2023 3059,2020 3104,2023 3149,2026"/>
                <TextEquiv>
                    <Unicode>Treuenhof unter Dirnen, Zuhältern und Litea-</Unicode>
                </TextEquiv>
            </TextLine>
            <TextLine id="tr_1_tl_13" custom="readingOrder {index:12;}">
                <Coords points="860,2279 884,2285 931,2244 987,2264 999,2256 1026,2259 1047,2238 1082,2238 1079,2143 1058,2146 1047,2134 1011,2149 990,2134 970,2149 919,2146 911,2137 869,2164 854,2164"/>
                <Baseline points="874,2223 919,2223 964,2223 1008,2226 1053,2229 1089,2232"/>
                <TextEquiv>
                    <Unicode>ten.</Unicode>
                </TextEquiv>
            </TextLine>
            <TextLine id="tr_1_tl_14" custom="readingOrder {index:13;}">
                <Coords points="851,2460 2052,2359 2844,2409 3069,2377 3072,2217 854,2279"/>
                <Baseline points="871,2376 883,2376 928,2376 973,2379 1017,2379 1062,2379 1107,2376 1152,2376 1197,2376 1241,2373 1286,2370 1331,2370 1376,2370 1420,2370 1465,2367 1510,2367 1555,2367 1600,2367 1644,2364 1689,2364 1734,2361 1779,2361 1823,2361 1868,2361 1913,2358 1958,2358 2002,2358 2047,2355 2092,2352 2137,2352 2182,2349 2226,2349 2271,2349 2316,2349 2361,2346 2405,2349 2450,2346 2495,2346 2540,2343 2585,2343 2629,2340 2674,2340 2719,2337 2764,2337 2808,2337 2853,2337 2898,2334 2943,2334 2988,2331 3032,2331 3077,2334"/>
                <TextEquiv>
                    <Unicode>Willi: Warum setzt du dich selbt so herun-</Unicode>
                </TextEquiv>
            </TextLine>
        </TextRegion>
        <TextRegion id="tr_2" custom="readingOrder {index:1;}">
            <Coords points="847,2442 3217,2442 3217,3783 847,3783"/>
            <TextLine id="tr_2_tl_1" custom="readingOrder {index:0;}">
                <Coords points="845,2542 1434,2587 2341,2516 2563,2593 2720,2507 3021,2516 3024,2374 848,2460"/>
                <Baseline points="862,2534 880,2534 925,2534 970,2534 1014,2534 1059,2534 1104,2531 1149,2531 1194,2525 1238,2525 1283,2525 1328,2525 1373,2525 1417,2525 1462,2522 1507,2522 1552,2522 1597,2522 1641,2525 1686,2522 1731,2519 1776,2516 1820,2513 1865,2513 1910,2510 1955,2510 2000,2513 2044,2510 2089,2513 2134,2510 2179,2507 2223,2504 2268,2504 2313,2504 2358,2504 2402,2501 2447,2501 2492,2504 2537,2501 2582,2501 2626,2498 2671,2498 2716,2495 2761,2492 2805,2495 2850,2495 2895,2492 2940,2495 2985,2498 3029,2504"/>
                <TextEquiv>
                    <Unicode>tor, Treuenhof? (pas empört mich geradezu.)</Unicode>
                </TextEquiv>
            </TextLine>
            <TextLine id="tr_2_tl_2" custom="readingOrder {index:1;}">
                <Coords points="1534,2628 1570,2616 1617,2643 1729,2616 1777,2634 1842,2610 1945,2640 1984,2607 2111,2619 2114,2534 2043,2545 1981,2525 1889,2554 1836,2531 1791,2554 1756,2542 1712,2575 1534,2554"/>
                <Baseline points="1552,2611 1582,2611 1626,2611 1671,2611 1716,2608 1761,2608 1805,2605 1850,2602 1895,2602 1940,2602 1985,2602 2029,2600 2074,2600 2119,2597"/>
                <TextEquiv>
                    <Unicode>dit sehr noch</Unicode>
                </TextEquiv>
            </TextLine>
            <TextLine id="tr_2_tl_3" custom="readingOrder {index:2;}">
                <Coords points="840,2770 2273,2684 2569,2729 2941,2687 2944,2548 2572,2599 2365,2519 1945,2637 1395,2572 845,2616"/>
                <Baseline points="859,2713 892,2713 937,2710 982,2710 1026,2710 1071,2710 1116,2707 1161,2707 1205,2707 1250,2704 1295,2701 1340,2701 1385,2701 1429,2704 1474,2701 1519,2698 1564,2698 1608,2698 1653,2695 1698,2695 1743,2695 1788,2692 1832,2689 1877,2689 1922,2686 1967,2686 2011,2686 2056,2686 2101,2683 2146,2683 2191,2680 2235,2680 2280,2677 2325,2677 2370,2674 2414,2674 2459,2674 2504,2674 2549,2674 2594,2674 2638,2671 2683,2671 2728,2668 2773,2668 2817,2668 2862,2665 2907,2665 2952,2668"/>
                <TextEquiv>
                    <Unicode>Treuenhof: Du kennst mich nicht. Darum</Unicode>
                </TextEquiv>
            </TextLine>
            <TextLine id="tr_2_tl_4" custom="readingOrder {index:3;}">
                <Coords points="837,2906 2998,2838 2998,2740 2862,2690 840,2773"/>
                <Baseline points="853,2868 856,2871 901,2868 946,2868 991,2865 1035,2865 1080,2862 1125,2862 1170,2859 1214,2859 1259,2859 1304,2856 1349,2856 1394,2856 1438,2853 1483,2853 1528,2853 1573,2853 1617,2850 1662,2850 1707,2850 1752,2850 1797,2847 1841,2847 1886,2847 1931,2844 1976,2844 2020,2841 2065,2841 2110,2838 2155,2838 2200,2838 2244,2835 2289,2835 2334,2835 2379,2832 2423,2832 2468,2832 2513,2832 2558,2835 2602,2832 2647,2832 2692,2829 2737,2829 2782,2829 2826,2826 2871,2826 2916,2823 2961,2820 3005,2823"/>
                <TextEquiv>
                    <Unicode>habe ich dich wahrscheinlich so gern. Ihr</Unicode>
                </TextEquiv>
            </TextLine>
            <TextLine id="tr_2_tl_5" custom="readingOrder {index:4;}">
                <Coords points="834,3021 2977,3015 3001,2859 837,2906"/>
                <Baseline points="850,3017 856,3017 901,3017 946,3020 991,3017 1035,3017 1080,3017 1125,3017 1170,3017 1214,3017 1259,3014 1304,3014 1349,3011 1394,3011 1438,3008 1483,3008 1528,3005 1573,3005 1617,3002 1662,3005 1707,3005 1752,3002 1797,3002 1841,3002 1886,3000 1931,3000 1976,3000 2020,3000 2065,2997 2110,2997 2155,2994 2200,2994 2244,2991 2289,2988 2334,2988 2379,2988 2423,2985 2468,2985 2513,2988 2558,2988 2602,2985 2647,2985 2692,2985 2737,2985 2782,2982 2826,2979 2871,2979 2916,2979 2961,2976 3005,2976"/>
                <TextEquiv>
                    <Unicode>werdet schon einmal draufkommen. Ja, auch</Unicode>
                </TextEquiv>
            </TextLine>
            <TextLine id="tr_2_tl_6" custom="readingOrder {index:5;}">
                <Coords points="1747,3178 2575,3190 2950,3137 3172,3181 3213,3042 2823,3069 2389,3007 1750,3057"/>
                <Baseline points="1767,3167 1785,3158 1829,3152 1874,3152 1919,3155 1964,3152 2008,3152 2053,3152 2098,3149 2143,3149 2188,3146 2232,3143 2277,3143 2322,3143 2367,3140 2411,3140 2456,3140 2501,3143 2546,3143 2591,3137 2635,3137 2680,3134 2725,3131 2770,3134 2814,3128 2859,3131 2904,3128 2949,3125 2994,3125 3038,3125 3083,3122 3128,3122 3173,3119 3217,3125"/>
                <TextEquiv>
                    <Unicode>bt noch immer dexxxxxxxxx</Unicode>
                </TextEquiv>
            </TextLine>
            <TextLine id="tr_2_tl_7" custom="readingOrder {index:6;}">
                <Coords points="840,3178 1129,3216 1289,3178 1395,3210 1617,3178 1759,3228 1762,3054 1726,3039 1623,3077 1457,3024 1336,3066 1123,3089 1052,3060 843,3104"/>
                <Baseline points="856,3173 868,3173 913,3173 958,3173 1002,3170 1047,3173 1092,3170 1137,3170 1182,3170 1226,3167 1271,3167 1316,3167 1361,3167 1405,3167 1450,3167 1495,3167 1540,3164 1585,3164 1629,3161 1674,3164 1719,3164 1767,3167"/>
                <TextEquiv>
                    <Unicode>deine Mutter glau,</Unicode>
                </TextEquiv>
            </TextLine>
            <TextLine id="tr_2_tl_8" custom="readingOrder {index:7;}">
                <Coords points="1753,3213 1768,3210 1791,3222 1803,3208 1824,3210 1851,3225 1865,3216 1874,3222 1892,3210 1901,3216 1916,3205 1942,3202 1939,3166 1904,3172 1862,3148 1833,3172 1812,3169 1806,3175 1777,3160 1765,3175 1750,3178"/>
                <Baseline points="1767,3167 1805,3194 1850,3197 1895,3200 1940,3197 1949,3200"/>
                <TextEquiv>
                    <Unicode>taken</Unicode>
                </TextEquiv>
            </TextLine>
            <TextLine id="tr_2_tl_9" custom="readingOrder {index:8;}">
                <Coords points="831,3332 2959,3299 2986,3142 834,3222"/>
                <Baseline points="847,3328 886,3328 931,3328 976,3328 1020,3325 1065,3325 1110,3322 1155,3322 1200,3319 1244,3316 1289,3316 1334,3316 1379,3313 1423,3310 1468,3310 1513,3307 1558,3307 1602,3304 1647,3304 1692,3304 1737,3301 1782,3301 1826,3304 1871,3304 1916,3301 1961,3298 2005,3295 2050,3295 2095,3292 2140,3289 2185,3289 2229,3289 2274,3289 2319,3286 2364,3283 2408,3286 2453,3286 2498,3283 2543,3280 2588,3280 2632,3280 2677,3280 2722,3277 2767,3277 2811,3274 2856,3274 2901,3274 2946,3274 2991,3271"/>
                <TextEquiv>
                    <Unicode>Warum wollte sie mich denn</Unicode>
                </TextEquiv>
            </TextLine>
            <TextLine id="tr_2_tl_10" custom="readingOrder {index:9;}">
                <Coords points="837,3485 2838,3459 2862,3367 1747,3305 1126,3426 840,3332"/>
                <Baseline points="853,3477 898,3474 943,3474 988,3474 1032,3474 1077,3474 1122,3471 1167,3471 1211,3471 1256,3471 1301,3468 1346,3468 1391,3465 1435,3465 1480,3462 1525,3459 1570,3459 1614,3456 1659,3456 1704,3453 1749,3453 1794,3453 1838,3456 1883,3453 1928,3450 1973,3447 2017,3450 2062,3450 2107,3444 2152,3441 2197,3441 2241,3441 2286,3444 2331,3441 2376,3438 2420,3438 2465,3438 2510,3438 2555,3435 2600,3435 2644,3435 2689,3432 2734,3429 2779,3426 2823,3426 2868,3429"/>
                <TextEquiv>
                    <Unicode>übrigens sprechen? Von dir schrieb sie</Unicode>
                </TextEquiv>
            </TextLine>
            <TextLine id="tr_2_tl_11" custom="readingOrder {index:10;}">
                <Coords points="831,3657 2557,3598 3169,3669 3205,3494 2353,3536 2084,3450 1517,3571 1330,3477 837,3482"/>
                <Baseline points="847,3638 880,3638 925,3635 970,3635 1014,3632 1059,3632 1104,3629 1149,3629 1194,3629 1238,3626 1283,3623 1328,3626 1373,3623 1417,3623 1462,3620 1507,3620 1552,3617 1597,3614 1641,3614 1686,3614 1731,3611 1776,3611 1820,3611 1865,3611 1910,3605 1955,3605 2000,3605 2044,3602 2089,3602 2134,3602 2179,3602 2223,3600 2268,3600 2313,3600 2358,3600 2402,3597 2447,3594 2492,3594 2537,3591 2582,3591 2626,3588 2671,3588 2716,3588 2761,3588 2805,3591 2850,3591 2895,3588 2940,3588 2985,3585 3029,3585 3074,3582 3119,3582 3164,3585 3208,3582"/>
                <TextEquiv>
                    <Unicode>nichts. (Aber dass sie mich sehr dringend zu</Unicode>
                </TextEquiv>
            </TextLine>
            <TextLine id="tr_2_tl_12" custom="readingOrder {index:11;}">
                <Coords points="840,3805 2921,3775 2971,3618 845,3660"/>
                <Baseline points="859,3770 871,3773 916,3767 961,3767 1005,3767 1050,3764 1095,3761 1140,3761 1185,3761 1229,3758 1274,3758 1319,3755 1364,3755 1408,3755 1453,3755 1498,3755 1543,3755 1588,3752 1632,3749 1677,3746 1722,3746 1767,3743 1811,3746 1856,3740 1901,3737 1946,3737 1991,3737 2035,3737 2080,3734 2125,3734 2170,3734 2214,3734 2259,3731 2304,3731 2349,3728 2394,3725 2438,3725 2483,3725 2528,3722 2573,3722 2617,3725 2662,3722 2707,3719 2752,3719 2797,3719 2841,3716 2886,3716 2931,3716 2976,3713"/>
                <TextEquiv>
                    <Unicode>sprechen habe.) Hat sie vielleicht wieder</Unicode>
                </TextEquiv>
            </TextLine>
        </TextRegion>
    </Page>
</PcGts>
