3544 4200
2795 365 2940 521 19
1982 451 2321 587 du Prince
819 564 3085 683 fad sein. Die sind aus Linz. Wollen sich nur
831 700 1965 883 ein bisl unterhalten.
813 859 3021 1036 Albine: Du,Tini, wenn der Robby dich viel-
822 1007 3030 1207 leicht fagen sollte - Gouvernante bin ich
813 1172 3099 1334 gewesen, nicht Kindermädel.) (Beide zu einem
804 1322 2515 1496 Tisch,wo zwei Provinzler sitzen
2593 1357 3160 1496 he wsere i de
810 1484 3134 1612 Fr. Flatterer: (zu Gleissner) Mit diesen Damen
810 1580 2743 1768 müssen Sie mich dann bekannt machen.
813 1759 2836 1950 Gleissner: Wenn Sie Wert darauf legen.
804 1907 3082 2107 Fr. Flatterer: Selbstverständlich. Wenn ich
802 2049 3079 2260 schon einmal da bin.) Ich will das Wiener Le
804 2220 3027 2428 ben in all seinen Tiefen und Untiefen ken
807 2387 2972 2573 nen lernen. (Ich habe es auf allen meinen
807 2529 3114 2761 Reisen so gemacht gibt es hier vielleicht
807 2720 1476 2900 auch argien?
1748 2703 2778 2897 gleiner nupr at de
802 2853 3012 3041 Rapp: Es kommt darauf an was man darunter
804 3024 1308 3177 vers taht.
1626 3059 2185 3192 Überll dirselbe
796 3151 2998 3302 Fr. Flatterer:/ Ich habe mehr als eine-mitge
1473 3258 1655 3357 I am
796 3279 3018 3464 macht. In Sizilien zum Beispiel- in Paris
807 3481 2060 3658 Rapp: (kühl) Auch aktiv?
787 3539 3114 3823 Fr.Flatterer: Selbstverständlich. Ich habe
