3531 4120
2848 327 3037 530 108
881 530 1788 753 verlieben könnte.
863 707 3138 878 Mutter: (greift den Schorez auf und sagt, nun
878 901 3002 1032 schon beinahe ernst) Wäre schon möglich.
872 1011 2787 1249 Willy: Eine Braut? Nein, nein,Mutter.
861 1153 3124 1371 Mutter: Nein, eine Braut ist nicht da. Wenn
866 1327 3158 1495 ich dich aber trotzdem bitten möchte - (nach
861 1455 3196 1733 leichtem Zögern umso rascher) -dass du nicht
852 1660 2199 1802 auf diesen Ball gingst -?
843 1776 2275 2025 Willy: (betreten) Mutter -
840 1936 2944 2121 Mutter: Ich will dir was sagen: neulich
834 2057 3051 2283 ist der Herr van Jack eine Stunde lang da
834 2237 2228 2417 unten auf und ab gegangen.
823 2370 3071 2608 Willy: Nun ja -or hat seine Frau erwartet.
814 2550 2164 2735 Er wartet manchmal unten.
814 2692 3089 2863 Mutter: Nein. Br ist wieder fort gegangen,
820 2863 3037 3054 nach einer Viertelstunde ist er wiederge-
811 3039 2912 3239 kommen und dann ist or ondgültig wieder
820 3225 1518 3352 verschwunden.
808 3329 1895 3561 Willy:-Wann war das?
803 3442 3109 3703 Mutter: Heute. (Er ist eifersüchtig. - Auch
