3416 4184
2626 408 2801 602 149
719 547 3047 749 ich nichts reden.Frauen sind Frauen. Aber Willy
728 673 3080 986 eher bringt er sich um, als dass er (lügt und be-
725 921 1063 1075 trügt.
716 1044 2693 1262 van Zack: Aber an Lisa zweifeln auch Sie?
725 1182 3117 1400 Treuenhof: Seien Sie froh, dass sie sich gerade für
725 1345 3123 1529 ihn interessiert. Für Willy lege Ich meine Hand ins
722 1490 3179 1680 Feuer.
725 1646 894 1720 Von 7
719 1683 2924 1861 Eigentlich ist es ja
709 1855 1388 2002 xx⊃kx schad.
713 1993 2300 2165 v. Zack: (ohne Verst"ndnis) Wieso?
719 2138 2973 2343 Treuenhof: So was fehlt ihm vielleicht noch. Er
700 2300 2998 2463 wird wahrscheinlich ein grosser Künstler verden,
703 2442 2902 2617 wenn einmal ein grosses Glück über ihn herein-
716 2620 998 2789 brich
1004 2654 1557 2816 schmerzlich
703 2761 3127 2936 v. Zack: (lächelnd ) Also er bedarf eines Glücks,um
688 2915 3127 3133 Künstler zu werden und ich bedarf der Leiden.Dies,
694 3001 3117 3280 Anastasius Treuenhof, scheint mir einen Widerspruch
688 3231 1290 3418 zu bedeuten.
700 3295 3170 3569 Treunhof: Möglich.Widersprüche, die sind das Element
685 3526 3117 3735 in dem wir Menschen leben (können.) Das Leben ist zu
