3576 4136
2883 370 3011 539 11
875 505 2751 661 Tini: Aff! Alle weder dabe wieder Trennhof
2246 609 2491 719 Mihl
860 676 3170 826 nerdinand: Woher des Wegs? Sie haben ja bei
1423 786 1726 884 nateri
835 829 2041 1019 nahe ein weisses Hemd?
835 1004 3143 1172 Nachtigall: Vom Baron Pollak komm ich. Thée
1554 1105 2087 1203 sche scharfele
838 1095 3103 1297 dansant (spricht es deutsch aus), glänzen
823 1307 3103 1429 de Gesellschaft, auch zwei Exzellenzen; zwan
820 1490 3161 1603 zig Damen, darunter sechzehn Ehebrecherinnen,
817 1591 3094 1747 fünf aus Liebe, elf aus Geld, vier anständige
814 1756 3069 1925 Frauen; zwei aus Treue zu gemahl, eine äus
808 1922 3075 2081 angst xxxxxx vor Gemahl, eine wegen - (flütz-
802 2078 3140 2240 stert Ferdinand etw as ins Ohr). Sieben junge
1536 2194 1689 2261 day
789 2237 2139 2353 Mädchen, fünf Demivierges.
2876 2240 3286 2457 un fille
2335 2329 2629 2420 votlick
780 2356 3234 2524 Ferdinand: (lachend) Und die Andern
777 2546 2390 2720 Machtigall: Halbe Demivierges.
796 2671 3091 2855 Ferdinand: (Noher Sie das alles nur eo genau
1371 2791 2984 3002 natt udiber. Hoherr kalhemalik
774 2837 1200 3023 wissen?
765 2999 3029 3167 Nachtigall: Doktor - (sich steigernd) Doktr
2326 3084 2968 3189 will  alle
756 3155 3078 3335 man muss sie nur tanzen sehen. Und gespielt
741 3290 3008 3442 hab ich.gespielt - Was hab ich gesagt, sech
756 3430 2748 3617 zehn Ehbrocharinnen, morgen, spätestens
753 3605 3075 3770 übermorgen sind es neunzehn. (sprechen wei-
