3528 4200
2842 347 3022 496 152
2513 391 2615 593 P.
788 645 3146 831 aber ich glaube, wir sind verschieden organisiert.
800 782 3037 977 Treuenhof: Das wird stimmen. Sie sind nämlich
2466 881 2764 974 Vorleitung
797 912 3168 1142 so organisiert, dass Sie eher Ihre eigene Frau und
794 1077 3211 1334 einen genialen jungen Menschen in Verzweiflung und
791 1216 3264 1430 Tod treiben würden, als xxxx
791 1374 3084 1585 Kunkskustärkirkekung
813 1548 3307 1747 ihr angelweit das Tor
804 1719 3233 1893 zu öffnen, sie ihr Schicksal erleben zu lassen und
794 1927 1322 2063 Zack: Und?
875 2001 3273 2184 Treuenhof: Und warten bis sie - eventuell-wieder.
816 2274 1117 2377 kommt.
804 2293 3130 2560 Zack: (schmerzlich lächelnd) Dieses Letztere kei-
816 2519 1722 2718 neswegs, Treuenhof.
819 2606 3282 2823 Treuenhof: Dann ist Ihnen nicht zu helfen. (er geht)
819 2808 2408 2985 Zack: (wieder zurück in den Saal)
859 2932 3062 3196 Nach einiger Zeit kommt Ferdinand Neumann mit
813 3186 1405 3354 Nabtigall.
887 3220 3295 3506 (Vorher war das Klavierspiel ganz besonders wild.)
869 3400 3196 3658 Ferdinand Neumann: Sie sind verrückt, Nachtigall.
835 3583 2116 3760 Sie vergessen,wo Sie sind.
