3521 4136
2121 332 3087 567 Term jets diilest 194
887 479 3193 711 es in dieser Sache nur eine Lügnerin gibt. Aber
2174 634 2335 720 ti.
875 702 3143 834 man kann nicht sagen, dass sie es besonders ge-
872 828 3155 1008 schickt angestellt hat. So hat sie mir zum Bei-
875 993 3231 1163 spiel geschworen gestern Abend zehn Minuten nach
855 1116 3005 1328 meiner Ankunft, acht Uhr fünfzig, dass sie in
2074 1237 2218 1337 1-2
2799 1246 3017 1325 uit
1213 1251 1389 1363 lebt
875 1301 3052 1478 diesen vierzehn Tagen(ihrem Versprechen nach
855 1428 3096 1627 mit Ihnen nicht zusammengetroffen/ist, ja über-
861 1610 3081 1745 haupt nicht mehr an Sie gedacht hat. (Und dass
867 1742 3078 1909 sie (wahrscheinlich schon abgereist seien.) Sie
858 1909 3172 2074 war nahe daran mich zu überzeugen. Sie hat sich
849 2044 3087 2256 alle Mühe genommen. Ich hab ihr beinahe schon
855 2232 3158 2403 geglaubt, (mehr als das, nicht beinahe.) In dieser
1263 2318 1795 2438 was in the end of
840 2368 3020 2538 Nacht habe ich ihr glauben müssen. Sie macht
855 2550 3076 2750 es einem schwer an ihrer Liebe zu zweifeln(in
855 2688 2294 2846 gewissen Momenten.)
840 2841 1974 3029 Willy: Herr Zack....
834 2987 3158 3172 Zack: Wenn Sie auf eine Konfrontation noch Wert
843 3152 3078 3290 legen sollten, bitte, ich bringe sie sofort her.
1654 3258 1983 3363 micht
831 3237 3073 3463 Aber vielleicht genügt Ihnen mein Ehrenwort.
837 3452 2650 3625 Willy: Ich stehe Ihnen zur Verfügung.
822 3593 3178 3792 Zack: Ein Duell - das wäre gerade der Mühe wert.
