3528 4184
2117 422 2372 572 Rind
815 482 2990 734 Lisa: 9, sehr lange. ein ganz kleines Mäd-
818 627 3004 901 chen war ich. Gab es überhaupt eine Zeit,
809 844 2889 1020 in der ich ihn noch nicht gekannt habe?
823 1000 3059 1184 Ich erinnere mich noch so gut, wie Sie mich
456 1063 682 1236 Alles
823 1147 2785 1358 damals in Reichenau über eine Brücke.
387 1245 615 1361 Ohne
425 1306 757 1505 femt
809 1262 2941 1493 ohne Geländer an der Hand geführt haben.
789 1465 2793 1641 Und die priefe, die Sie mir schrieben?
797 1615 2961 1800 Denken Sie, ich war ein Kind von acht Jah
806 1751 2900 1950 ren und da erhielt ich schon Briefe von
1872 1855 2516 1941 Pertant til of us wnt in
396 1814 737 1993 de la
800 1918 2926 2089 Anastasius Treuenhof. Wie stolz war ich.
390 1947 716 2089 Leit-est
1699 2013 2247 2120 " - Cul de Lavil
1205 2039 1514 2143 F.M.S.
396 2065 549 2221 P.
803 2091 2877 2291 Und dann hat er mich treulos verlassen.
373 2167 731 2346 Erbstel
800 2198 2895 2458 Treuenkof: Das habe ich nie getan. Ich
433 2302 664 2487 7bre
797 2380 2782 2536 war immer bei Ihnen, auch wenn Sie gar
361 2447 610 2574 Nous
855 2507 3013 2756 nichts davon wussten. Aber in Ihrer Fami-
800 2689 2906 2863 lie liebte man mich nicht sehr. In den
786 2808 3001 3053 Familien liebt man /mich überhaupt nicht.
792 2961 3001 3201 Fr. Flatterer: Also nach so vielen Jahren
806 3105 2964 3339 sehen Sie ihn heute hier zum ersten Mal?
2398 3235 2718 3354 minal
789 3313 2279 3516 Lisa: Nein. So ist es nicht.
800 3415 3126 3640 (das Gespräch über Treuenhof soll in sei-
774 3611 3074 3784 ner Abwesenheit stattfinden. Er kommt erst
