3480 4120
2955 308 3075 472 36
2219 428 2330 613 P.
862 469 2113 695 Gleissner: Ja, manchmal.
868 618 3069 853 Ferdinand: Was Ihnen einmal übel ausgehen
876 827 1260 961 könnte.
859 859 3128 1143 Gleissner: Das lassen sie meine Sorge sein,
882 1046 2920 1278 Herr Neumann. Von Ihnen werde ich mich
1442 1211 1609 1313 ledig
862 1222 2497 1451 keineswegs erschiessen lassen.
874 1363 3136 1589 Ferdinand: Sie überschätzen sieh,Herr
862 1580 1422 1744 Gleissner.
2278 1630 2676 1806 Tit Cissis
859 1662 2254 1908 Gleissner: (War ganz gut...
879 1762 2928 2037 Treuenhof: Für Lisa würde es sich wohl
885 1984 3248 2190 lohnen zu sterben. Aber würdig wär es keiner
1052 2131 1612 2234 ist es wertt.
865 2075 3198 2401 Fr.Flaterer: Ich halte es vor Spannung kaum
888 2283 2562 2518 mehr aus. (Hoffentlich kommt sie
1515 2327 3298 2518 il will dit ursbereites, schöne Vortenten
906 2462 2975 2694 Cleissner: Sie hat Augen tief und uner-
888 2582 3189 2814 gründlich wie ein Bergsee, eine Stimme dunkel
894 2764 3048 2940 wie der Klang einer Viola d'amour;- wenn
888 2887 2893 3139 ich ihr Geliebter wärd ich traute ihr
897 3046 3195 3265 nicht über den Weg. Wenn ich ihr Mann wäre,
894 3207 3119 3424 würde ich Ihr alles glauben. Wenn ich ihr
897 3345 3221 3567 Onkel wäre, würde ich sie zu meiner Universal-
912 3529 1773 3729 erbin einsetzen.
