3528 4072
2751 302 2938 499 123
692 516 2663 658 Lisa: So spät. Alle Leute kommen so spätt.
689 614 3050 818 Fr. Flatterer: (Wir haben eine Entschuldigung. Herr
675 770 3226 970 Neumann war so freundlich mich zur Jubiläumsaufführung
665 967 2996 1133 des Gleissnerischen Stückes mitzunehmen.(Titel
2707 1058 3118 1218 Mr mr
655 1079 3077 1276 dafür.der schon im 1.Akt vorkommen muss) (de 3.2.
1323 1218 1445 1326 at
2541 1269 2870 1428 l soge.
655 1279 2348 1391 Lisa: Er kommt ja auch noch zu uns.
611 1459 2670 1608 Ferdinand: Es wird ja schon toll getanzt.
645 1588 2178 1713 Fr.Flatterer: Nachtigall spielt.
634 1757 3080 1869 Ferdinand: Kaum elf Uhr. Man gibt sich zu früh aus.
621 1907 3077 2029 Fr. Flatterer: Man soll sich verschwenden - überall.
1571 2015 2609 2097 dif ous hweare eeuf i aar i sine oe c
607 2063 2456 2178 Was für eine herrliche Stadt Ihr Wien!
600 2225 3121 2419 vanzack: (kommt von ganz rückwärts, Begrüssung,Zu Frau
611 2361 3158 2514 Flatterer) Sie sehen wundervoll aus. Mir selbst hätte
587 2500 2178 2636 nichts Kühneres einfallen können.
648 2605 2941 2856 (Aus dem zweiten Saal seitlich Mimi und die zwei
580 2843 3260 2965 Jänger. Wie Mimim Ferdinand sieht, kommt sie rasch heraus
560 3002 1957 3186 Ferdinand küsst ihr die Hand
560 3077 3287 3301 Mimi: Wie nett, dass Sie endlich da sind. (leise) Befreier
180 3091 478 3345 2.1.16
539 3304 2629 3430 Sie mich von diesen schrecklichen Menschen.
1211 3392 2134 3498 allen m u die uns eilauf
533 3464 1998 3661 Ferdinand: Vom wem Sie wollen.
2460 3423 2785 3616 Ihr
