3400 4040
2603 370 2749 522 48
722 525 3024 785 te, wette - ich will mit dir wetten!" Also um was
760 728 2998 889 "Um eine kleine Villa", sagt sie. Und was bekomm'
728 860 2906 1015 ich, wenn du verlierst? "Du kriegst von mir.“
731 1023 2918 1161 Aber nein, das kann ich Ihnen nicht sagen, lie-
731 1144 2855 1339 ber Freund. Sie könnten verdorben werden. Wie
739 1310 2984 1462 sollen wir aber nun drauf kommen?“ frag ich, "ob
737 1496 2978 1628 meine Frau mich betrügt oder nicht. Da sagt sie:
757 1639 2944 1786 "Das ist sehr einfach: du nimmst einen Detektiv
748 1737 3047 1955 auf, und die Sache ist fertig.“ Also was soll ich
757 1929 3035 2092 Ihnen viel erzählen? Ich engagier’ mir den Detek-
751 2081 3024 2239 tiv und geb' ihm den Auftrag, meine Frau zu über-
760 2250 3004 2405 wachen. Am dritten Tag kommt er zu mir und sagt
757 2405 2921 2528 mir: "Ihre Frau hat einen Liebhaber, sein Name
765 2479 3018 2732 ist Eduard Bujatti, wohnhaft Kolowratring Numero
762 2697 2883 2835 sieben, zweiten Stock." Sie können sich meine
765 2840 2989 3027 Wut denken. Der Zufall will es, dass XXXXX wir
774 3032 3030 3179 an dem selben Abend eingeladen waren und um mich
780 3173 3084 3308 vor meiner Frau nicht zu verraten, musst' ich die
782 3313 3070 3474 Forderung aufschieben. Denken Sie sich mein freu-
777 3505 3035 3620 diges Erstaunen, wie ich Sie auf dem Ball erbli-
