3003 4072
2286 466 2656 663 7.0.9
223 526 539 647 haben.
233 596 2701 816 Alb: Na ja, wer hat's denn auf deinfruhes Ende abge-
277 794 2628 966 sehen? Um mir den Namen zu sagen, brauchst du doch
220 912 1550 1106 nicht auf Brandis zu warten.
223 1081 2187 1263 Ed: Gewiss nicht.- Krögel heisst der Mann.
233 1231 682 1409 Alb: Wie?
230 1378 1400 1569 Ed: Friedrich von Krögel.
226 1531 1601 1731 Alb: Friedrich von Krögel -?
226 1671 2710 1869 Ed: Friedrich von Krögel, Seidenfabrikant. - Was hast
236 1846 631 2031 du denn?
230 2009 2538 2184 Alb: Und darf man fragen, was für einen Anlass du
223 2140 2105 2328 hast, Herrn Friedrich Krögel zu fordern?
226 2305 2054 2484 Ed: Gar keinen. Das ist eben das Dumme.
230 2439 1862 2634 Alb: Da stekct eine Frau dahinter!
226 2586 2746 2787 Ed: Ja. Und doch wieder nein. Das wirstdu alles hören,
226 2797 2628 2930 sobald Brandis kommt. Es ist die dümmste Geschichte
233 2930 2742 3096 von der Welt, und ich selber verstehe kein Wort davon.
223 3071 2573 3246 Das ganze beruht auf einem ungeheuerlichen Misver-
284 3208 2621 3415 ständnis. Vielleicht xxx einen anonymen Brief - ich
246 3358 1735 3540 weiss nicht, we dahinter steckt.
230 3492 2797 3747 Alb: Es handelt sich um die Gemalin des Herrn v. Krögel?
223 3734 1451 3881 Ed: Ich muss wol annehmen.
