3019 4120
188 414 2625 672 die Pistole erinnern. Da will ich euch eine Anekdote
245 634 2653 816 erzählen, über die ihr euch totkugeln sollt - tot...
195 779 2716 986 kugeln... Na, du weisst wol, dass er sie nicht erzählt
198 936 2261 1134 hat. Eine Minute drauf war er tot, mausetot.
204 1099 929 1291 Ed: Tot genügt.
217 1196 2682 1426 Alb: Find' ick auch. Haha! find' ich auch, Tot genügt
257 1388 2641 1567 allerdings.  Wieder ernst:   Entschuldige, man ist
217 1542 2660 1733 manchmal so... so zerstreut. Ich lache da, als ob es
232 1617 2713 1881 sich um weiss Gott was für eine lustige Sache handeln
232 1856 2612 2032 würde. Und es ist doch nicht besonders lustig. Na,
261 1959 2675 2204 her du bist wol glücklicherweise einer, der imstande
251 2110 2666 2349 wäre, auf dem Sterbebette einen Spass zu machen. Hm,
257 2280 1806 2499 das hätt' ich nicht sagen sollen.
254 2440 1583 2660 Ed: Gerade das? Warum nicht?
261 2550 2704 2807 Alb: Nun ja, ich denke solche Worte wie: Sterbebett
273 2835 1303 2967 Verwesen, Begräbnis...
283 2901 2525 3112 Ed: Leichenstein, Sargdeckel, Totengräber, Wurm
333 3033 2817 3269 Alb: Nun ja, du verstehst mich. Wir wollen lieber von
289 3244 1570 3426 lustigen Dingen reden,- ja?
286 3316 2782 3570 Ed: Ich erinnere mich nicht, dich daran verhindert zu
