2819 4200
1828 486 1966 621 33
942 728 1263 891 Liesl:
425 901 1393 1044 Und ich tat dir weh -
906 1115 1222 1271 Held:
1306 1240 2108 1406 Das ist das Wort.
448 1357 2393 1584 Jetzt aber sag' mir: wie konntest du nur -
985 1655 1306 1775 Liesl:
453 1749 2465 1945 Er war halt so schön! - Es ist meine Natur.
787 2037 1047 2154 Held:
481 2124 2506 2320 rührendes Kind! Wenn das Herz auch bricht,
479 2279 2444 2470 Man kann ihr nicht zürnen - sie versteht's
2088 2365 2472 2478 a nicht.
486 2455 2452 2597 Und dass du dem Herzog gehörtest, auch das
497 2572 2439 2735 Nähm' ich gern als symbol - aber sag' mir:
2060 2666 2455 2786 für was?
1036 2798 1337 2959 Liesl:
494 2910 2539 3168 Du redest so gescheit und du bist ja so gut!
1057 3246 1311 3366 Held:
514 3330 2200 3623 Ha! - Liesl, hast du zu sterben Mut!
1054 3613 1362 3817 Liesl:
