<?xml version="1.0" encoding="UTF-8" standalone="yes"?>
<PcGts xmlns="http://schema.primaresearch.org/PAGE/gts/pagecontent/2013-07-15" xmlns:xsi="http://www.w3.org/2001/XMLSchema-instance" xsi:schemaLocation="http://schema.primaresearch.org/PAGE/gts/pagecontent/2013-07-15 http://schema.primaresearch.org/PAGE/gts/pagecontent/2013-07-15/pagecontent.xsd">
    <Metadata>
        <Creator>prov=READ-COOP:name=TrHtr:version=2.1.0:model_id=51170:date=29_07_2023_00:32</Creator>
        <Created>2023-05-10T12:07:37.971+02:00</Created>
        <LastChange>2023-07-29T00:32:20.867+02:00</LastChange>
        <TranskribusMetadata docId="1428186" pageId="55399154" pageNr="282" tsid="131387660" status="IN_PROGRESS" userId="64420" imgUrl="https://files.transkribus.eu/Get?id=SBQRTTNRRWGLKWOPEVPRDZBZ&amp;fileType=view" xmlUrl="https://files.transkribus.eu/Get?id=DOPUHYABIJJJAVYJQDDVZNSA" imageId="44673978"/>
    </Metadata>
    <Page imageFilename="1428186_0282.jpg" imageWidth="3384" imageHeight="4008">
        <ReadingOrder>
            <OrderedGroup id="ro_1711799705382" caption="Regions reading order">
                <RegionRefIndexed index="0" regionRef="tr_2"/>
                <RegionRefIndexed index="1" regionRef="tr_3"/>
                <RegionRefIndexed index="2" regionRef="tr_1"/>
            </OrderedGroup>
        </ReadingOrder>
        <TextRegion id="tr_2" custom="readingOrder {index:0;}">
            <Coords points="543,526 3007,526 3007,1356 543,1356"/>
            <TextLine id="tr_2_tl_1" custom="readingOrder {index:0;}">
                <Coords points="2843,598 2912,601 2934,623 2950,613 2969,613 2969,447 2947,443 2897,475 2887,465 2881,472 2843,465"/>
                <Baseline points="2861,576 2905,576 2950,576 2977,576"/>
                <TextEquiv>
                    <Unicode>50</Unicode>
                </TextEquiv>
            </TextLine>
            <TextLine id="tr_2_tl_2" custom="readingOrder {index:1;}">
                <Coords points="528,818 547,818 563,805 582,811 610,805 645,827 686,830 679,626 664,626 626,660 610,664 598,654 563,660 554,651 522,660"/>
                <Baseline points="543,722 588,722 633,725 677,725 689,725"/>
                <TextEquiv>
                    <Unicode>Kr:</Unicode>
                </TextEquiv>
            </TextLine>
            <TextLine id="tr_2_tl_3" custom="readingOrder {index:2;}">
                <Coords points="755,774 2978,758 2975,651 2780,607 752,648"/>
                <Baseline points="773,728 818,728 863,728 907,728 952,728 997,725 1042,728 1087,728 1131,728 1176,731 1221,731 1266,728 1311,731 1355,728 1400,728 1445,728 1490,725 1535,725 1579,725 1624,728 1669,728 1714,728 1759,728 1803,728 1848,728 1893,728 1938,728 1983,728 2027,728 2072,728 2117,728 2162,728 2207,728 2251,728 2296,728 2341,728 2386,725 2431,728 2475,728 2520,728 2565,731 2610,731 2655,728 2699,731 2744,734 2789,734 2834,737 2879,737 2923,734 2968,734 2986,731"/>
                <TextEquiv>
                    <Unicode>Hm... bin ich zerstreut! Das hätt' ich Ihnen ja</Unicode>
                </TextEquiv>
            </TextLine>
            <TextLine id="tr_2_tl_4" custom="readingOrder {index:3;}">
                <Coords points="752,956 947,890 2934,921 2934,805 2755,752 1484,846 752,793"/>
                <Baseline points="770,881 815,878 860,878 904,878 949,881 994,881 1039,881 1084,884 1128,878 1173,881 1218,881 1263,881 1308,881 1352,881 1397,881 1442,881 1487,881 1532,881 1576,881 1621,881 1666,878 1711,881 1756,881 1800,881 1845,881 1890,884 1935,881 1980,881 2024,884 2069,884 2114,884 2159,881 2204,884 2248,884 2293,884 2338,884 2383,881 2428,881 2472,884 2517,884 2562,884 2607,884 2652,884 2696,884 2741,884 2786,884 2831,887 2876,887 2920,887 2941,887"/>
                <TextEquiv>
                    <Unicode>alles gar nicht erzählen sollen. Freilich, aus</Unicode>
                </TextEquiv>
            </TextLine>
            <TextLine id="tr_2_tl_5" custom="readingOrder {index:4;}">
                <Coords points="764,1076 1283,1145 1708,1047 2862,1094 2931,1085 2928,918 1632,988 1227,887 761,994"/>
                <Baseline points="779,1033 824,1036 869,1036 913,1036 958,1036 1003,1036 1048,1033 1093,1033 1137,1033 1182,1033 1227,1036 1272,1033 1317,1036 1361,1036 1406,1039 1451,1039 1496,1039 1541,1042 1585,1042 1630,1039 1675,1039 1720,1039 1765,1036 1809,1036 1854,1036 1899,1039 1944,1039 1989,1036 2033,1039 2078,1039 2123,1036 2168,1036 2213,1036 2257,1039 2302,1036 2347,1039 2392,1036 2437,1039 2481,1036 2526,1036 2571,1036 2616,1039 2661,1036 2705,1039 2750,1039 2795,1036 2840,1039 2885,1042 2929,1042 2935,1042"/>
                <TextEquiv>
                    <Unicode>dem allen folgt ja, dass mich nicht meine Frau</Unicode>
                </TextEquiv>
            </TextLine>
            <TextLine id="tr_2_tl_6" custom="readingOrder {index:5;}">
                <Coords points="752,1242 2692,1264 3000,1220 3000,1126 2768,1060 752,1138"/>
                <Baseline points="770,1194 812,1191 857,1191 901,1191 946,1191 991,1191 1036,1188 1081,1191 1125,1191 1170,1191 1215,1191 1260,1194 1305,1191 1349,1194 1394,1194 1439,1194 1484,1194 1529,1194 1573,1194 1618,1194 1663,1191 1708,1191 1753,1191 1797,1188 1842,1188 1887,1191 1932,1191 1977,1191 2021,1191 2066,1191 2111,1191 2156,1194 2201,1194 2245,1191 2290,1194 2335,1194 2380,1197 2425,1194 2469,1194 2514,1191 2559,1194 2604,1191 2649,1194 2693,1191 2738,1191 2783,1194 2828,1191 2873,1191 2917,1194 2962,1191 3007,1191"/>
                <TextEquiv>
                    <Unicode>mit Ihnen, sondern Ihre Geliebte Sie mit mir be-</Unicode>
                </TextEquiv>
            </TextLine>
            <TextLine id="tr_2_tl_7" custom="readingOrder {index:6;}">
                <Coords points="755,1365 793,1381 899,1368 1107,1440 1258,1378 1286,1387 1286,1283 1208,1261 1129,1274 1060,1252 962,1293 918,1277 755,1296"/>
                <Baseline points="773,1340 818,1343 863,1343 907,1343 952,1343 997,1343 1042,1343 1087,1343 1131,1340 1176,1340 1221,1343 1266,1343 1293,1346"/>
                <TextEquiv>
                    <Unicode>trogen hat.</Unicode>
                </TextEquiv>
            </TextLine>
        </TextRegion>
        <TextRegion id="tr_3" custom="readingOrder {index:1;}">
            <Coords points="534,1443 3058,1443 3058,2730 534,2730"/>
            <TextLine id="tr_3_tl_1" custom="readingOrder {index:0;}">
                <Coords points="516,1494 538,1497 560,1522 591,1535 613,1525 626,1528 654,1506 670,1506 670,1422 654,1422 626,1396 598,1409 579,1400 516,1403"/>
                <Baseline points="534,1496 543,1496 588,1496 633,1496 677,1493"/>
                <TextEquiv>
                    <Unicode>Ed:</Unicode>
                </TextEquiv>
            </TextLine>
            <TextLine id="tr_3_tl_2" custom="readingOrder {index:1;}">
                <Coords points="758,1610 1167,1506 2771,1506 2975,1572 2975,1406 2774,1352 2472,1428 1107,1444 758,1359"/>
                <Baseline points="776,1499 821,1499 866,1496 910,1493 955,1496 1000,1496 1045,1496 1090,1496 1134,1493 1179,1496 1224,1496 1269,1496 1314,1496 1358,1496 1403,1496 1448,1496 1493,1496 1538,1496 1582,1496 1627,1499 1672,1496 1717,1496 1762,1499 1806,1496 1851,1496 1896,1496 1941,1499 1986,1496 2030,1496 2075,1496 2120,1499 2165,1499 2210,1496 2254,1496 2299,1496 2344,1496 2389,1496 2434,1496 2478,1496 2523,1496 2568,1499 2613,1496 2658,1499 2702,1499 2747,1499 2792,1502 2837,1499 2882,1499 2926,1499 2971,1499 2983,1499"/>
                <TextEquiv>
                    <Unicode>Sie sind der Onkel... Sie sind die Tante... Sie</Unicode>
                </TextEquiv>
            </TextLine>
            <TextLine id="tr_3_tl_3" custom="readingOrder {index:2;}">
                <Coords points="758,1695 969,1651 1293,1711 2463,1701 2459,1613 2352,1566 2132,1613 1887,1538 1764,1617 988,1554 755,1610"/>
                <Baseline points="773,1651 818,1648 863,1648 907,1648 952,1648 997,1648 1042,1648 1087,1645 1131,1648 1176,1648 1221,1648 1266,1651 1311,1651 1355,1648 1400,1648 1445,1648 1490,1648 1535,1648 1579,1648 1624,1651 1669,1651 1714,1657 1759,1660 1803,1660 1848,1663 1893,1660 1938,1660 1983,1657 2027,1660 2072,1663 2117,1663 2162,1663 2207,1657 2251,1660 2296,1660 2341,1663 2386,1660 2431,1660 2469,1654"/>
                <TextEquiv>
                    <Unicode>sich die Schneiderin!</Unicode>
                </TextEquiv>
            </TextLine>
            <TextLine id="tr_3_tl_4" custom="readingOrder {index:3;}">
                <Coords points="566,1840 582,1837 594,1846 616,1837 642,1856 654,1856 673,1840 686,1843 701,1830 720,1827 714,1752 698,1755 667,1736 645,1736 620,1717 594,1717 576,1730 557,1733"/>
                <Baseline points="579,1797 624,1800 668,1803 713,1806 725,1809"/>
                <TextEquiv>
                    <Unicode>Kr:</Unicode>
                </TextEquiv>
            </TextLine>
            <TextLine id="tr_3_tl_5" custom="readingOrder {index:4;}">
                <Coords points="802,1878 915,1808 1283,1871 1393,1837 1444,1881 1595,1821 1730,1846 1827,1815 1827,1733 1613,1745 1494,1689 1337,1739 1293,1711 1022,1755 802,1739"/>
                <Baseline points="818,1803 851,1803 895,1800 940,1800 985,1800 1030,1800 1075,1800 1119,1800 1164,1800 1209,1800 1254,1803 1299,1803 1343,1800 1388,1800 1433,1803 1478,1800 1523,1800 1567,1800 1612,1800 1657,1800 1702,1800 1747,1800 1791,1797 1836,1797"/>
                <TextEquiv>
                    <Unicode>Ich versichere Ihnen</Unicode>
                </TextEquiv>
            </TextLine>
            <TextLine id="tr_3_tl_6" custom="readingOrder {index:5;}">
                <Coords points="758,2047 1132,1969 1617,2035 1852,1962 3051,1991 2919,1856 758,1912"/>
                <Baseline points="776,1962 821,1962 866,1959 910,1959 955,1956 1000,1953 1045,1953 1090,1956 1134,1956 1179,1956 1224,1956 1269,1956 1314,1956 1358,1956 1403,1953 1448,1953 1493,1953 1538,1953 1582,1953 1627,1953 1672,1956 1717,1956 1762,1953 1806,1956 1851,1956 1896,1956 1941,1953 1986,1956 2030,1956 2075,1956 2120,1956 2165,1953 2210,1953 2254,1953 2299,1953 2344,1950 2389,1950 2434,1953 2478,1953 2523,1953 2568,1956 2613,1956 2658,1956 2702,1956 2747,1956 2792,1956 2837,1956 2882,1956 2926,1959 2971,1959 3016,1962 3058,1968"/>
                <TextEquiv>
                    <Unicode>Ah, welche Infamie! Meine Lucie wettet mit Ihnen,</Unicode>
                </TextEquiv>
            </TextLine>
            <TextLine id="tr_3_tl_7" custom="readingOrder {index:6;}">
                <Coords points="519,2025 547,2022 563,2010 582,2019 613,1991 635,2010 645,2003 660,2013 679,2013 676,1893 623,1887 604,1896 557,1887 513,1900"/>
                <Baseline points="534,1953 579,1956 624,1956 668,1959 686,1956"/>
                <TextEquiv>
                    <Unicode>Ed:</Unicode>
                </TextEquiv>
            </TextLine>
            <TextLine id="tr_3_tl_8" custom="readingOrder {index:7;}">
                <Coords points="755,2120 874,2132 906,2110 1038,2148 1189,2117 1371,2132 1403,2117 1403,2038 1289,2029 1233,2054 1060,2000 887,2063 755,2041"/>
                <Baseline points="773,2108 782,2108 827,2111 872,2108 916,2108 961,2108 1006,2108 1051,2105 1096,2105 1140,2105 1185,2108 1230,2108 1275,2108 1320,2108 1364,2105 1409,2105"/>
                <TextEquiv>
                    <Unicode>um eine Villa</Unicode>
                </TextEquiv>
            </TextLine>
            <TextLine id="tr_3_tl_9" custom="readingOrder {index:8;}">
                <Coords points="742,2283 2837,2305 2871,2142 1922,2224 1686,2157 742,2173"/>
                <Baseline points="758,2266 773,2269 818,2266 863,2263 907,2260 952,2260 997,2260 1042,2260 1087,2260 1131,2260 1176,2260 1221,2260 1266,2260 1311,2260 1355,2260 1400,2260 1445,2260 1490,2263 1535,2260 1579,2260 1624,2257 1669,2260 1714,2260 1759,2257 1803,2260 1848,2260 1893,2260 1938,2260 1983,2260 2027,2260 2072,2260 2117,2260 2162,2260 2207,2263 2251,2260 2296,2263 2341,2263 2386,2260 2431,2260 2475,2260 2520,2260 2565,2260 2610,2260 2655,2260 2699,2260 2744,2260 2789,2263 2834,2260 2879,2260"/>
                <TextEquiv>
                    <Unicode>Sie kriegt sie ja nicht, sie hat ja verloren.</Unicode>
                </TextEquiv>
            </TextLine>
            <TextLine id="tr_3_tl_10" custom="readingOrder {index:9;}">
                <Coords points="516,2293 535,2286 557,2299 588,2280 638,2293 651,2283 667,2293 686,2290 682,2189 660,2189 648,2202 610,2189 544,2208 532,2198 513,2205"/>
                <Baseline points="534,2263 579,2263 624,2263 668,2269 689,2269"/>
                <TextEquiv>
                    <Unicode>Kr:</Unicode>
                </TextEquiv>
            </TextLine>
            <TextLine id="tr_3_tl_11" custom="readingOrder {index:10;}">
                <Coords points="755,2441 824,2463 1123,2425 1161,2456 1296,2419 1409,2478 1547,2422 1705,2434 1705,2312 1528,2359 1315,2334 1069,2365 947,2315 909,2352 755,2356"/>
                <Baseline points="773,2422 818,2416 863,2413 907,2413 952,2410 997,2413 1042,2413 1087,2413 1131,2413 1176,2416 1221,2413 1266,2413 1311,2413 1355,2413 1400,2416 1445,2413 1490,2413 1535,2413 1579,2413 1624,2410 1669,2410 1714,2413"/>
                <TextEquiv>
                    <Unicode>Aber ich krieg' was.</Unicode>
                </TextEquiv>
            </TextLine>
            <TextLine id="tr_3_tl_12" custom="readingOrder {index:11;}">
                <Coords points="758,2613 2771,2613 2903,2591 2903,2447 2047,2510 1346,2453 1113,2532 758,2478"/>
                <Baseline points="776,2565 821,2565 866,2565 910,2565 955,2565 1000,2565 1045,2565 1090,2565 1134,2562 1179,2562 1224,2565 1269,2565 1314,2568 1358,2565 1403,2565 1448,2565 1493,2565 1538,2565 1582,2565 1627,2565 1672,2565 1717,2565 1762,2568 1806,2565 1851,2565 1896,2565 1941,2562 1986,2565 2030,2565 2075,2562 2120,2565 2165,2565 2210,2565 2254,2565 2299,2565 2344,2565 2389,2565 2434,2565 2478,2565 2523,2565 2568,2565 2613,2565 2658,2568 2702,2568 2747,2568 2792,2568 2837,2571 2882,2574 2911,2577"/>
                <TextEquiv>
                    <Unicode>Und ich, der sie zur Universalerbin einsetzte,</Unicode>
                </TextEquiv>
            </TextLine>
            <TextLine id="tr_3_tl_13" custom="readingOrder {index:12;}">
                <Coords points="519,2591 569,2582 616,2617 642,2601 682,2598 679,2437 657,2437 638,2456 626,2447 604,2466 582,2466 563,2478 516,2463"/>
                <Baseline points="534,2568 579,2565 624,2565 668,2565 686,2571"/>
                <TextEquiv>
                    <Unicode>Ed:</Unicode>
                </TextEquiv>
            </TextLine>
            <TextLine id="tr_3_tl_14" custom="readingOrder {index:13;}">
                <Coords points="994,2739 3041,2733 3041,2645 2761,2610 2365,2673 994,2639"/>
                <Baseline points="1012,2717 1057,2717 1102,2717 1146,2717 1191,2717 1236,2717 1281,2717 1326,2717 1370,2717 1415,2717 1460,2717 1505,2717 1550,2717 1594,2717 1639,2717 1684,2717 1729,2717 1774,2720 1818,2717 1863,2717 1908,2717 1953,2714 1998,2717 2042,2714 2087,2717 2132,2717 2177,2717 2222,2720 2266,2717 2311,2717 2356,2720 2401,2720 2446,2720 2490,2720 2535,2717 2580,2717 2625,2717 2670,2717 2714,2717 2759,2720 2804,2720 2849,2717 2894,2717 2938,2720 2983,2720 3028,2717 3049,2720"/>
                <TextEquiv>
                    <Unicode>ich, der sie heute Nachmittag heiraten woll-</Unicode>
                </TextEquiv>
            </TextLine>
        </TextRegion>
        <TextRegion id="tr_1" custom="readingOrder {index:2;}">
            <Coords points="522,2817 3141,2817 3141,3671 522,3671"/>
            <TextLine id="tr_1_tl_1" custom="readingOrder {index:0;}">
                <Coords points="749,2881 2786,2934 3010,2887 3010,2749 749,2830"/>
                <Baseline points="767,2873 776,2873 821,2873 866,2870 910,2870 955,2867 1000,2870 1045,2873 1090,2873 1134,2873 1179,2873 1224,2873 1269,2873 1314,2873 1358,2873 1403,2873 1448,2870 1493,2870 1538,2870 1582,2870 1627,2870 1672,2870 1717,2870 1762,2873 1806,2873 1851,2870 1896,2870 1941,2870 1986,2870 2030,2870 2075,2873 2120,2873 2165,2873 2210,2873 2254,2876 2299,2876 2344,2876 2389,2873 2434,2873 2478,2873 2523,2873 2568,2873 2613,2873 2658,2873 2702,2873 2747,2873 2792,2873 2837,2873 2882,2873 2926,2873 2971,2873 3016,2870"/>
                <TextEquiv>
                    <Unicode>te - ich, der sie anbetete -! Ja, warum? warum*</Unicode>
                </TextEquiv>
            </TextLine>
            <TextLine id="tr_1_tl_2" custom="readingOrder {index:1;}">
                <Coords points="742,3063 2680,3029 2966,3129 2966,2931 2887,2909 742,2944"/>
                <Baseline points="761,3031 779,3031 824,3028 869,3025 913,3025 958,3025 1003,3025 1048,3025 1093,3025 1137,3025 1182,3025 1227,3028 1272,3028 1317,3025 1361,3025 1406,3025 1451,3025 1496,3025 1541,3025 1585,3025 1630,3028 1675,3028 1720,3028 1765,3028 1809,3028 1854,3028 1899,3028 1944,3025 1989,3028 2033,3025 2078,3025 2123,3028 2168,3028 2213,3025 2257,3025 2302,3028 2347,3028 2392,3028 2437,3028 2481,3028 2526,3028 2571,3028 2616,3028 2661,3028 2705,3031 2750,3028 2795,3031 2840,3028 2885,3031 2929,3028 2974,3028"/>
                <TextEquiv>
                    <Unicode>Erklären Sie mir doch, was sie an einem Subjekt</Unicode>
                </TextEquiv>
            </TextLine>
            <TextLine id="tr_1_tl_3" custom="readingOrder {index:2;}">
                <Coords points="749,3230 1299,3239 1742,3183 1950,3233 1981,3044 1764,3120 1620,3063 1255,3129 1126,3085 940,3126 749,3070"/>
                <Baseline points="767,3180 812,3180 857,3177 901,3177 946,3180 991,3180 1036,3180 1081,3180 1125,3180 1170,3180 1215,3180 1260,3180 1305,3180 1349,3177 1394,3177 1439,3177 1484,3177 1529,3177 1573,3177 1618,3180 1663,3180 1708,3180 1753,3180 1797,3180 1842,3180 1887,3180 1932,3180 1977,3183 1989,3186"/>
                <TextEquiv>
                    <Unicode>Ihrer Sorte finden konnte!</Unicode>
                </TextEquiv>
            </TextLine>
            <TextLine id="tr_1_tl_4" custom="readingOrder {index:3;}">
                <Coords points="503,3349 563,3368 579,3356 626,3393 676,3378 676,3233 657,3236 638,3224 626,3233 613,3227 601,3239 582,3227 525,3271 503,3268"/>
                <Baseline points="522,3336 567,3336 612,3333 657,3339 683,3336"/>
                <TextEquiv>
                    <Unicode>Kr:</Unicode>
                </TextEquiv>
            </TextLine>
            <TextLine id="tr_1_tl_5" custom="readingOrder {index:4;}">
                <Coords points="742,3390 2966,3393 3073,3353 3073,3252 739,3227"/>
                <Baseline points="761,3336 806,3336 851,3336 895,3336 940,3336 985,3336 1030,3336 1075,3336 1119,3339 1164,3339 1209,3341 1254,3339 1299,3339 1343,3339 1388,3336 1433,3336 1478,3336 1523,3336 1567,3336 1612,3336 1657,3333 1702,3336 1747,3336 1791,3336 1836,3339 1881,3339 1926,3339 1971,3339 2015,3339 2060,3336 2105,3336 2150,3339 2195,3339 2239,3339 2284,3339 2329,3341 2374,3341 2419,3339 2463,3339 2508,3339 2553,3339 2598,3339 2643,3339 2687,3339 2732,3339 2777,3339 2822,3339 2867,3339 2911,3339 2956,3339 3001,3339 3046,3339 3079,3341"/>
                <TextEquiv>
                    <Unicode>Mein Herr, ich bin heraufgekommen, mich mit Ihnen</Unicode>
                </TextEquiv>
            </TextLine>
            <TextLine id="tr_1_tl_6" custom="readingOrder {index:5;}">
                <Coords points="2887,3485 2915,3485 2941,3507 2978,3500 2988,3510 3007,3494 3019,3504 3041,3494 3054,3507 3076,3494 3136,3500 3136,3309 3117,3305 3041,3356 3007,3359 2975,3390 2887,3387"/>
                <Baseline points="2905,3446 2950,3446 2995,3446 3040,3446 3085,3446 3129,3443 3141,3446"/>
                <TextEquiv>
                    <Unicode>ngt,</Unicode>
                </TextEquiv>
            </TextLine>
            <TextLine id="tr_1_tl_7" custom="readingOrder {index:6;}">
                <Coords points="742,3526 833,3504 944,3554 1060,3560 1091,3585 1167,3576 1195,3601 1252,3563 1368,3563 1368,3431 1211,3437 1145,3406 1066,3434 742,3419"/>
                <Baseline points="761,3488 806,3491 851,3491 895,3491 940,3491 985,3491 1030,3491 1075,3491 1119,3491 1164,3491 1209,3491 1254,3491 1299,3491 1343,3491 1376,3494"/>
                <TextEquiv>
                    <Unicode>zu versöhnen.</Unicode>
                </TextEquiv>
            </TextLine>
            <TextLine id="tr_1_tl_8" custom="readingOrder {index:7;}">
                <Coords points="509,3692 2752,3695 3041,3667 3044,3497 893,3626 513,3507"/>
                <Baseline points="531,3655 537,3655 582,3658 627,3661 671,3661 716,3658 761,3658 806,3658 851,3661 895,3658 940,3658 985,3658 1030,3658 1075,3655 1119,3655 1164,3655 1209,3655 1254,3655 1299,3655 1343,3655 1388,3655 1433,3658 1478,3658 1523,3655 1567,3655 1612,3652 1657,3655 1702,3652 1747,3652 1791,3652 1836,3652 1881,3658 1926,3655 1971,3655 2015,3655 2060,3655 2105,3655 2150,3652 2195,3655 2239,3655 2284,3655 2329,3655 2374,3655 2419,3652 2463,3652 2508,3652 2553,3649 2598,3646 2643,3637 2687,3631 2732,3622 2777,3619 2822,3610 2867,3607 2911,3601 2956,3601 3001,3598 3046,3601"/>
                <TextEquiv>
                    <Unicode>Ed: Ah, behalten Sie sie nurm,behalten Sie st n, die</Unicode>
                </TextEquiv>
            </TextLine>
        </TextRegion>
    </Page>
</PcGts>
