3304 3992
184 510 2503 697 Stadt, das Duell, die interessante Frau. Burleske.
173 596 2766 891 Er jung, naiv, grosse Sehnsucht nach der Eleganz des Le.
170 808 2863 998 bens, kommt von einem Kostumball, noch als Pierrot:Haus,
194 946 2887 1165 wo er Hofmeister würde: mit zwei Fruenden nach Hause. Er
187 1140 2887 1345 ist ziemlich betrunken. Aermliche Stube. Gespräch über die
187 1272 2967 1459 schöne Gräfin W., mit der er getanzt, den ritterlichen Gra-
187 1414 2842 1633 fen W. Dann liest er einen Kriminal loman, von Detektiven.
229 1598 2984 1827 Morgen soller mit der kleinen Lucie eine Landpartie machen.
184 1747 2898 1927 Brief von ihr. Schläft ein. Sehnsucht, korrekt zu sein. Es
191 1886 1900 2132 klopft. Die zwei Sekundanten kommen.
