2971 4072
287 589 2558 761 Die Figuren dieses Stückes werden von puppenhaft
296 749 2567 915 geschminkten Schauspielern dargestellt, die sich
346 903 2544 1098 ganz in der Art von Marionetten bewegen und zu
348 1060 2558 1243 denen vom Schnürboden aus Drähte führen, an de¬
308 1240 1975 1376 nen sie gelenkt zu werden scheinen.
337 1754 2619 1905 Szene: Modern eingerichtetes Zimmer, ein Fenster
337 1882 2671 2085 auf die Strasse, Türe rechts ins Vorzimmer, links
395 2105 1202 2245 ins Schlafzimmer.
357 2271 2590 2541 Der Held dieses Stückes sitzt am Schreibtisch,
404 2509 2570 2698 Liesl hüpft herein, hält ihm die Hand vor die
427 2756 726 2869 Augen.
1074 2869 1356 3011 Liesl
389 2921 2538 3177 Jetzt rat' aber g'schwind, wer kann das sein?
1106 3258 1353 3368 Held:
392 3354 1037 3589 Mein Schatz -
