2987 4088
245 604 2762 818 ikb: Ich begreife, dass du diesen Schwur leistest. Ich
478 787 2731 988 wurde ohne Bedenken das selbe tun. Jeder Reineld
475 944 2703 1092 Ehrenmann muss bereit sein, einen Meineid zu be-
485 1089 2357 1268 gehen, um die Ehre einer Frau zu retten.
195 1227 2728 1422 Ich schwöre dir, dass meine Beziehungen zu Frau
472 1403 1375 1595 Krögel vollkommen -
249 1570 856 1756 Ed: Ehrbar -
255 1671 2703 1875 Alb : Du sagst es. Aber umsomehr... ah, mein Lieber!
513 1872 2690 2026 - Du siehst in mir einen vollkommen zerrütteten
485 2064 931 2206 Menschen.
497 2228 1026 2379 Allerdings.
258 2224 425 2369 Ed:
535 2347 2725 2473 Die Umstände haben es gefügt, dass dir ein Ein-
261 2391 462 2564 Alb:
497 2470 2633 2649 blick in meine Seelenverfassung gestattet war.
497 2633 2558 2806 So lass dir alles gestehen. Ich liebe dieses
513 2750 2662 2964 Weib. Ich kann es nicht glauben, dass sie mich
503 2879 2810 3112 um deinetwillen - mieh um deinet willen
516 3212 2674 3436 Sei so gut, beleidige mich nicht. Ich bin auch
277 3297 431 3464 Ed:
516 3389 2570 3606 sehr begehrenwert. :Klingel: Ah, das ist
513 3590 919 3757 Brandis.
1082 3637 2593 3864 Sperr' die Türe ab! Muss er eben
289 3766 488 3908 Alb:
569 3763 966 3908 : erregt:
