3051 4120
87 550 449 831 Proben.
81 724 2495 912 Roulettespiel im Zimmer und eine kleine Liebschaft.
103 853 2702 1089 Als Vorübung für Monako und grande Passion./ als erster
97 1128 320 1254 Akt
103 1186 1254 1413 Oder als Stück für sich.
103 1354 2641 1532 Ein Freund, der komnt, ihm sein ganzes Geld abgewinnt,
126 1497 2628 1707 und ihn so etfersüchtig macht, dass er meht er liebt
123 1723 417 1904 genug.
123 1768 2570 2091 In Monako ist auch die grande Dame die ihn erwartet.
58 2334 330 2550 Clavia
