3368 4024
2874 355 3015 501 22
752 462 2920 725 was mir wenig auffiel. Ich dachte eben, es
706 624 2996 822 ist ein eifersüchtiger Ehemann, wie manher ande-
774 810 3039 972 re. Nach dem Souper erhebt sich alles und ich be-
770 936 3027 1180 gebe mich ins Rauchzimmer. Herr Krögel tritt auf
774 1122 3027 1358 mich zu. "Mein Herr", sagt er zu mir, "ich weiss
780 1333 1116 1471 alles."
774 1471 1144 1624 Hahaha!
547 1486 731 1627 B r:
563 1599 2250 1749 Alb: Warum lachen Sie, Herr Doktor?
599 1734 3061 1908 Br: Er weiss alles! Glauben Sie denn, dass es einen
792 1920 2315 2104 Menschen giebt, der alles weiss?
859 2036 3067 2214 Ich finde Ihren Scherz etwas unzeitgemäss, Herr
575 2107 777 2238 Alb:
813 2208 3030 2351 Doktor. Man unterlässt solche Scherze, wenn man
822 2336 3113 2519 sich sozusagen in Gesellschaft eines zum Tod vVr-
832 2538 1676 2663 urteilen befindet.
832 2605 3058 2868 Ich finde diese Bemerkung nicht minder unzeitge-
581 2709 752 2843 Br:
832 2834 2073 3024 mäss und überdies taktlos.
841 2966 3094 3168 Ich beschwöre such, hört mich an! - Er sagte mir
605 2975 774 3161 Ed:
856 3122 2954 3268 also: "Ich weiss alles." "Was?" frage ich er-
859 3284 3042 3446 staunt. "Was wissen Sie?“ xr darauf: „Wir brau-
868 3434 3061 3648 chen keine weiteren Worte darüber zu verlieren.
856 3583 3073 3779 Es handelt sich nur darum, dass wir rasch einen
