2995 4344
2238 378 2371 558 12
293 685 2433 863 schwarz gekleidet, hat einen schwarzen langen
347 809 2613 1063 Vollbart, ist gemessen und ernst. Schon nahe der
344 964 2554 1161 Tür verbeugt er sich und sagt, gegen das Publi-
834 1153 1457 1288 kum gewendet:
2241 1144 2709 1395 fliffer leibet.
321 1257 1931 1474 Ich bin der Raisonneur des Stücks,
321 1438 1939 1612 Red' entweder geistreich oder nix.
1223 1649 2137 1784 Held::: ungehalten:
358 1824 2142 1970 Und da Sie zur Handlung nicht gehören,
355 1951 2340 2168 Versuchen Sie wenigstens, nicht zu stören.
1071 2145 2534 2314 Raisonneur: :geht nach hinten,
420 2294 2509 2500 lehnt sich in die Fensternische, bleibt dort
431 2464 2621 2644 stehen und tritt im Verlaufe der weiteren Hand-
423 2605 2678 2824 lung nur gelegentlich nach vorwärts, wenn er et-
397 2762 2596 2929 was zu reden hat. Im übrigen bleibt er von den
406 2906 2621 3151 Vorgängen vollkommen unberührt. Er kümmert sich
454 3064 2675 3256 um Niemanden, und die Andern kümmern sich nicht
1206 3264 1559 3388 um ihn:
