2859 4184
852 528 2453 715 Der Tod: : auf den Raisonneur deu-
479 708 2480 855 Der dort ist unsterblich - ich komm' zu dir
179 773 434 945 tend:
421 850 2208 1024 Lass meine Tracht dich nicht erstaunen
421 995 2139 1179 Mein Garderobier hat seltsame Launen.
444 1114 2378 1338 Seitdem die Lebend'gen nicht mannigfaltig,
446 1289 2243 1478 Erscheint der Tod höchst vielgestaltig:
446 1473 2380 1650 Als schöner Jüngling mit schwarzem Barett,
454 1610 2066 1807 Als Geiger, Gevatter oder skelett -
454 1770 2081 1967 Doch zuckt am Draht in leisem Tanze
464 1924 1954 2114 Hier Herzog, Raisonneur und Held
466 2081 1914 2258 Und spottet in erborgtem Glanze
469 2283 1712 2453 Gewohnter Lügen diese Welt,
471 2428 1877 2592 Lacht sich heut im eignen Haus
481 2565 1638 2787 Publikum und Dichter aus,
476 2724 1984 2879 Mag sich zum Beschluss im Reigen
484 2819 2296 3021 Ehrlich diesmal auch der Tod erzeigen -
775 3036 1787 3173 :Steht als Wurstel da:
1029 3263 1289 3402 Held:
506 3372 2144 3592 Narrenkappe - Pritsche in der Hand
501 3567 2001 3761 Weh! ist dies dein recht Gewand!
