3400 3976
2821 401 2949 526 43
832 514 3046 699 schwören ihr, dass nichts zwischen uns vorgefal-
824 688 1219 864 len ist.
867 832 3123 1006 Das werd' ich nicht tun. Im Gegenteil: ich werde
602 861 801 989 Ida:
838 1003 2796 1159 ihr schwören, dass Sie sie betrogen haben.
838 1182 2370 1330 Gnädige Frau, das ist nicht edel.
588 1139 787 1287 Ed:
872 1310 3037 1449 Ich bin nicht hergekommen, um edel zu sein. Es
602 1344 798 1463 Ida:
830 1477 2972 1648 ist nicht meine Schuld, dass Sie ein so ausge-
835 1628 1665 1762 machter Narr sind.
841 1764 2273 1952 Ich bitte Sie, gnädige Frau -
591 1781 750 1935 Ed:
881 1963 2924 2060 Aber ich weiss einen Ausweg. Ich bin bereit,
614 1958 793 2068 Ida:
838 2088 3052 2188 Ihrem Fräulein Lucie zu versichern, dass Sie un-
830 2256 3091 2426 schuldig sind unter der Bedingung, dass Sie mein
830 2407 1639 2532 Geliebter werden.
841 2557 3120 2728 Gnädige Frau, Sie sind ein Dämon! Ist es möglich,
597 2517 750 2722 Ed:
841 2716 2245 2838 dass eine Frau so grausam ist?
889 2841 3006 3032 Grausam? - Sie sind es, nicht ich. Solang ich
608 2850 796 2995 Ida:
832 3012 2975 3171 denken kann, sehne ich mich danach, einem Men-
832 3165 3088 3296 schen anzugehören, der morgen nicht mehr auf der
838 3287 2961 3455 Welt ist,- endlich ist der Moment da, und Sie
844 3481 2867 3645 verderben mir mit Ihrem Eigensinn die ganze
847 3642 2978 3762 Freude! Wann wird eine solche Gelegenheit wie-
