2923 4040
2413 403 2567 573 24
924 548 1470 719 Raisonneur:
378 719 2254 883 Den Frihling seh' ich lachen und winken,
381 847 1983 1020 Er will uns doch zu kurz bedunken,
378 1020 1939 1168 Doch der, dem nur gehört ein Tag,
387 1149 1936 1325 Weiss nicht, was er beginnen mag.
1078 1379 2657 1506 Held: :auf einen Einfall kommend
373 1544 2515 1667 Halloh, halloh! - :Er eilt zum Telephon und
428 1706 2633 1848 klingelt; dann ruft er hinein: Halloh, halloh!
381 1859 2430 1961 Zwölftausend sechshundert zwanzig - zwei -
376 1997 2093 2114 So ruf' ich mir nämlich Liesl herbei
378 2117 2232 2276 Und tu' ihr die seltsame Nachricht kund
376 2285 2189 2400 Dass ich sie heirate noch diese Stund'
376 2455 2150 2572 Denn liess' ich sie ohne dieses erben,
367 2583 2109 2723 Sie musste durch ihren Vater sterben,
359 2701 1887 2855 Da dieser ein düsterer Kanzelist
351 2838 1991 3009 Aus einer sehr alten Schachtel ist.
351 2978 2068 3173 Arf jenseits von Gut und Böse pfeift
359 3121 1769 3335 Und sozusagen nichts begreift.
754 3316 1393 3530 :Es klingelt:
