2923 4232
2095 434 2231 578 21
386 682 1810 877 Und ich als Opfer fallen soll,
389 813 2047 1010 Das find' ich höchst geheimnisvoll.
402 994 1799 1199 Was aber fang' ich armer Mann
408 1135 1836 1359 Mit meinen letzten Stunden an?
829 1410 1375 1535 Raisonneur:
426 1535 2311 1722 Den Frühling seh' ich lachen und winken,
432 1671 2025 1879 Er will uns doch zu kurz bedunken,
437 1855 1996 2044 Doch der, dem nur gehört ein Tag,
434 1993 1988 2188 Weiss nicht, was er beginnen mag.
522 2225 2153 2369 Held: :auf einen Einfall kommend:
442 2351 2582 2534 Halloh, halloh! - :Er eilt zum Telephon und
352 2510 2484 2737 Engelt; dann ruft er hinein: l Halloh! halloh!
469 2649 2398 2881 Zwölftausend sechshundert zwanzig zwei -!
474 2798 2185 3011 Se ruf' ich mir nämlich Liesl herbei
472 2966 2332 3177 Und tu' ihr die seltsame Nachricht kund
466 3134 2311 3334 Dass ich sie heirate noch diese Stund“;
472 3291 2281 3475 Denn liess' ich sie ohne dieses erben,
474 3417 2223 3718 Sie müsste durch ihren Vater sterben,
