2955 4280
1976 450 2109 651 27
379 693 2428 923 gkämpfer erhebt sich wieder, wirft dem Publi-
408 883 1626 1082 Kusshändehen zu und geht:
944 1140 1291 1291 Herzog:
442 1273 1997 1458 Und wenn ich lache, fallen sofort
442 1435 2036 1600 Die Bilder herunter von jedem Ort.
395 1581 2462 1759 Er lacht laut; die Bilder fallen von den Wän-
1009 1801 1218 1911 den:
463 1853 2243 2086 Aus einer Karte schiess' ich das Ass
413 1958 2478 2216 Der erste stumme Herr geht in die andere Zim-
408 2141 2514 2376 ecke, hält eine Karte in die Luft, der zweite
421 2347 2473 2538 nme Herr reicht dem Herzog eine Pistole. Der
426 2486 2394 2674 zog schiesst und trifft das Ass.- Der eine
447 2645 2154 2825 zumme Herr zeigt die Karte dem Helden:
538 2799 2245 2988 Wo ich hintrete, da wächst kein Gras
499 2964 2533 3113 tritt vor sich hin; die beiden stummen Her-
491 3121 2418 3283 treten in seine Nähe und bestätigen, dass
484 3267 1942 3440 sächlich kein Gras dort wächst:
557 3434 2347 3586 Und niemals vergeht ein Tag, dass sich
538 3557 2470 3787 Nicht irgend ein Weiblein tötet für mich.
