2963 4072
2343 368 2479 507 25
308 521 1964 699 Halloh! halloh! Ich bin's, hör' zu!
300 688 2434 857 Der Held dieses Stücks.... nun ja - hörst du?
308 846 2374 1033 Geh' aus dem Geschäft heut nicht nach Hause,
2471 954 2567 1070 G.C.F.P.
311 1019 2012 1138 Sondern komm' zu mir zu einer Jause,
308 1101 2584 1285 Dann heirat' ich dich... Nein,'s ist kein Wütz!
320 1285 2114 1455 Mir kam der Gedanke wie ein Hlitz....
323 1449 2196 1571 Verstanden?... Gut! - Jetzt abgeläutet!
311 1588 2244 1757 Seht, wie sich ein Held zum Tod bereitet.
976 1893 1927 2032 Diener:: tritt ein:
328 2091 1939 2190 Es klingelt', ich öffnete die Tür,
325 2199 2536 2389 Und dieses dämonische Weib steht vor mir. : ab:
563 2510 2462 2674 Die Herzogin von Lawin:  :tritt ein, mit
713 2677 1851 2790 grossartigen Bewegungen:
331 2838 1800 2980 Ich bin die Herzogin von Lawin,
331 2957 1523 3124 Der Neusationen Sucherin.
334 3116 2171 3286 Der Herzog erschieset Sie morgen - hum!
328 3240 2043 3467 Sie sollen wenigstens wissen, warum.
589 3427 1692 3583 :Sie sperrt die Tür ab:
