2947 4056
2040 447 2186 570 26
1028 606 1294 746 Held:
332 757 938 930 Was tun Sie?
935 957 1388 1130 Herzogin:
993 1086 2701 1292 Sie weilen nicht lang mehr auf Erden
348 1278 2515 1451 So lassen Sie schleunigst uns schuldig werden;
362 1421 2561 1593 Ich liebe die Streiche, die wilden, die tollen,
367 1593 2386 1747 0, machen Sie doch aus mir, was Sie wollen!
1048 1851 1319 1969 Held:
362 1991 2150 2131 Tief ist die Dunkelheit dieses Falles!
414 2150 1986 2271 O Herzogin, wie kommt dies alles?
968 2380 1418 2534 Herzogin:
365 2507 2120 2655 Dich such' ich, seit ich suchen kann,
373 2652 1944 2784 Nie liebt' ich einen andern Mann,
384 2797 2180 2934 Zu Füssen lag mir das ganze Gelichter,
431 2918 2504 3088 Fürsten, Stallknechte, Soldaten und Dichter,
387 3126 2079 3266 Stets fand ich der Andern Liebe nur,
387 3247 1953 3472 Von meiner regte sich keine Spur,
387 3475 2328 3650 Denn Einen nur kann ich auf Erden lieben,
