3003 4088
230 581 2014 833 Alb: Wie meinen Sie das, Herr Doktor?
165 836 2663 988 Br: Ich meine, dass es zu dumm ist, sich wegen einer
416 976 1227 1128 Frau zu schlagen.
457 1147 2374 1252 Sie drücken sich ein wenig allgemein aus.
174 1103 385 1274 Alb:
416 1296 2685 1464 Ich drücke mich aus, wie es mir beliebt, und wie-
168 1274 345 1461 B r:
410 1395 2094 1594 derhole, dass ich es xxx dumm finde.
444 1572 1725 1753 Sie sagten vorher: zu dumm.
171 1597 376 1731 Alb:
420 1734 1861 1899 Wenn es Ihnen beliebt: zu dumm!
165 1762 348 1886 Br:
457 1908 2632 2023 Ich hingegen möchte mir die Bemerkung erlauben,
171 1892 376 2045 Alb:
413 2029 2595 2191 dass es Frauen giebt, für welche sich jeder an-
416 2172 2470 2343 ständige Mensch schlagen muss, und ich weiss
410 2371 2530 2498 nicht, wer einen Grund haben dürfte, Frau Ida
398 2489 2337 2651 Krögel nicht zu diesen Frauen zu rechnen.
407 2688 2620 2809 Ich hingegen kann mir nicht recht erklären, wie
171 2694 329 2800 Br:
413 2784 1681 2974 gerade Sie, junger Mann....
451 2986 2570 3086 Ich bin nicht Ihr junger Mann. Ich bin keines
177 2986 379 3114 Alb:
398 3073 2704 3244 Mannes junger Mann! Und ich dulde nicht, dass man
410 3247 2676 3403 ehrenhafte Damen - dass man Damen von tadellosem
407 3415 2713 3567 Ruf... ich dulde nicht... ich dulde nicht… ich
413 3546 2694 3754 dulde nicht... und bin nicht in der Lage, in die-
