3003 4088
2439 498 2583 633 13
464 593 2706 806 jetzt kommen? Sieht man mir an, dass ich geweint
458 793 2455 959 habe? Sag‘ mir alles, bevor er hereintritt,
464 934 1749 1125 sonst steh' ich für nichts.
477 1122 2640 1288 Fasse dich. Du wirst nur Dinge hören, die dich
213 1122 389 1270 Ed:
470 1251 962 1423 beruhigen.
229 1383 2746 1589 Brandis: :tritt ein; schläfrig:/ Guten Morgen. Musst
480 1539 2536 1699 entschuldigen, dass ich mich verspätet habe.
467 1646 2727 1856 Deine Nachricht traf mich noch im Bett. Bin erst
473 1850 2213 2025 um sechs Uhr früh nach Haus gekommen.
486 1991 1439 2223 Von einer Operation?
232 2066 392 2191 Ed:
480 2198 2699 2345 Sagen wir, von einer Operation.- Also was fehlt
241 2245 392 2423 Br.
480 2395 702 2514 dir?
251 2405 2461 2696 Ed: Ich hab' dich nicht als Arzt rufen lassen.
288 2640 1270 2803 Br: Nicht als Arzt?
304 2778 1342 2969 Ed: Nein, als Freund.
248 2925 2699 3088 Br: Kann ich auch. Du erlaubst -? I:Legt sich auf
489 3085 975 3285 den Divan:
533 3220 2702 3414 Doktor, stehen Sie lieber auf. Es handelt sich
266 3238 473 3420 Alb:
505 3364 2699 3558 um eine Sache, welche nicht gemütlich behandelt
505 3552 1088 3756 werden kann.
