2915 4136
2110 403 2257 640 24
537 690 2347 874 Und der es weiss, dass an meiner Brust
548 845 2046 1011 Ihm nun erblüht die letzte Lust.
537 1014 2478 1143 Drum bist du der Schönste heut, der lebt,
548 1111 2663 1330 Schön macht dich der Tod, der dich umschwebt,
548 1306 2405 1433 Schön macht dich, dass du verloren bist
561 1464 1923 1601 Und morgen alles zu Ende ist,
558 1586 2628 1733 Was best du so düster? was bist du so stille?
540 1765 2634 1870 So mach' doch endlich aus mir, was ich will!
787 1925 2215 2017 :Sie wirft sich in seine Arme:
1111 2115 2360 2244 Held: :nach einer kleinen
464 2276 2004 2397 Pause, sich von ihr entfernend:
558 2447 2165 2560 Nur Eines vergassen Sie, Herzogin:
550 2589 2444 2734 Dass ich etwa nicht in der Stimmung bin.
1006 2771 2642 2987 Herzogin: :sieht ihn zuerst gross
558 2952 2439 3076 dann lacht sie auf, wild und hysterisch;
395 2989 508 3087 an,
708 3134 1699 3237 plötzlich horcht sie:
548 3279 2320 3413 Der Herzog! Wohin, dass er mich nicht
2157 3334 2594 3537 erblickt?
645 3463 2384 3637 :Sie flüchtet sich ins Schlafzimmer:
