2939 4040
2125 338 2246 497 21
1022 523 1311 699 Held:
352 667 2189 852 Am gestrigen Abend, wie Mittwoch immer,
352 820 2420 962 Ging ich in den Klub, wollt' ins Lesezimmer,
355 967 1984 1141 Da trat mir entgegen mit einem Mal
352 1112 1784 1270 Der Herzog aus dem Speisesaal.
375 1239 2385 1395 „Sie sind es“, sprach er, „den ich erwarte,
416 1421 2472 1556 "Ein Schurke sind Sie, ich bin der Genarrte.
375 1556 2143 1704 "Sie müssen sterben, das sehn Sie ein,
367 1712 2235 1848 "Jedoch der Herzogin will ich verzeih'n.
396 1862 2065 2015 Drum soll am Kartentisch da drinnen
387 2004 2307 2206 "Ein Streit sich zwischen uns entspinnen."
390 2117 1952 2304 Wir traten ein, das Spiel begann,
344 2290 1805 2489 Und ich gewann, gew ann, gawann,
323 2454 2007 2619 Bis auf dem Tisch vor mir die Maxen
329 2599 1992 2763 Zu einer Million waren angewachsen.
321 2746 2220 2957 Da sagte der Herzog: "Das ist zu viel!"
323 2899 2267 3072 Und warf an den Kopf mir das ganze Spiel.
318 3026 1975 3228 Er warf mir die Karten ins Gesicht,
303 3199 2625 3433 Doch schwör' ich’s: die Herzogin kenn’ ich nicht!
915 3390 1308 3630 Ernster:
295 3555 834 3684 Er schwört!
