3313 4200
2678 514 2807 697 17
703 751 2851 911 soll, so ist es Herr Krögel doch eher als ich.
520 924 2129 1075 Alb: Wie kannst du das behaupten?
710 1053 3031 1208 Pardon, wir schweifen ab. Es handelt sich da nicht
473 1082 643 1243 Br:
725 1230 2870 1337 darum zu entscheiden, wir ein Idiot ist.- Also
719 1366 2838 1504 wir haben Herrn Krögel um Aufklärung betreffs
722 1514 2085 1675 des Wortes Idiot zu ersuchen.
732 1662 2851 1810 Nicht um Aufklärung. Ich weiss, warum er mich
483 1643 650 1854 Ed:
738 1842 1952 1987 einen Idioten genannt hat.
495 1996 1268 2160 Alb: Also doch!
489 2154 1722 2302 Br: Er hatte einen Grund!
505 2274 2050 2444 Ed: Nein, er hatte keinen Grund.
505 2454 3006 2611 B r: Du sagtest doch eben: er hatte einen Grund. Sagt
754 2599 2441 2734 er nicht eben, er hatte einen Grund?
568 2712 3065 2905 Alb: Allerdings. Es befremdet mich nur, dass Sie sich
754 2930 1653 3078 desswegen aufregen.
511 3028 3050 3188 Br: Ich! - Vortrefflich! Sehen Sie doch, wie aufgeregt
760 3211 2450 3412 ich bin. :legt sich auf den Divan:
520 3400 1675 3513 Ed: Was machst du denn?
763 3469 3084 3703 Ich will diesem Herrn beweisen, wie wenig ich auf-
524 3570 716 3753 Br:
766 3636 2731 3835 geregt bin. Ich lege mich einfach schlafen.
