<?xml version="1.0" encoding="UTF-8" standalone="yes"?>
<PcGts xmlns="http://schema.primaresearch.org/PAGE/gts/pagecontent/2013-07-15" xmlns:xsi="http://www.w3.org/2001/XMLSchema-instance" xsi:schemaLocation="http://schema.primaresearch.org/PAGE/gts/pagecontent/2013-07-15 http://schema.primaresearch.org/PAGE/gts/pagecontent/2013-07-15/pagecontent.xsd">
    <Metadata>
        <Creator>prov=READ-COOP:name=TrHtr:version=2.1.0:model_id=51170:date=29_07_2023_00:31</Creator>
        <Created>2023-05-10T12:07:02.933+02:00</Created>
        <LastChange>2023-07-29T00:31:32.129+02:00</LastChange>
        <TranskribusMetadata docId="1428186" pageId="55398065" pageNr="129" tsid="131387461" status="IN_PROGRESS" userId="64420" imgUrl="https://files.transkribus.eu/Get?id=SABSXUNBBCALONDWOYCUIBHE&amp;fileType=view" xmlUrl="https://files.transkribus.eu/Get?id=SFGTSQZQAJMENZWEHNECXXQE" imageId="44672943"/>
    </Metadata>
    <Page imageFilename="1428186_0129.jpg" imageWidth="2939" imageHeight="4024">
        <ReadingOrder>
            <OrderedGroup id="ro_1711799590795" caption="Regions reading order">
                <RegionRefIndexed index="0" regionRef="tr_1"/>
                <RegionRefIndexed index="1" regionRef="tr_2"/>
            </OrderedGroup>
        </ReadingOrder>
        <TextRegion id="tr_1" custom="readingOrder {index:0;}">
            <Coords points="414,466 2561,466 2561,2045 414,2045"/>
            <TextLine id="tr_1_tl_1" custom="readingOrder {index:0;}">
                <Coords points="2306,558 2331,561 2374,534 2384,542 2411,540 2427,553 2443,553 2441,432 2416,432 2395,443 2374,424 2355,438 2336,435 2325,424 2304,424"/>
                <Baseline points="2319,516 2364,516 2409,516 2447,519"/>
                <TextEquiv>
                    <Unicode>20</Unicode>
                </TextEquiv>
            </TextLine>
            <TextLine id="tr_1_tl_2" custom="readingOrder {index:1;}">
                <Coords points="454,738 556,803 929,819 1487,765 2223,803 2223,663 454,658"/>
                <Baseline points="468,737 513,737 558,737 603,737 647,737 692,740 737,740 782,737 826,737 871,737 916,737 961,737 1005,737 1050,737 1095,737 1140,740 1185,740 1229,740 1274,740 1319,740 1364,740 1408,740 1453,740 1498,740 1543,740 1588,740 1632,740 1677,740 1722,740 1767,743 1811,740 1856,743 1901,743 1946,743 1991,743 2035,743 2080,746 2125,749 2170,755 2214,758 2226,761"/>
                <TextEquiv>
                    <Unicode>Wenn Ihr noch weiter Spektakel macht,</Unicode>
                </TextEquiv>
            </TextLine>
            <TextLine id="tr_1_tl_3" custom="readingOrder {index:2;}">
                <Coords points="400,975 1246,921 1590,1002 1957,921 2486,985 2553,977 2551,814 397,811"/>
                <Baseline points="414,895 459,889 504,892 549,895 594,895 638,895 683,895 728,892 773,895 817,895 862,895 907,895 952,895 997,895 1041,895 1086,895 1131,895 1176,895 1220,895 1265,895 1310,895 1355,895 1400,898 1444,895 1489,895 1534,895 1579,895 1623,895 1668,898 1713,898 1758,898 1803,898 1847,901 1892,901 1937,898 1982,901 2026,904 2071,904 2116,901 2161,901 2206,901 2250,901 2295,901 2340,904 2385,901 2429,901 2474,898 2519,901 2561,907"/>
                <TextEquiv>
                    <Unicode>Legt man Buch in die Schachtel und gute Nacht.</Unicode>
                </TextEquiv>
            </TextLine>
            <TextLine id="tr_1_tl_4" custom="readingOrder {index:3;}">
                <Coords points="1010,1130 1163,1136 1176,1122 1200,1136 1219,1125 1289,1138 1359,1122 1380,1133 1404,1122 1404,993 1342,1015 1286,996 1267,1010 1136,961 1036,1018 1010,1015"/>
                <Baseline points="1023,1116 1068,1116 1113,1113 1158,1113 1203,1116 1247,1116 1292,1116 1337,1116 1382,1119 1411,1125"/>
                <TextEquiv>
                    <Unicode>Ernster;</Unicode>
                </TextEquiv>
            </TextLine>
            <TextLine id="tr_1_tl_5" custom="readingOrder {index:4;}">
                <Coords points="451,1294 2333,1308 2341,1125 2108,1198 1471,1104 591,1109 448,1168"/>
                <Baseline points="465,1250 510,1244 555,1244 600,1244 644,1247 689,1247 734,1244 779,1244 823,1244 868,1247 913,1247 958,1247 1003,1250 1047,1247 1092,1250 1137,1250 1182,1250 1226,1250 1271,1250 1316,1250 1361,1250 1406,1250 1450,1253 1495,1253 1540,1253 1585,1253 1629,1253 1674,1256 1719,1256 1764,1256 1809,1259 1853,1259 1898,1259 1943,1262 1988,1259 2032,1259 2077,1262 2122,1265 2167,1268 2212,1271 2256,1271 2301,1274 2346,1283 2352,1283"/>
                <TextEquiv>
                    <Unicode>mit langsam straffer werdenden Drähten:</Unicode>
                </TextEquiv>
            </TextLine>
            <TextLine id="tr_1_tl_6" custom="readingOrder {index:5;}">
                <Coords points="411,1415 1947,1453 1947,1377 1853,1345 408,1310"/>
                <Baseline points="426,1397 471,1394 516,1394 561,1394 605,1391 650,1394 695,1394 740,1394 785,1394 829,1394 874,1394 919,1394 964,1394 1008,1394 1053,1394 1098,1397 1143,1397 1188,1400 1232,1400 1277,1400 1322,1403 1367,1403 1411,1403 1456,1406 1501,1406 1546,1406 1591,1406 1635,1406 1680,1408 1725,1408 1770,1411 1814,1411 1859,1414 1904,1414 1949,1420 1952,1420"/>
                <TextEquiv>
                    <Unicode>Für diesmal haben wir kein Glück.</Unicode>
                </TextEquiv>
            </TextLine>
            <TextLine id="tr_1_tl_7" custom="readingOrder {index:6;}">
                <Coords points="996,1643 1896,1670 1896,1576 1565,1579 1455,1541 1348,1587 993,1533"/>
                <Baseline points="1011,1629 1056,1629 1101,1629 1146,1632 1191,1632 1235,1632 1280,1632 1325,1635 1370,1635 1414,1638 1459,1644 1504,1644 1549,1641 1594,1638 1638,1638 1683,1641 1728,1644 1773,1644 1817,1644 1862,1644 1901,1647"/>
                <TextEquiv>
                    <Unicode>Heiterer:: ebenso:</Unicode>
                </TextEquiv>
            </TextLine>
            <TextLine id="tr_1_tl_8" custom="readingOrder {index:7;}">
                <Coords points="403,1882 588,1837 760,1880 870,1820 2033,1858 2030,1743 1949,1729 819,1748 620,1692 400,1735"/>
                <Baseline points="417,1803 462,1800 507,1800 552,1800 597,1800 641,1800 686,1800 731,1800 776,1800 820,1800 865,1800 910,1800 955,1800 1000,1800 1044,1800 1089,1797 1134,1797 1179,1797 1223,1797 1268,1797 1313,1800 1358,1800 1403,1800 1447,1800 1492,1800 1537,1800 1582,1800 1626,1800 1671,1800 1716,1803 1761,1803 1806,1803 1850,1803 1895,1803 1940,1803 1985,1806 2029,1806 2038,1809"/>
                <TextEquiv>
                    <Unicode>Getrost! es kommt ein andres Stück!</Unicode>
                </TextEquiv>
            </TextLine>
            <TextLine id="tr_1_tl_9" custom="readingOrder {index:8;}">
                <Coords points="1079,2043 2178,2057 2156,1968 1777,1949 1603,1990 1407,1947 1079,1955"/>
                <Baseline points="1095,2029 1140,2029 1185,2026 1229,2026 1274,2029 1319,2026 1364,2032 1408,2032 1453,2029 1498,2029 1543,2032 1588,2032 1632,2035 1677,2035 1722,2032 1767,2032 1811,2032 1856,2032 1901,2032 1946,2032 1991,2032 2035,2032 2080,2032 2125,2032 2170,2032 2185,2032"/>
                <TextEquiv>
                    <Unicode>Held: : ad spectatores:</Unicode>
                </TextEquiv>
            </TextLine>
        </TextRegion>
        <TextRegion id="tr_2" custom="readingOrder {index:1;}">
            <Coords points="334,2120 2319,2120 2319,3738 334,3738"/>
            <TextLine id="tr_2_tl_1" custom="readingOrder {index:0;}">
                <Coords points="389,2186 2000,2223 2000,2148 1914,2116 862,2089 615,2135 389,2073"/>
                <Baseline points="405,2173 450,2173 495,2173 540,2170 585,2170 629,2170 674,2173 719,2173 764,2170 808,2173 853,2173 898,2176 943,2179 988,2179 1032,2176 1077,2176 1122,2176 1167,2176 1211,2176 1256,2176 1301,2176 1346,2176 1391,2176 1435,2176 1480,2176 1525,2176 1570,2176 1614,2176 1659,2176 1704,2179 1749,2179 1794,2179 1838,2182 1883,2182 1928,2185 1973,2188 2006,2194"/>
                <TextEquiv>
                    <Unicode>Noch einmal, damit es Jeder fasst,</Unicode>
                </TextEquiv>
            </TextLine>
            <TextLine id="tr_2_tl_2" custom="readingOrder {index:1;}">
                <Coords points="389,2339 2041,2344 2038,2242 1949,2229 1786,2280 389,2272"/>
                <Baseline points="405,2322 450,2319 495,2316 540,2316 585,2316 629,2319 674,2319 719,2316 764,2319 808,2319 853,2319 898,2319 943,2319 988,2319 1032,2322 1077,2322 1122,2322 1167,2322 1211,2322 1256,2325 1301,2325 1346,2322 1391,2325 1435,2325 1480,2325 1525,2325 1570,2325 1614,2328 1659,2331 1704,2331 1749,2331 1794,2331 1838,2331 1883,2331 1928,2331 1973,2331 2017,2334 2044,2340"/>
                <TextEquiv>
                    <Unicode>Auch wer nicht genügend aufgepasst:</Unicode>
                </TextEquiv>
            </TextLine>
            <TextLine id="tr_2_tl_3" custom="readingOrder {index:2;}">
                <Coords points="403,2513 814,2468 1807,2513 1917,2489 1917,2387 1584,2438 1047,2387 403,2408"/>
                <Baseline points="417,2459 462,2462 507,2459 552,2462 597,2462 641,2462 686,2462 731,2462 776,2462 820,2462 865,2462 910,2465 955,2465 1000,2468 1044,2471 1089,2468 1134,2468 1179,2468 1223,2471 1268,2471 1313,2474 1358,2471 1403,2474 1447,2474 1492,2474 1537,2474 1582,2480 1626,2480 1671,2477 1716,2480 1761,2480 1806,2480 1850,2480 1895,2483 1925,2486"/>
                <TextEquiv>
                    <Unicode>Ich habe die Herzogin nie gesehn</Unicode>
                </TextEquiv>
            </TextLine>
            <TextLine id="tr_2_tl_4" custom="readingOrder {index:3;}">
                <Coords points="392,2629 2245,2701 2242,2564 2186,2553 1973,2596 392,2537"/>
                <Baseline points="408,2615 453,2612 498,2612 543,2612 588,2612 632,2612 677,2612 722,2615 767,2615 811,2615 856,2617 901,2617 946,2617 991,2623 1035,2623 1080,2620 1125,2623 1170,2623 1214,2623 1259,2623 1304,2623 1349,2623 1394,2623 1438,2623 1483,2626 1528,2626 1573,2626 1617,2629 1662,2629 1707,2632 1752,2632 1797,2632 1841,2632 1886,2632 1931,2635 1976,2638 2020,2641 2065,2641 2110,2641 2155,2644 2200,2650 2244,2653 2250,2653"/>
                <TextEquiv>
                    <Unicode>Und der Herzog will mir ans Leben gehn,</Unicode>
                </TextEquiv>
            </TextLine>
            <TextLine id="tr_2_tl_5" custom="readingOrder {index:4;}">
                <Coords points="381,2766 2312,2833 2309,2688 1769,2650 1571,2728 1302,2680 1031,2747 572,2623 379,2682"/>
                <Baseline points="397,2764 441,2764 486,2764 531,2764 576,2764 620,2767 665,2767 710,2767 755,2770 800,2770 844,2770 889,2773 934,2773 979,2776 1023,2779 1068,2776 1113,2776 1158,2776 1203,2776 1247,2779 1292,2779 1337,2776 1382,2776 1426,2779 1471,2779 1516,2782 1561,2782 1606,2782 1650,2785 1695,2785 1740,2785 1785,2785 1829,2788 1874,2788 1919,2791 1964,2791 2009,2791 2053,2791 2098,2794 2143,2797 2188,2797 2232,2800 2277,2809 2319,2809"/>
                <TextEquiv>
                    <Unicode>Mich hält er, der ich's gewiss nicht bin,</Unicode>
                </TextEquiv>
            </TextLine>
            <TextLine id="tr_2_tl_6" custom="readingOrder {index:5;}">
                <Coords points="389,3064 967,2932 1149,2932 1251,2994 1463,2943 1855,2967 1853,2889 1751,2851 1659,2886 387,2838"/>
                <Baseline points="402,2913 447,2913 492,2913 537,2916 582,2916 626,2916 671,2919 716,2916 761,2919 805,2919 850,2919 895,2922 940,2922 985,2922 1029,2925 1074,2925 1119,2925 1164,2922 1208,2925 1253,2928 1298,2925 1343,2928 1388,2928 1432,2931 1477,2931 1522,2934 1567,2937 1611,2940 1656,2940 1701,2940 1746,2940 1791,2940 1835,2940 1862,2946"/>
                <TextEquiv>
                    <Unicode>Für den Geliebten der Herzogin.</Unicode>
                </TextEquiv>
            </TextLine>
            <TextLine id="tr_2_tl_7" custom="readingOrder {index:6;}">
                <Coords points="972,3198 1104,3192 1138,3211 1192,3198 1232,3222 1267,3209 1345,3254 1367,3243 1364,3074 1246,3069 1165,3026 1101,3037 1034,3072 969,3072"/>
                <Baseline points="988,3158 1032,3155 1077,3152 1122,3155 1167,3155 1211,3158 1256,3158 1301,3158 1346,3161 1373,3164"/>
                <TextEquiv>
                    <Unicode>Ernster:</Unicode>
                </TextEquiv>
            </TextLine>
            <TextLine id="tr_2_tl_8" custom="readingOrder {index:7;}">
                <Coords points="373,3335 2078,3367 2076,3233 371,3211"/>
                <Baseline points="385,3289 429,3289 474,3289 519,3289 564,3289 608,3292 653,3292 698,3292 743,3292 788,3295 832,3295 877,3295 922,3298 967,3295 1011,3298 1056,3298 1101,3298 1146,3301 1191,3301 1235,3304 1280,3304 1325,3304 1370,3304 1414,3307 1459,3310 1504,3310 1549,3313 1594,3316 1638,3316 1683,3322 1728,3322 1773,3325 1817,3328 1862,3328 1907,3328 1952,3331 1997,3331 2041,3331 2085,3330"/>
                <TextEquiv>
                    <Unicode>Doch sie ist schön und du bist jung</Unicode>
                </TextEquiv>
            </TextLine>
            <TextLine id="tr_2_tl_9" custom="readingOrder {index:8;}">
                <Coords points="964,3606 1396,3627 1383,3418 1329,3423 1281,3466 1265,3453 1163,3461 1133,3434 1053,3421 1010,3445 953,3445"/>
                <Baseline points="976,3543 1020,3543 1065,3549 1110,3552 1155,3558 1200,3561 1244,3561 1289,3564 1334,3564 1379,3570 1400,3567"/>
                <TextEquiv>
                    <Unicode>Heiterer:</Unicode>
                </TextEquiv>
            </TextLine>
            <TextLine id="tr_2_tl_10" custom="readingOrder {index:9;}">
                <Coords points="322,3700 1920,3759 1914,3644 1020,3633 698,3539 583,3619 314,3507"/>
                <Baseline points="334,3665 379,3665 423,3668 468,3668 513,3668 558,3671 603,3674 647,3674 692,3677 737,3677 782,3677 826,3677 871,3680 916,3680 961,3683 1005,3686 1050,3686 1095,3689 1140,3692 1185,3692 1229,3695 1274,3698 1319,3698 1364,3698 1408,3701 1453,3701 1498,3704 1543,3704 1588,3707 1632,3707 1677,3710 1722,3713 1767,3713 1811,3719 1856,3719 1901,3722 1925,3728"/>
                <TextEquiv>
                    <Unicode>Dies alles bedarf der Erläuterung.</Unicode>
                </TextEquiv>
            </TextLine>
        </TextRegion>
    </Page>
</PcGts>
