2867 4200
1944 402 2086 614 28
182 642 2321 832 :Ein Schuss fällt. Ein Herr tritt zum Fenster,
140 796 2385 963 winkt hinunter; man reicht ihm ein totes Mädchen
148 919 2287 1128 zum Fenster herein. Er legt sie auf den Divan.
198 1072 2259 1271 Sie trägt einen Zettel in der Hand; der Herr
173 1268 2346 1407 reicht dem Herzog den Zettel; der Herzog reicht
221 1377 1843 1625 ihn, ohne ihn zu lesen, dem Helden:
958 1617 1628 1837 Held: ::liest:
424 1812 1896 1991 Ich liebte den Herzog von Lawin,
438 1958 2368 2106 Er liebte mich nicht - ich sterbe für ihn!
232 2072 2354 2287 Auf einen Wink des Herzogs werfen die Herren
355 2234 1745 2416 die Leiche zum Fenster hinaus:
866 2491 1388 2642 Raisonneur:
444 2586 2402 2770 Das ist noch ein Held nach der alten Mode.
466 2751 2189 2960 Wirkt eben Jeder nach seiner Methode.
966 3024 1304 3153 Herzog:
464 3105 2089 3359 Doch wie ich stark und glühend bin,
469 3326 1824 3533 So edel und gerecht von Sinn,
