3384 4008
2723 404 2815 558 47
853 536 3113 745 an dem für mich geradezu grauenhaften Mangel lei-
848 753 3110 902 det, vollkommen temperamentlos zu sein. Sie stau
851 853 3044 1048 nen, junger Mann. Es giebt solche Frauen. Kurz,
856 1060 3116 1217 ich brauche eine andere Art von Weibern. Und ich
851 1191 3130 1337 habe sie. So hab' ich jetzt zum Beispiel eine Ge-
853 1395 3087 1486 liebte, die genau das Gegenteil meiner Frau vor-
856 1478 3073 1661 stellt: frisch, toll, wild, kurz alles, was Sie
853 1624 3047 1810 wollen... oder vielmehr, was ich will. Hahaha!
911 1807 2935 1950 :Er lacht so stark, dass die Bilder von den
859 1985 2970 2119 Wänden fallen: Und gestern soupier' ich mit
865 2108 3130 2268 dieser Kleinen, wie schon öfters, und diese klei-
848 2234 3041 2417 ne Person hat im Laufe des Gesprächs die Frech-
851 2397 3061 2577 heit, zu äussern: Mein lieber Putzi - sie nennt
851 2592 3113 2729 mich "Putzi" - was soll ich dagegen tun?... Mein
856 2706 3156 2887 lieber Putzi, ich möchte wetten, dass dir's deine
865 2878 3024 3030 Frau geradeso macht wie du ihr. Ich lache laut
853 3030 3050 3167 auf. Haha! :Wieder fallen Bilder von den Wän-
862 3153 3021 3356 den:  Sie sagt: Lach' nicht, wett' lieber mit
856 3322 3110 3488 mir. Ich antworte ihr: Kind, meine Frau ist kalt
862 3468 3142 3640 wie ein Amplibium. Sie wird dringender und: "Wet-
