4328 5400
2189 476 2408 789 1e
750 892 2895 1182 Herzog: Erledigt scheint mir Alles endlich,
1234 1051 2277 1277 Und wir sind Freunde
2296 1158 3209 1456 Selbstverständlich:
738 1206 1055 1444 Held:
805 1384 2435 1598 :HERZOG und die BEIDENHERREN ab:
1234 1563 2883 1888 Und Alles Schwindel, Alles Pflanz!
777 1690 1055 1860 Held:
1388 1749 3165 2027 /:Es pumpert an die Schlafzimmerthür:
1237 1995 2868 2177 Herrgott, an die vergass ich ganz!
829 2066 2987 2348 :Er öffnet; dieHERZOGIN will an ihm vorbei:
1237 2289 3102 2463 Jetzt woll'n wir kosen, küssen, tollen!
785 2340 1067 2546 Held:
1249 2400 3102 2622 Nun machen Sie aus mir, was Sie wollen!
785 2586 3110 2800 Herzogin: Wer sind Sie? Was wünschen Sie von mir?
1265 2701 2792 2939 Aus meinem Weg und auf die Thür!
1269 2856 3316 3098 Du liebst mich nicht? Auch Du hast gelogen?
789 2899 1091 3086 Held:
849 3034 3843 3288 Herzogin: Er tötet Sie nicht - meine Lust ist verflogen! : Ab:
829 3264 2963 3562 Raisonn: Dem Einen schenkt mit vollen Händen
1281 3467 3010 3697 Das Schicksal Weiber, Geld und Kraft,
1269 3613 2860 3871 Der Andre muss als Bettler enden,
1297 3819 3197 4034 Wenn er sich selbst nicht was verschafft!
1269 3935 3114 4172 Nun büsst' ich mit einem Mal Alles ein,
797 3986 1083 4204 Held:
1285 4077 2987 4331 Bin arm und betrogen und bin allein!
1269 4248 2757 4458 Das ganze Leben Leid und Trug -
1261 4403 3141 4601 Jetzt hab' ich nichts - und hab* genug!
837 4549 4026 4878 :Er schneidet den Draht über seinem Kopf ab, dann die Drähte an den
