2947 4072
2217 401 2348 513 30
693 547 1561 690 zustimmend nicken:
241 704 1973 873 Und was ich sage, kann ich beweisen -
246 848 1936 1017 Ich zerbreche eine Stange von Eisen!
284 997 2546 1177 :Der eine Herr nimmt eine Eisenstange aus seiner
243 1154 2503 1292 Brusttasche, reicht sie dem Herzog, der sie ent-
255 1312 2420 1440 zweibricht und die Stücke auf den Boden wirft:
246 1503 1890 1644 Und käme der stärkste aller Ringer,
255 1644 2174 1767 Ich werf' ihn nieder, bin sein Bezwinger!
281 1864 2577 2085 :Die Türe öffnet sich, der Ringkampfer tritt ein,
252 2076 2463 2219 mit Pantherfell, zahlreichen Medaillen. Er ver-
252 2225 2386 2377 beugt sich vor dem Publikum; der Herzog steht
261 2406 2540 2532 auf, ringt mit ihm, wirft ihn zu Boden. Der Ring-
306 2546 2491 2672 kämpfer erhebt sich wieder, wirft dem Publikum
258 2715 1449 2832 Kusshändehen zu und geht:
266 2855 1836 3018 Und wenn ich lache, fallen sofort
269 2973 1856 3159 Die Bilder herunter von jedem Ort.
315 3170 2595 3339 :Er lacht laut, die Bilder fallen von den Wänden
258 3333 1990 3471 Aus einer Karte schiess' ich das Ass
304 3465 2471 3709 : Der erste stumme Herr geht in die andere Zim-
