3400 3960
2748 322 2886 564 as
798 518 1310 681 derkommen?
810 693 3035 854 Gnädige Frau, es giebt Leute, die zum Tod verur¬
564 658 737 842 Ed:
798 868 1327 1003 teilt sind.
567 1023 2392 1155 Ida: Raubmörder sind nicht mein Genre.
547 1140 1959 1322 Bd: Es giebt Schwerkranke
567 1295 1962 1471 Ida: Die sind selten gelaunt.
553 1468 1924 1629 Ed: Es giebt Selbstmörder.
553 1629 2906 1748 Ida: Das erfährt man erst nachher. Und wenn einer
784 1801 2976 1936 schon die Güte hätte, mich vorher zu verständi-
781 1936 3032 2088 gen,- wer garantiert mir, dass er nicht die Idee
781 2120 2976 2251 aufgiebt, sich umzubringen, wenn ich ihn glück-
781 2207 1643 2380 lich gemacht habe?
544 2395 693 2520 Ed:
784 2362 3076 2552 In Südafrika führt man Krieg - es giebt charmante
781 2532 3047 2687 englische Offiziere, und es giebt Schlachten, in
778 2687 1959 2839 denen beinah jeder fällt,
547 2836 737 3011 Ida:
816 2818 2842 2979 Beinah! wie Sie selbst sagen. Nur die Kugel
769 3003 2979 3131 meines Mannes ist sicher. Und darum sind Sieder
766 3131 3014 3318 Einzige, den ich haben will. :Geräusch im Vor-
766 3310 3061 3444 zimmer: Was ist das? Um Gotteswillen, die Stim-
763 3453 3011 3658 me meines Mannes! Was soll das bedeuten? Verste-
772 3637 1430 3783 cken Sie mich!
