2915 4152
366 697 2489 859 :Der Vorhang fällt darauf rasch, dann geht er
311 853 2616 980 gleich wieder in die Höhe, und das Stück beginnt:
876 1127 1386 1294 Szene :
357 1314 2550 1438 Sehr modern eingerichtetes Zimmer, ein Fenster
317 1478 2619 1642 auf die Strasse, Türe rechts ins Vorzimmer, links
326 1614 1135 1818 ins Schlafzimmer.
314 1795 2438 2011 Der Held dieses Stücks sitzt am Schreibtisch,
308 1985 2625 2193 Liesl hüpft herein, hält ihm die Hand vor die Au-
1250 2132 1467 2250 gen.
366 2319 686 2524 Malzer.)
1239 2340 1553 2504 Liesl:
545 2515 2680 2697 Jetzt rat' aber g'schwind, wer kann das sein?
1233 2734 1513 2942 Held:
542 2881 1279 3037 Mein Schatz -!
1227 3126 1533 3290 Liesl:
821 3218 2481 3466 Schatz, weiss ich nicht, aber dein.
