3352 4040
2556 379 2683 535 35
707 538 2969 770 morgen Früh, wenn du fällst, werd' ich sofort an
710 738 2877 936 deine Seite eilen, mich zu dir herabbücken und
722 901 2874 1079 dich zum letzten Mal fragen: War sie deine Ge-
719 1037 2950 1263 liebte? Dann wirst du mir ein einfaches Wort sa¬
729 1238 1629 1384 gen - ja oder nein.
732 1343 2801 1489 Mit Vergnügen. Aber wenn ich sofort tot bin?
506 1368 646 1550 Ed:
500 1499 3055 1655 Alb: Man ist nicht sofort tot. Nicht wahr, Dr.Brandis,
742 1649 2947 1865 es ist bekannt, dass sogar abgehauene Köpfe die
729 1798 2995 1995 Lippen bewegen und die Augen verdrehen. Du wirst
751 1922 3052 2142 gewiss Zeit haben zu einem kleinen Wörtchen... ja
757 2104 2906 2298 oder nein. Ein Wörtchen! ein einsilbiges Wörd-
767 2304 1801 2451 chen! Schwöre mir das,
767 2460 1340 2584 Ich schwöre.
535 2406 681 2613 Ed:
783 2562 2883 2731 Gut denn. Gehen wir, Herr Doktor. Wenn diese
531 2635 738 2778 Alb:
767 2692 3020 2941 Sache erledigt ist, haben wir auch noch ein Wort
773 2896 2097 3087 miteinander zu reden. : ab:
541 3058 3020 3253 Br: rasch: Na, mir kannst du's ruhig eingestehen.
761 3233 1235 3396 Wäs denn?
544 3221 713 3443 Ed:
551 3316 3049 3533 B r: Mir geht's nämlich nicht nah. Unter uns: sie ist
792 3533 1470 3759 eine Canaille.
