2939 4056
2262 391 2399 616 29
336 729 1712 891 Unschuldig und von edlem Sinn
328 888 1702 1009 Blieb jederzeit die Herzogin,
336 996 1689 1168 Daher ich als korrekter Mann
341 1160 1712 1276 Bedauern muss, was ich getan,
344 1279 1810 1424 Und Ihnen zum Versöhnungszwecke
351 1448 1866 1644 Hier meine Hand entgegenstreeke.
1036 1662 1911 1852 Held: : abwehrend:
357 1829 1929 1971 Herzog, fürwahr, dem Wahnainn nah
357 1969 1876 2117 Bin ich durch alles, was geschah.
367 2111 1834 2283 Sie durfen nicht von dann en gehn,
375 2257 2119 2405 Eh' ich mein Schicksal kann verstehn.
780 2413 1699 2555 :Alle nehmen Platz:
1020 2656 1350 2777 Herzog
370 2814 1744 2981 Bin Herzog von Lawin genannt,
381 2968 1982 3102 Bin glühend, stark und intressant,
383 3086 1858 3263 In mir rinnt alter Helden Saft,
381 3234 1900 3448 Ich übersprudle von Lebenskraft.
420 3385 2545 3575 :Er wendet sich zu den stummen Herren, welche
