2915 4136
2126 453 2243 649 23
968 705 1426 843 Herzogin:
840 805 2587 1018 Sie weilen nicht lang mehr auf Erden,
517 1006 2330 1159 So lassen Sie schleunigst uns schuldig
2231 1052 2539 1179 werden;
535 1169 2220 1309 Ich liebe die Streiche, die wilden,
2231 1166 2546 1306 tofl en,
530 1288 2554 1462 0, machen Sie doch aus mir, was Sie wollen!
1100 1543 1355 1658 Held:
535 1675 2340 1879 Tief ist die Dunkelheit dieses Falles!
560 1838 2134 2017 O Herzogin, wie kommt dies alles?
1034 2101 1474 2228 Herzogin:
553 2238 2315 2406 Dich such' ich, seit ich suchen kann,
568 2371 2139 2564 Nie liebt' ich einen andern Mann.
570 2534 2360 2707 Zu Füssen lag mir das ganze Gelichter,
583 2668 2628 2829 Fürsten, Stallknechte, Soldaten und Dichter,
583 2842 2279 2992 Stets fand ich der Andern Liebe nur,
591 2951 2164 3137 von meiner regte sich keine Spur,
593 3109 2534 3292 Denn Einen nur kann ich auf Erden lieben,
581 3254 2434 3504 Der, dem ich die Letzte väre geblieben,
