3161 4136
123 422 2592 703 Eduard: Meine lieben Freunde, Ihr verlasst mich nicht
127 730 470 885 gleich.
117 813 2345 1046 Max: Wir denken nicht dran-nach der Anstrengung.
120 981 2126 1145 Albert (setzt sich aufs Fussende des Divans.
634 1104 771 1203 der
154 1090 2479 1341 Max nimmt die Frau die Cognacflasche aus der Hand.
110 1279 1852 1495 Eduard: Ah, es war ein schöner Abend!
120 1402 2870 1670 Albert nimmt ein Bild zur Hand, das auf dem Tischchen steht
127 1588 1005 1773 und betrachtet es.)
113 1725 2822 1924 Max bringt Cognac und Gläser und stellt sie auf den Tisch:
123 1913 2705 2061 So, jetzt zünden Sie uns doch noch eine Kerze an, liebe
130 2054 1721 2239 Frau Ursula, und dann: gute Nacht.
141 2133 2890 2386 Frau (tut nach Befhl.) Herr Friedl, und wann soll denn morgen
137 2376 1073 2541 Früh geweckt werden?
134 2527 1015 2746 Eduard: Nachmittag.
130 2685 573 2832 Frau:!!
123 2839 891 3004 Max: Gute Nacht.
134 2973 1341 3175 Frau ab. Max(schenkt ein.)
120 3041 2815 3302 Eduard: Was hast du denn da? Ihr Bild? Giebt's mir! gieb'
171 3271 2164 3501 mir! (Nimmt's ihm aus der Hand und küsst es
141 3429 1951 3593 Albert: Damit machst du nichts mehr gut
130 3556 1906 3768 Eduard: Was hab' ich denn Böses getan!
