2955 4216
2374 416 2509 564 19
638 626 2411 838 "Sie müssen sterben, das sehn Sie ein,
641 805 2514 968 "Jedoch der Herzogin will ich verzeih'n.
648 993 2299 1150 "Drum soll am Gartentisch dadrinnen
658 1105 2581 1312 "Ein Streit sich zwischen uns entspinnen."
633 1292 2177 1446 Wir traten ein, das Spiel begann,
648 1434 2107 1584 Und ich gewann, gawann, sie wann,
638 1521 2309 1706 Bis auf dem Tisch vor mir die Maxen
643 1678 2302 1850 Zu einer Million waren angewachsen.
638 1823 2466 2000 Da sagte der Herzog: "Das ist zu viel!"
651 2027 2586 2155 Und warf an den Kopf mir das ganze Spiel.
648 2177 2287 2339 Er warf mir die Karten ins Gesicht,
611 2329 2611 2516 Doch schwör' ich’s: die Herzogin kenn’ ich
2234 2411 2539 2596 nicht!
1102 2556 1519 2726 Ernster:
663 2691 1199 2873 Er schwört!
1120 2895 1564 3102 Heiterer
1224 3035 2404 3234 Ei was, ich schwüre auch!
1222 3187 1414 3289 Ehren
723 3207 2145 3426 s ist unter xxxmännern Brauch.
1219 3466 1496 3696 Held:
