3352 4024
2526 423 2676 550 23
696 544 2797 745 äussern Anlass finden, um die Affaire vor der
1908 685 2256 774 ersuche
691 745 2785 881 Welt zu rechtfertigen. Ich erschne Sie daher,
696 912 2901 1045 mich sofort öffentlich zu beschimpfen." Ich war
716 1033 2840 1229 starr. "Ich habe keinen Grund dazu, mein Herr,
714 1174 2820 1364 und werde es nicht tun." Darauf er: "Wenn Sie
705 1278 2995 1493 mich nicht beschimpfen wollen, spielen wir Piquet
711 1496 3016 1663 Es wird weiter nicht auffallen, wenn wir einander
722 1649 2829 1798 in einer Viertelstunde die Karten ins Gesicht
714 1807 2938 1945 hauen." “Ich spiele nicht Piquet, mein Herr, und
725 1925 3036 2132 weiss absolut nicht, was ich mir gegen Sie XX habe
725 2109 2869 2262 zu Schulden kommen lassen. Aber da Sie es wün-
728 2279 2944 2408 schen, bin ich natürlich bereit, mich mit Ihnen
737 2417 2806 2619 zu schlagen.“ Darauf er: “Da ich die Absicht
725 2590 2840 2728 habe, meiner Frau zu verzeihen und keinen öf-
742 2711 3036 2878 fentlichen Skandal zu machen, sondern ausschliess
737 2854 2875 3033 lich das Bedürfnis habe, Sie zu töten, so wün-
740 3021 2958 3208 sche ich, dass die Ursachen unserer Affaire der
754 3168 2918 3349 Aussenwelt ein Geheimnis bleiben. Daher ist es
742 3326 2843 3476 absolut notwendig, dass Sie mich beleidigen.
771 3490 3085 3677 "Mein Herr, ich werde das nicht tun und ersicher
