2955 4248
1001 753 1657 955 Der Ausrufer:
596 898 1793 1121 Das Wachsfigurenkabinett,
613 1041 1811 1237 Der Zirkus au Velosipède,
610 1198 2136 1389 Der Taucher auf dem Meeresgrund,
624 1334 2372 1562 Dressierte Flöh' und g'scheite Hund',
639 1520 1483 1702 Die Damenkapellen
636 1659 2027 1848 Mit die g'wissen Tschinellen,
644 1791 1925 1987 Venedig und das Riesenrad -
647 1939 1950 2136 Is alles had, is alles fad!
653 2090 2247 2295 Das lebende Kasperltheater :w.o:
379 2247 2652 2461 :Dann spricht er im Ausruferten, wienerisch, zu-
345 2375 2560 2560 weilen gezwungen hochdeutsch mit falschen Beto-
334 2538 2461 2749 nungen: Meine Herren! Hier ist zu sehn das
351 2672 2597 2860 preisgekrönte allerneueste Figurentheater, oder
405 2851 2632 3022 auch Marionettentheater genannt, - ein Theater,
402 3005 2600 3191 welches fürderhin jeglichen Theaterbesuch end-
365 3131 2606 3330 giltig überflüssig zu machen geneigt und anver-
376 3282 2637 3501 traut ist. Denn eine Betrachtung oder selbst Be-
376 3470 2669 3715 sichtigung des Theaterzettels beweist, dass hier
