2947 4040
2366 362 2511 509 27
340 582 2138 754 Den, dem ich die Letzte wäre geblieben
340 768 2135 910 Und der es weiss, dass an meiner Brust
342 941 1851 1063 Ihm nun erblicht die letzte Lust.
345 1094 2263 1230 Drum bist du der Schönste heut, der lebt,
351 1233 2500 1364 Schön macht dich der Tod, der dich umschwebt###,
342 1406 2188 1548 Schön macht dich, dass du verloren bist
351 1528 1720 1679 Und morgen alles zu Ende ist.
354 1670 2430 1818 Was bist du so düster? was bist dus so still?
359 1834 2422 2002 So mach' doch endlich aus mir, was ich will!
571 1988 2004 2180 :Sie wirft sich in seine Arme:
1052 2224 2519 2361 Held: nach einer kleinen Pause,
604 2388 1729 2489 sich von ihr entfernend:
362 2525 1974 2636 Nur Eines vergessen Sie, Herzogin:
359 2658 2263 2831 Dass ich etwa nicht in der Stimmung bin.
952 2890 2597 3068 Herzogin: sieht ihn zuerst gross
412 3045 2497 3154 an, dann lacht sie auf, wild und hysterisch;
2054 3190 2182 3332 O
607 3185 1592 3363 plötzlich horcht sie:
359 3360 2597 3471 Der Herzog! Wohin, dass er mich nicht erblickt?
509 3508 2210 3619 :Sie flüchtet sich ins Schlafzimmer:
