3320 4008
278 529 1043 720 Eduard: Zuhause.
230 633 2379 845 Albert, düster: Wer das von sich sagen könnte!
223 807 1808 995 Max stösst an irgend etwas. Lärm.
236 974 2859 1196 Die Zimmerfrau Eduards tritt herein, im Nachtgewand, mit
268 1078 3039 1301 Licht: Um Gotteswillen, was giebte’s denn? was giebt's denn!
250 1290 1680 1478 O Gott! o Gott! (Sie erschrickt.)
254 1360 3015 1638 Max: Bleiben Siedoch, Ursula. Wir sind's ja, wir sins’s ja.
261 1554 2980 1753 Frau: Ach ja freilich. Nein, der Schreck! Wenn man so aus
257 1728 2963 1888 dem Schlaf geweckt wird... Meiner Seel', ich hab' gemeint,
320 1860 2838 2066 es sind Gespenster. Aber wo ist denn mein junger Herr?
271 1954 3043 2198 Albert und Max nehmen sie beim Arm, fuhren sie gravitätisch
268 2233 497 2379 hin.
275 2253 3078 2518 MÄrEduard: Guten Morgen, Ursula, oder guten Abend, Ursula.
292 2455 2942 2716 Diese edlen Freunde haben mich die vier Treppen heraufge-
337 2678 696 2848 bracht.
309 2740 3005 3001 Frau: Aber Herr Friedl, was ist denn mit Ihnen geschehen?
299 2949 2991 3158 Eduard: Liebe Frau Ursula, ich kann Ihnen nur Eines sagen:
351 3064 2973 3307 dort im Kasten steht der Cognae, den bringen sie hierher
327 3245 2194 3457 und dann legen Sie sich wieder schlafen.
337 3432 911 3634 Frau zögert.
323 3568 2031 3811 Max: Tun Sie, was Ihr Herr befiehlt.
