3253 4120
1155 257 1862 568 Cen Aler
1989 492 2487 676 22/XII.99.
330 644 2018 841 Eduard allein, im Zimmer auf und ab.
339 809 2265 990 Albert kommt; sehr junger eleganter Herr.
346 961 2896 1202 Eduard ihm entgegen: Ich danke dir, mein lieber Freund.
352 1142 2843 1339 Albert: Nichts zu danken. Hier bin ich. Was willst du
365 1310 752 1485 von mir?
352 1434 1596 1647 Ed: Nimm Platz. Eigarette?
365 1608 1247 1783 Alb: Danke. Später.
362 1710 2627 1961 Ed: Schade, dass Brandis noch nicht hier ist. So
368 1843 2887 2065 könnt' ich euch beiden zugleich die Sache auseinander-
374 2088 733 2259 setzen.
384 2233 1662 2408 Alb: Also eine Ehrensache?
387 2389 739 2573 Ed: Ja.
397 2494 2900 2706 Alb: Ich dachte mir's. Nun, du kannst auf mich zählen.
387 2703 707 2881 Ernst?
390 2817 1152 3014 Ed: Recht ernst.
403 2985 1437 3153 Alb: Ich dachte mir’s.
400 3144 914 3341 Ed: Wieso?
422 3299 2792 3487 Alb: Nun, der Ton deines Schreibens, dein Aussehen
409 3433 1279 3677 Ed: Mein Aussehen?
