2947 4056
2110 338 2244 481 32
555 532 1956 734 die Leiche zum Fenster hinaus:
958 714 2491 924 Herzog:.:nimmt eine Cigarre von
327 896 2616 1115 riesigen Dimensionen, nimmt dem Helden den Zettel
327 1069 2212 1211 aus de### Hand und benützt ihn als Fidibus:
884 1260 1425 1462 Raisonneur:
336 1439 2264 1601 Das ist noch ein Held nach der alten Mde,
390 1601 2141 1769 Wirkt eben Jeder nach seiner Methode.
995 1817 1342 1976 Herzog:
355 1945 2008 2116 Doch wie ich stark und glühend bin,
355 2130 1723 2295 So edel und gerecht von Sinn,
364 2269 1820 2434 Und tat ich Unrecht einem Mann,
361 2420 1740 2554 Erkenn' ich's ohne Zögern an.
375 2574 1715 2719 In diesem Falle bin ich heut
378 2713 1962 2866 Und tu', was mir mein Herz gebeut.
375 2869 1854 3020 Daher ich zum Versöhnungszwecke
378 3000 1891 3185 Hier meine Hand entgegenstrecke.
1061 3265 1337 3427 Held:
378 3421 1860 3583 Und woher stammte der Verdacht?
390 3577 1902 3759 Und wie ward er zunicht gemacht?
