3336 3976
2583 385 2677 589 14
554 504 1982 730 Br: :sich erhebend:
560 689 723 880 Ed:
786 705 1278 883 Ein Duell.
795 842 2890 1021 Ach so. :Legt sich wieder hin: Wer? wann?
551 852 720 1043 Br:
789 983 1697 1187 welche Bedingungen?
802 1155 2912 1328 Ich bitte dich und Albert, sichpunkt eins zu
554 1155 717 1356 Ed:
786 1321 1995 1490 Herrn v. Krögel zu bemühen
551 1462 1869 1650 Br: Zu wein? :Erhebt sich:
554 1584 2978 1772 Ed: Zu Herrn Krögel, Seidenfabrikant, Zieglergasse.
548 1747 2862 1957 Br: Seidenfabrikant - Zieglergasse - - Mit einem
783 1910 3019 2098 Wort, zu dem Gatten der schönen Frau Ida Krögel'
554 2067 952 2195 Ed: Ja.
554 2214 1779 2417 Alb:.:beobachtet Brandis:
548 2358 2912 2568 B r: Du willst dich mit Herrn Krögel schlagen? Und
792 2530 2245 2737 wesshalb, wenn ich fragen darf.
554 2693 1728 2853 Ed: Das weiss ich nicht.
554 2853 1656 3040 Br: Wegen seiner Frau!
564 3000 2621 3203 Alb: :Steht vor ihm, fixiert Brandis scharf:
1165 3153 1791 3338 Grosse Pause.
554 3181 3065 3482 Br: :sich auf den Divan werfend: Es ist ja zu dumm:
789 3469 1691 3673 Das ist ja zu dumm!
