3162 4200
2545 484 2671 649 18
778 655 2846 805 Aber lieber Freund, das geht doch nicht! Die
529 655 709 841 Ed:
781 853 2683 965 Zeit rückt vor. Ihr müsst jetzt zu Herrn
763 956 2861 1124 Krögel gehen. Er wird euch seine Sekundanten
772 1115 2849 1259 nennen. Ihr wählt Pistolen, fünfzehn Schritt
775 1262 2638 1394 Distanz, ohne Avance, Kugelwechsel bis
361 1433 1421 1599 Br: Haît! halt! halt!
325 1590 2398 1740 Alb: Sie sind schon wieder aufgewacht, was?
322 1737 2735 1896 Br: Das glaube, wer da will. Wegen eines einfachen
559 1917 2650 2037 Idioten giebt es keine Pistolen auf fünfzehn
568 2070 2536 2170 Schritt. Da steckt etwas Anderes dahinter.
604 2164 2873 2368 Das ist's ja, was ich sage. Und das verschweigt
334 2230 529 2359 Alb:
574 2353 2903 2482 er uns. Janol, du verschweigst uns das Wichtigste!
565 2536 2828 2665 Du verschweigst uns den wahren Grund des Duells.
574 2683 2798 2822 Aber fällt mir gar nicht ein. Ihr lasst mich ja
340 2711 493 2816 Ed:
574 2771 2894 3026 nicht reden. Wenn Ihr mich freundlichst zwei Minu
580 2960 2025 3176 ten nicht unterbrechen wolltet.
616 3146 1493 3342 So sprich endlich,
343 3155 547 3342 Alb:
565 3287 2894 3474 Also hört. Ich bin gestern Abend auf dem Ball bei
352 3324 514 3492 Ed:
580 3462 1106 3591 Schöllhaus
400 3570 1776 3813 Alb: und Br: Bei Schöllhaus!
