3220 4024
264 553 1678 733 I.Friedrich, zwei Sekundanten.
247 705 2335 893 Es ist alles bestimmt, morgen ist das Duell.
236 827 2929 1029 Zu dumm, es ist nichts geschehen. Ich habe ihr den Hof ge-
236 956 3002 1199 macht, er fasste Verdacht, provozierte mich in Gesellschaft
292 1112 3013 1369 - was sollte ich tun? Nun, morgen früh um fünf Uhr; ich wer-
240 1334 959 1515 de bereit sein.
240 1494 1202 1675 2. Friedrich allein.
250 1609 2738 1779 3. Die Frau kommt: Ich weiss, dass sich mein Mann mit
254 1738 2888 1984 Ihnen schlagen will, da er glaubt, ich bin Ihre Geliebte
243 1932 1713 2102 Nun, so will oich es auch sein.
275 2095 2926 2234 4. Der Mann kommt. Es ist ein merkwürdiges Vorgehen, aber
250 2248 3048 2394 ich komme, Sie um Entschuldigung bitten. Ich weiss, Sie sind
247 2387 2644 2596 nicht der Geliebte meiner Frau; ein Anderer ist es.
