3336 4040
2527 444 2657 587 38
729 524 2974 755 Brief zu schreiben, der ihr die ganze Sache auf-
744 744 2989 918 klärt. (Er schreibt: l "Meine Einzige! Wenn du
744 874 2983 1046 diese Zeilen erhältst, bin ich leider nicht mehr
747 1069 2924 1203 so lebendig, als dir wahrscheinlich lieb wäre."
794 1215 3045 1386 :Denkt nach: Es wäre wahrhaftig anständig, ein
755 1336 2820 1549 Testament zu machen, denn sie wird sich doch
761 1478 3051 1698 schwer daran gewöhnen, wieder von fünfzehn Gulden
752 1647 2977 1822 monatlich zu leben wie zu der Zeit, eh sie mich
755 1816 3051 1961 kannte... Ha! eine Idee! Wäre es nicht das einzig
761 1920 2971 2118 Korrekte, vor diesem Duell - wie es auch Andere
1686 2083 2278 2189 unseren Bund
770 2133 3060 2314 und Grössere getan – diesen Runkt durch den Segen
815 2299 2965 2423 des Himmels heiligen zu lassen?... Ja, so soll
782 2414 3081 2643 es geschen. Die ausserordentlichen Umstände recht-
779 2571 3108 2773 fertigen die Eile. Hm, ob Sie sich nur entschlies-
791 2752 2903 2906 sen wird, heute Nachmittag die Musikstunde zu
788 2856 2945 3090 schwänzen? Ihre Gewissenhaftigkeit ist eine so
791 3037 3037 3223 ausserordentliche, krankhafte könnte man beinahe
791 3259 1235 3383 sagen...
619 3291 3007 3552 :Die Türe wird aufgerissen, Frau Ida v. Krögel tritt
590 3585 779 3727 ein:
