3400 4008
2733 431 2866 571 45
640 548 2292 739 Ed: Warum, da er doch alles weiss?
650 688 1693 888 Ida: Retten Sie mich!
650 869 3091 1014 Ed: führt sie ins Schlafzimmer, schliesst ab. Dann
872 1014 2057 1211 öffnet er die andere Tür:
644 1173 2241 1335 Herr Friedrich v. Krögel tritt ein:
637 1293 3180 1487 Krögel: streckt ihm die Hand entgegen: Mein lieber
894 1468 3050 1639 junger Freund! Ich kann nichts Anderes tun als
872 1629 3012 1829 selbst zu Ihnen kommen, um Sie um Entschuldig-
875 1826 3122 1956 ung zu bitten, dass ich Sie mit Unrecht verdäch-
878 1937 1360 2105 tigt habe.
865 2095 1338 2279 Mein Herr
631 2099 792 2225 Ed:
875 2248 3043 2384 Es steht bei Ihnen, ob Sie sie annehmen wollen
634 2267 792 2416 Kr:
878 2412 3094 2558 oder nicht. Meine Pflicht aber ist es, Ihnen zu
865 2558 3119 2739 sagen, dass ich in der lächerlichsten Weise auf-
872 2691 3119 2850 gesessen bin, dass ich die treueste Frau von der
872 2859 3059 3069 Welt habe und dass ich Sie für einen Ehrenmann
859 3031 1179 3148 halte.
875 3151 3154 3360 Es freut mich, dass Sie diese Ueberzeugung gewon-
631 3154 792 3313 Ed:
865 3319 3008 3477 nen haben und es bleibt mir nur übrig, Sie zu
878 3474 2999 3684 fragen, durch welche unbegreiflichen Umstände
