3352 4024
2620 375 2755 568 24
736 522 1108 646 condalent
727 531 3035 767 teile mit, - natürlich mit der Versicherung, dass
733 701 2899 880 ich auf dem selbst jetzt auf diesem Duell be-
733 903 2925 1036 stehe, dass ich Ihre Frau Gemalin heute zum er-
736 1070 1947 1232 sten Mal gesprochen habe.“
770 1171 2868 1356 Haha! hab' ich dich! Das erste Mal! Sagte er
502 1192 710 1365 Alb:
739 1365 2911 1572 nicht vorher, er hätte kaum zehn Worte mit ihr
747 1532 1290 1670 gesprochen?
741 1647 2288 1809 Das stimmt. Du sagtest vorher....
511 1685 661 1823 Br:
741 1771 2960 1976 Ich meine damit: das erste Mal wirklich gespro-
519 1846 666 1970 Ed:
759 1936 2882 2129 chen. Denn was man bei einem Souper zu seiner
747 2060 3015 2259 Tischnachbarin spricht und ein guter Abend kommt
753 2224 2977 2418 wol nicht in Betracht.- Kurz und gut, ich sagte
753 2403 3070 2625 Herrn Krögel: "Wenn Sie die Freundlichkeit hätten
747 2539 3070 2726 mir zu sagen, wie Sie überhaupt auf die Vermutung
759 2752 3003 2905 kommen...“ Er unterbricht mich sofort: “Sie wol-
765 2914 3075 3044 len es nicht anders, so bleibt mir nichts Anderes
765 3038 3035 3231 übrig, als Sie zu beleidigen. Bevor ich aber das
770 3159 3064 3324 tue, teile ich Ihnen sofort meine Bedingungen mit:
782 3329 3049 3491 fünfzehn Schritt, Pistolen, Kugelwechsel bis zum
770 3485 3012 3667 Todesfall." Und plötzlich hob er die Stimme und
