3272 4024
381 481 1908 685 Verlassen muss ich dies Erdental,
371 678 1696 847 Dies ist mir umsomehr fatal,
384 803 1795 977 Als nicht der leiseste Spurius
379 1008 1931 1138 Mir sagt, warum ich sterben muss.
386 1136 2010 1327 Ein unbegreiflich Schicksal waltet.
394 1276 2450 1425 Bisher hab' ich selbst mein Leben gestaltet,
409 1422 1956 1591 War meines Daseins eigner Meister
412 1601 1913 1765 Und sah, wie unsichtbare Geister
422 1731 2248 1885 An Drähten die armen Menschlein lenken,
417 1898 2248 2064 und meinen doch alle, selbst zu denken.
432 2033 2128 2194 So ward ich in eine verzappelte Welt
440 2184 2077 2355 Als einziger Freier hineingestellt.
448 2332 2409 2547 Was mag sich seit gestern mit mir begeben?
2532 299 2655 442 55
