3049 4040
2319 366 2430 539 46
769 572 2422 777 :Der Held liegt zusammengesunken da:
504 729 2535 918 Hier starb ein Held - mit andern Marionetten
523 918 2489 1089 Geh' ich, in seine Schachtel ihn zu betten.
758 1054 2633 1205 :Nimmt den Helden unterm Arm. Im Abgehen:
512 1222 2511 1384 Doch eh' man mich legt zu den andern allen,
563 1314 2703 1579 Mitleidig seid - und lasst den Vorhang fallen.
601 1815 2722 2029 Wenn der Vorhang gefallen ist, beginnt sofort
593 2048 2668 2210 der Klavierspieler auf dem Pissem zu spielen,
601 2197 2725 2389 bald darauf erscheint wieder der Ausrufer, be-
604 2327 2657 2500 ginnt seine Rede, die man aber im Lärm nicht
577 2481 2755 2655 versteht; es hebt sich der Vorhang des Marionet.
580 2625 2609 2820 tentheaters und das Stück beginnt von Neuen,
585 2793 2246 2974 worauf der wirkliche Vorhang fällt.
1325 3110 1807 3264 --oo000--
