3384 3992
2886 418 3010 599 46
856 573 2522 743 Sie sich gestern verleiten liessen.
861 754 2999 887 Sie haben ein gutes Recht, mich danach zu fra¬
627 760 785 915 Kr:
864 940 1079 1076 gen.
858 1084 1169 1231 Bitte.
635 1084 788 1211 Ed:
873 1197 3092 1333 :setzt sich: Sie werden sich vor Lachen schüt-
618 1251 782 1395 Kr:
873 1375 3123 1499 teln. Also hören Sie: Bevor ich meine Geschichte
864 1536 3024 1686 beginne, muss ich Ihnen allerdings sagen, dass
873 1666 2976 1830 ich ein Mensch bin, der von Lebenskraft über-
884 1793 3038 1988 sprudelt. Das muss mich entschuldigen. Ich bin
867 1951 3112 2107 nicht mehr sehr jung, aber ich übersprudle. Leu¬
884 2138 3016 2273 te wie ich sind zur Treue nicht geboren, auch
884 2279 3151 2431 rauch' ich die stärksten Zigarren - Sie erlauben,
1655 2400 1830 2522 e ou
889 2459 3100 2587 dass ich sie mir anzünde? - stemme Gewichte von
887 2570 3013 2787 hundert fünfzig Kilo - Haben Sie zufällig ein
892 2728 1895 2892 solches bei der Hand?
895 2928 1697 3064 Ich bedaure sehr.
661 2931 813 3078 Ed:
895 3036 3103 3182 Nun, das tut nichts. Jedenfalls werden Sie nach
658 3075 810 3213 Kr:
898 3165 3100 3352 dem Vorausgeschickten begreifen, dass ich nicht
895 3349 3044 3501 der Mann bin, mich mit einer Frau zu begnügen,
901 3516 3154 3671 die bei allen schätzenswerten Eigenschaften doch
