2923 4152
782 535 1735 680 :Alle nehmen Platz:
1118 714 1477 922 Herzog:
617 916 2000 1115 Bin Herzog von Lawin genannt,
603 1090 2225 1249 Bin glühend, stark und intressant,
617 1226 2080 1383 In mir rinnt alter Helden Saft,
620 1386 2139 1533 Ich übersprudle von Lebenskraft.
2273 1533 2586 1679 welche
438 1553 2228 1673 :Er wendet sich zu den stummen Herren,
959 1718 1815 1815 zustimmend nicken:
629 1832 2310 2031 Und was ich sage, kann ich beweisen
626 1989 2330 2174 Ich zerbreche eine Stange von Eisen!
438 2137 2720 2339 :Der eine Herr nimmt eine Eisenstange aus seiner
401 2287 2666 2458 Brusttasche, reicht sie dem Herzog, der sie ent-
401 2467 2578 2552 zweibricht und die Stücke auf den Boden wirft:
626 2606 2304 2751 Und käme der stärkste aller Ringer,
626 2737 2566 2956 Ich werf' ihn nieder, bin sein Bezwinger!
438 3001 2538 3198 :Die Türe öffnet sich, der Ringkämpfer tritt
418 3218 2606 3320 sin, mit Pantherfell, zahlreichen Medaillen. Er
438 3377 2714 3539 verbeugt sich vor dem Publikum; der Herzog steht
450 3533 2487 3733 auf, ringt mit ihm, wirft ihn zu Boden. Der
