3368 3992
2832 314 3113 511 49 4
822 487 2962 677 cke. An das Uebrige erinnern Sie sich ja noch.
816 650 2923 834 Seit einer Stund' sitz' ich ja zuhaus und
822 792 3013 976 wart' auf Ihre Sekundanten. Wer erscheint? Mein
819 997 2835 1143 Detektiv, dem Wahnsinn nah. "Herr v. Krögel",
834 1146 3026 1315 stöhnt er, "ich hab" mich geirrt, Ihre Frau ist
831 1309 3026 1439 unschuldig. Es war eine Andere, die ich für Ihre
843 1457 1750 1659 Frau gehalten habe.'
837 1638 1285 1801 Aber wen?
595 1644 744 1807 Ed:
840 1726 2941 1889 Nun, erraten Sie es nicht? Der Detektiv hatte
601 1804 753 1937 Kr:
837 1901 2986 2058 mich zufällig mit meiner Kleinen im Restaurant
892 2061 3007 2203 gesehen, wir waren eingehängt von dort fortge-
846 2194 3026 2355 gangen, er hat sie verfolgt und.... ja, Donner-
895 2348 3125 2524 wetter! hab' ich nicht gesagt, dass Sie sich vor
846 2503 1943 2669 Lachen shütteln werden?
852 2714 1351 2862 Allerdings
620 2687 774 2835 Ed:
852 2747 3092 2971 Das muss ich zurücknehmen. Sie werden sich nicht
629 2883 786 3004 Kr:
870 2992 1354 3134 schütteln.
623 3095 1762 3307 Ed:  Ich ahne! ich ahne!
626 3228 2379 3437 Kr: Die Dame, die zu Ihnen gärtging
653 3403 2246 3606 War natürlich nicht Ihre Frau
641 3545 3068 3799 Ed: Sondern Lucie!! Meine angebetete Lucie ist Ihre
