3336 4008
2635 410 2750 521 20
550 544 3033 763 Alb: Was hast du während des Soupers mit Frau Krögel
737 715 1297 887 gesprochen?
509 855 2311 1052 Ed: Das gehört absolut nicht hierher.
563 1049 3048 1268 Alb: Das gehört so gut hierher wie alles Andere. Und
753 1167 3010 1364 ich bestehe darauf, dass du uns das Gespräch mit
766 1357 1799 1497 Frau Krögel mitteilst.
795 1488 2972 1643 Nachmittag meinethalben. Aber jetzt drängt die
563 1497 722 1672 Ed:
760 1647 2286 1815 Zeit. Ich muss zur Sache kommen.
528 1799 3007 1996 Sie war wol iweder dekolletiert bis zur Bewusst-
766 1968 1272 2123 losigkeit?
528 2057 3061 2286 Alb: Wie meinen Sie, Herr Doktor? Was veranlasst Sie,
776 2286 2476 2460 in dieser unqualifizierbaren Weise -
585 2441 1039 2616 Br: Oho!
553 2502 3109 2772 Alb: Hier giebt es kein Oho, mein Herr! Unqualifizier-
966 2762 1173 2893 bar!
598 2870 2975 3036 Br: Mein XXXX Herr, ich muss Sie dringendst ersu-
795 3042 2998 3188 chen, dieses Wort auf der Stellezurückzunehmen.
807 3172 3112 3325 Ich bitte dich, Albert, tu’s um meinetwillen. Ihr
556 3198 731 3376 Ed:
792 3338 3096 3484 bringt mich in die entsetzlichste Lage! Herr Krö-
804 3506 3061 3656 gel wird nicht eine Stunde lang auf euch warten.
