3019 4120
20 407 2436 642 Max (sieht das Bild an, hält's zum Licht. J Armes Ding!
20 553 2531 755 Eduard: Warum bedauerst du sie denn? Ich liebe sie ja.
27 711 2771 943 Albert: Wenn du ahntest, wo dein Eduard heute Nacht gewesen
34 970 236 1086 ist.
34 1042 2784 1237 Eduard: Sie weiss es ja, ich hab' es ihr ja nicht verschwie
44 1220 2060 1390 gen, dass ich das Maskenfest besuchen will.
