3304 4008
284 541 944 732 Vor dem Traum:
270 630 3018 862 Albert: Dieser Mensch stemmt Gewichte von hundert Kilo. Sie
281 794 3004 1047 ist dämonisch. Alle haben mit ihr ein Verhältnis. Eine Mes-
267 968 1013 1177 salina ist sie.
267 1095 2241 1307 Die Zimmerfrau, die dann als Diener kommt.
274 1286 1512 1485 Solche Eigarren raucht er!
277 1423 2853 1632 Albert erzählt bramarbasierend: Ich habe ein Verhältnis
287 1591 1475 1772 gehabt mit einer Fürstin.
287 1652 2956 1909 Der Andere sagt: Die Weiber sind alle für die Katz, deine
298 1906 1574 2090 Lucie betrugt dih genau so.
291 2032 2987 2248 Er sagt: Meine Sehnsucht wäre, elegant sein, in allen rit-
311 2190 1584 2374 terlichen Künsten erfahren.
308 2261 2888 2532 Sie waren im Zirkus  :im Traum prügeln sie sich wie die
318 2532 674 2693 Clowns:
315 2648 2015 2857 Albert erzählt: Ich weine so leicht.
332 2751 2610 2959 Er: Todesmutig sein, dem Tod ins Angesicht sehen.
325 2970 3018 3134 Traum: Es wird plötzlich licht, das Zimmer wird immer ele-
383 3171 725 3308 ganter.
335 3233 3062 3490 Während des Gesprächs mit den Sekundanten, kommt ein Toten
335 3469 1187 3603 gräber ins Zimmer.
335 3486 3089 3760 Er stellt sich plötzlich auf den Tisch. Warum stellte er sie
