<?xml version="1.0" encoding="UTF-8" standalone="yes"?>
<PcGts xmlns="http://schema.primaresearch.org/PAGE/gts/pagecontent/2013-07-15" xmlns:xsi="http://www.w3.org/2001/XMLSchema-instance" xsi:schemaLocation="http://schema.primaresearch.org/PAGE/gts/pagecontent/2013-07-15 http://schema.primaresearch.org/PAGE/gts/pagecontent/2013-07-15/pagecontent.xsd">
    <Metadata>
        <Creator>prov=READ-COOP:name=TrHtr:version=2.1.0:model_id=51170:date=29_07_2023_00:32</Creator>
        <Created>2023-05-10T12:07:40.112+02:00</Created>
        <LastChange>2023-07-29T00:32:24.333+02:00</LastChange>
        <TranskribusMetadata docId="1428186" pageId="55399217" pageNr="294" tsid="131387685" status="IN_PROGRESS" userId="64420" imgUrl="https://files.transkribus.eu/Get?id=ACRQCHVYGFWNTUFSYXPPUDMV&amp;fileType=view" xmlUrl="https://files.transkribus.eu/Get?id=QUSLLWCAXQBGTMGJLWYMDKHH" imageId="44674041"/>
    </Metadata>
    <Page imageFilename="1428186_0294.jpg" imageWidth="4424" imageHeight="5752">
        <ReadingOrder>
            <OrderedGroup id="ro_1711799716358" caption="Regions reading order">
                <RegionRefIndexed index="0" regionRef="tr_1"/>
                <RegionRefIndexed index="1" regionRef="tr_2"/>
                <RegionRefIndexed index="2" regionRef="tr_3"/>
            </OrderedGroup>
        </ReadingOrder>
        <TextRegion id="tr_1" custom="readingOrder {index:0;}">
            <Coords points="1276,618 3359,618 3359,2181 1276,2181"/>
            <TextLine id="tr_1_tl_1" custom="readingOrder {index:0;}">
                <Coords points="2208,677 2255,681 2292,660 2326,684 2360,684 2370,698 2384,687 2401,704 2455,664 2499,670 2499,586 2452,606 2377,542 2367,549 2333,532 2296,552 2269,538 2215,538"/>
                <Baseline points="2225,680 2237,680 2327,680 2416,674 2506,668"/>
                <TextEquiv>
                    <Unicode>27</Unicode>
                </TextEquiv>
            </TextLine>
            <TextLine id="tr_1_tl_2" custom="readingOrder {index:1;}">
                <Coords points="1256,1138 2912,1073 2966,931 2811,894 2381,962 2208,891 1727,975 1625,931 1260,1046"/>
                <Baseline points="1276,1109 1360,1103 1449,1097 1539,1097 1628,1091 1718,1085 1807,1079 1897,1079 1986,1074 2076,1068 2165,1062 2255,1062 2344,1062 2434,1056 2523,1056 2613,1050 2702,1044 2792,1038 2881,1032 2971,1038"/>
                <TextEquiv>
                    <Unicode>Da trat ich zur Herzogin ins Gemach.</Unicode>
                </TextEquiv>
            </TextLine>
            <TextLine id="tr_1_tl_3" custom="readingOrder {index:2;}">
                <Coords points="1300,1266 2980,1246 3078,1222 3081,1107 2425,1073 1304,1141"/>
                <Baseline points="1318,1247 1384,1247 1473,1247 1563,1247 1652,1241 1742,1235 1831,1235 1921,1229 2010,1223 2100,1223 2189,1223 2279,1217 2368,1211 2458,1211 2547,1205 2637,1205 2726,1199 2816,1193 2905,1187 2995,1187 3084,1181"/>
                <TextEquiv>
                    <Unicode>"Ist's wahr, was dieser Spitzel spracht</Unicode>
                </TextEquiv>
            </TextLine>
            <TextLine id="tr_1_tl_4" custom="readingOrder {index:3;}">
                <Coords points="1304,1426 2943,1392 3048,1351 3051,1263 2692,1236 2486,1304 2005,1239 1703,1341 1307,1327"/>
                <Baseline points="1324,1396 1354,1402 1443,1402 1533,1402 1622,1396 1712,1390 1801,1390 1891,1384 1980,1378 2070,1378 2159,1372 2249,1372 2338,1366 2428,1366 2517,1366 2607,1354 2696,1354 2786,1348 2876,1348 2965,1342 3055,1336"/>
                <TextEquiv>
                    <Unicode>„Sie lieben den Helden dieses Stückes?</Unicode>
                </TextEquiv>
            </TextLine>
            <TextLine id="tr_1_tl_5" custom="readingOrder {index:4;}">
                <Coords points="1280,1598 2543,1517 2817,1564 2960,1517 2963,1429 2638,1388 2421,1456 1283,1473"/>
                <Baseline points="1300,1563 1360,1563 1449,1557 1539,1557 1628,1551 1718,1545 1807,1545 1897,1539 1986,1533 2076,1533 2165,1527 2255,1521 2344,1521 2434,1521 2523,1515 2613,1509 2702,1509 2792,1503 2881,1497 2971,1497"/>
                <TextEquiv>
                    <Unicode>Ich töte den Räuber meines Glückes!</Unicode>
                </TextEquiv>
            </TextLine>
            <TextLine id="tr_1_tl_6" custom="readingOrder {index:5;}">
                <Coords points="1280,1737 3065,1700 3346,1673 3352,1558 2790,1608 1815,1551 1585,1652 1283,1649"/>
                <Baseline points="1300,1712 1390,1712 1479,1706 1569,1706 1658,1700 1748,1694 1837,1694 1927,1688 2016,1688 2106,1682 2195,1676 2285,1676 2374,1676 2464,1670 2553,1664 2643,1670 2732,1664 2822,1658 2911,1652 3001,1652 3090,1640 3180,1640 3269,1634 3359,1622"/>
                <TextEquiv>
                    <Unicode>Drauf sie: "Und schwören Sie, ihn zu morden?</Unicode>
                </TextEquiv>
            </TextLine>
            <TextLine id="tr_1_tl_7" custom="readingOrder {index:6;}">
                <Coords points="1321,1957 1805,1852 2966,1869 3237,1791 3241,1700 2519,1771 2147,1724 2042,1798 1327,1771"/>
                <Baseline points="1342,1861 1366,1867 1455,1861 1545,1855 1634,1849 1724,1849 1813,1843 1903,1843 1992,1843 2082,1837 2171,1831 2261,1831 2350,1825 2440,1825 2529,1819 2619,1819 2708,1819 2798,1807 2887,1807 2977,1801 3066,1796 3156,1778 3245,1778"/>
                <TextEquiv>
                    <Unicode>"Jawol!" - "Nun, ich bin sein geworden!" -</Unicode>
                </TextEquiv>
            </TextLine>
            <TextLine id="tr_1_tl_8" custom="readingOrder {index:7;}">
                <Coords points="1287,2069 3034,2008 3061,1846 2116,1896 1805,1852 1449,1967 1290,1947"/>
                <Baseline points="1306,2016 1366,2016 1455,2016 1545,2016 1634,2010 1724,2004 1813,1998 1903,1998 1992,1998 2082,1992 2171,1986 2261,1986 2350,1980 2440,1980 2529,1975 2619,1969 2708,1969 2798,1963 2887,1963 2977,1963 3066,1969"/>
                <TextEquiv>
                    <Unicode>Hierauf, was ich flüchtig nur erwähne,</Unicode>
                </TextEquiv>
            </TextLine>
            <TextLine id="tr_1_tl_9" custom="readingOrder {index:8;}">
                <Coords points="1300,2198 2912,2188 2963,2032 1974,2005 1730,2103 1405,2059 1304,2116"/>
                <Baseline points="1318,2171 1354,2171 1443,2171 1533,2165 1622,2165 1712,2159 1801,2154 1891,2148 1980,2142 2070,2142 2159,2136 2249,2136 2338,2136 2428,2130 2517,2130 2607,2124 2696,2118 2786,2118 2876,2112 2965,2124"/>
                <TextEquiv>
                    <Unicode>Erfolgte die Klub- und Kartenscene.</Unicode>
                </TextEquiv>
            </TextLine>
        </TextRegion>
        <TextRegion id="tr_2" custom="readingOrder {index:1;}">
            <Coords points="877,2211 3269,2211 3269,3572 877,3572"/>
            <TextLine id="tr_2_tl_1" custom="readingOrder {index:0;}">
                <Coords points="1300,2337 2838,2337 3095,2313 3098,2177 1757,2171 1632,2262 1304,2232"/>
                <Baseline points="1318,2327 1402,2321 1491,2321 1581,2321 1670,2315 1760,2309 1849,2303 1939,2297 2028,2297 2118,2291 2207,2291 2297,2291 2386,2285 2476,2285 2565,2279 2655,2279 2744,2273 2834,2273 2923,2267 3013,2261 3102,2261"/>
                <TextEquiv>
                    <Unicode>Beschlossen war Ihr Tod, als plötzlich</Unicode>
                </TextEquiv>
            </TextLine>
            <TextLine id="tr_2_tl_2" custom="readingOrder {index:1;}">
                <Coords points="1300,2486 2929,2502 2932,2360 2750,2299 2645,2350 1964,2313 1768,2401 1300,2414"/>
                <Baseline points="1318,2476 1330,2476 1420,2476 1509,2470 1599,2464 1688,2464 1778,2458 1867,2452 1957,2452 2046,2452 2136,2446 2225,2440 2315,2440 2404,2440 2494,2434 2583,2428 2673,2428 2762,2422 2852,2416 2941,2416"/>
                <TextEquiv>
                    <Unicode>Der Detektiv erschien; entsetzlich</Unicode>
                </TextEquiv>
            </TextLine>
            <TextLine id="tr_2_tl_3" custom="readingOrder {index:2;}">
                <Coords points="1300,2631 2150,2665 2309,2607 2486,2658 2611,2584 3061,2641 3068,2496 1903,2469 1304,2560"/>
                <Baseline points="1318,2625 1372,2625 1461,2619 1551,2619 1640,2613 1730,2613 1819,2607 1909,2601 1998,2595 2088,2595 2177,2589 2267,2589 2356,2589 2446,2583 2535,2583 2625,2577 2714,2571 2804,2571 2893,2565 2983,2565 3072,2571"/>
                <TextEquiv>
                    <Unicode>War seine Beschämung! Meine Maitresse</Unicode>
                </TextEquiv>
            </TextLine>
            <TextLine id="tr_2_tl_4" custom="readingOrder {index:3;}">
                <Coords points="1324,2780 2868,2770 2946,2739 2949,2648 1327,2695"/>
                <Baseline points="1342,2768 1432,2762 1521,2762 1611,2756 1700,2750 1790,2750 1879,2744 1969,2738 2058,2732 2148,2732 2237,2732 2327,2732 2416,2726 2506,2726 2595,2720 2685,2714 2774,2714 2864,2714 2953,2714"/>
                <TextEquiv>
                    <Unicode>Hielt für die Herzogin er, und ihr</Unicode>
                </TextEquiv>
            </TextLine>
            <TextLine id="tr_2_tl_5" custom="readingOrder {index:4;}">
                <Coords points="1310,2929 2882,2916 2888,2770 2668,2756 2567,2814 1862,2760 1314,2841"/>
                <Baseline points="1330,2923 1372,2923 1461,2917 1551,2911 1640,2911 1730,2905 1819,2905 1909,2899 1998,2893 2088,2887 2177,2887 2267,2887 2356,2881 2446,2881 2535,2876 2625,2870 2714,2870 2804,2864 2893,2870"/>
                <TextEquiv>
                    <Unicode>War er gefolgt bis an diese Thür!</Unicode>
                </TextEquiv>
            </TextLine>
            <TextLine id="tr_2_tl_6" custom="readingOrder {index:5;}">
                <Coords points="1324,3081 2590,3085 2888,3061 2892,2990 2753,2916 2431,2892 1954,3007 1324,2997"/>
                <Baseline points="1342,3072 1378,3072 1467,3072 1557,3066 1646,3066 1736,3060 1825,3060 1915,3055 2004,3055 2094,3049 2183,3043 2273,3037 2362,3037 2452,3031 2541,3031 2631,3025 2720,3025 2810,3019 2899,3019"/>
                <TextEquiv>
                    <Unicode>Nun aber genug in Ihrem Intresse.</Unicode>
                </TextEquiv>
            </TextLine>
            <TextLine id="tr_2_tl_7" custom="readingOrder {index:6;}">
                <Coords points="1338,3319 1524,3234 2421,3203 2963,3275 3261,3234 3264,3081 1344,3095"/>
                <Baseline points="1360,3222 1390,3222 1479,3222 1569,3222 1658,3216 1748,3216 1837,3210 1927,3210 2016,3204 2106,3204 2195,3198 2285,3192 2374,3186 2464,3186 2553,3186 2643,3180 2732,3180 2822,3180 2911,3174 3001,3168 3090,3168 3180,3168 3269,3174"/>
                <TextEquiv>
                    <Unicode>Wies? Liesl? - Mir bricht das Herz!</Unicode>
                </TextEquiv>
            </TextLine>
            <TextLine id="tr_2_tl_8" custom="readingOrder {index:7;}">
                <Coords points="857,3335 904,3349 955,3342 985,3363 1087,3352 1104,3366 1124,3363 1128,3156 904,3149 860,3126"/>
                <Baseline points="877,3251 954,3245 1044,3245 1133,3245"/>
                <TextEquiv>
                    <Unicode>Held:</Unicode>
                </TextEquiv>
            </TextLine>
            <TextLine id="tr_2_tl_9" custom="readingOrder {index:8;}">
                <Coords points="1341,3423 1402,3440 1510,3413 1561,3461 1646,3481 1693,3447 1846,3464 1930,3427 1937,3258 1771,3234 1524,3244 1432,3315 1344,3319"/>
                <Baseline points="1360,3389 1402,3389 1491,3389 1581,3383 1670,3377 1760,3371 1849,3365 1939,3371"/>
                <TextEquiv>
                    <Unicode>0, gehn Sie!</Unicode>
                </TextEquiv>
            </TextLine>
            <TextLine id="tr_2_tl_10" custom="readingOrder {index:9;}">
                <Coords points="1903,3532 2177,3525 2235,3562 2597,3515 2702,3562 2980,3495 3085,3512 3088,3413 2546,3444 2276,3410 2052,3464 1906,3427"/>
                <Baseline points="1921,3514 1927,3520 2016,3520 2106,3514 2195,3508 2285,3508 2374,3502 2464,3502 2553,3502 2643,3496 2732,3490 2822,3490 2911,3490 3001,3490 3090,3490"/>
                <TextEquiv>
                    <Unicode>Wir achten Ihren Schmerz;</Unicode>
                </TextEquiv>
            </TextLine>
            <TextLine id="tr_2_tl_11" custom="readingOrder {index:10;}">
                <Coords points="870,3674 928,3654 982,3674 1016,3667 1087,3620 1239,3640 1236,3468 1195,3488 1145,3454 1060,3464 1019,3444 975,3484 867,3478"/>
                <Baseline points="889,3556 978,3556 1068,3550 1157,3556 1247,3562"/>
                <TextEquiv>
                    <Unicode>Herzog:</Unicode>
                </TextEquiv>
            </TextLine>
        </TextRegion>
        <TextRegion id="tr_3" custom="readingOrder {index:2;}">
            <Coords points="906,3583 4134,3583 4134,4944 906,4944"/>
            <TextLine id="tr_3_tl_1" custom="readingOrder {index:0;}">
                <Coords points="1354,3732 2844,3718 3302,3657 3305,3545 1358,3545"/>
                <Baseline points="1372,3693 1426,3693 1515,3687 1605,3687 1694,3681 1784,3681 1873,3675 1963,3669 2052,3669 2142,3669 2231,3663 2321,3663 2410,3657 2500,3657 2589,3657 2679,3651 2768,3645 2858,3645 2947,3645 3037,3639 3126,3639 3216,3633 3305,3633"/>
                <TextEquiv>
                    <Unicode>Doch Eins noch ist nöthig, bevor ich geh'.</Unicode>
                </TextEquiv>
            </TextLine>
            <TextLine id="tr_3_tl_2" custom="readingOrder {index:1;}">
                <Coords points="1351,3850 2628,3840 2651,3715 1761,3691 1608,3782 1354,3782"/>
                <Baseline points="1372,3842 1402,3848 1491,3842 1581,3842 1670,3842 1760,3836 1849,3836 1939,3830 2028,3824 2118,3824 2207,3818 2297,3818 2386,3812 2476,3812 2565,3806 2655,3800"/>
                <TextEquiv>
                    <Unicode>Sie haben gestern im Ecarté</Unicode>
                </TextEquiv>
            </TextLine>
            <TextLine id="tr_3_tl_3" custom="readingOrder {index:2;}">
                <Coords points="1361,4101 1720,4006 2997,4019 3004,3884 2838,3820 2679,3867 1564,3854 1368,3931"/>
                <Baseline points="1384,4009 1396,4003 1485,3997 1575,3997 1664,3991 1754,3991 1843,3985 1933,3985 2022,3979 2112,3979 2201,3973 2291,3973 2380,3967 2470,3967 2559,3961 2649,3961 2738,3955 2828,3955 2917,3955 3007,3961"/>
                <TextEquiv>
                    <Unicode>Eine Viertelmillion Gewinn erzielt;</Unicode>
                </TextEquiv>
            </TextLine>
            <TextLine id="tr_3_tl_4" custom="readingOrder {index:3;}">
                <Coords points="1358,4162 2905,4175 3031,4162 3034,4003 2093,3999 1358,4101"/>
                <Baseline points="1378,4158 1426,4158 1515,4152 1605,4146 1694,4146 1784,4140 1873,4140 1963,4134 2052,4134 2142,4129 2231,4129 2321,4123 2410,4123 2500,4117 2589,4117 2679,4117 2768,4117 2858,4111 2947,4111 3037,4111"/>
                <TextEquiv>
                    <Unicode>Nun dem : ich habe falsch gespielt.</Unicode>
                </TextEquiv>
            </TextLine>
            <TextLine id="tr_3_tl_5" custom="readingOrder {index:4;}">
                <Coords points="1378,4406 1497,4392 1571,4419 1737,4399 1785,4439 1910,4416 1917,4192 1869,4189 1754,4260 1710,4236 1382,4236"/>
                <Baseline points="1396,4314 1473,4308 1563,4308 1652,4302 1742,4302 1831,4296 1921,4302"/>
                <TextEquiv>
                    <Unicode>Und nun...?</Unicode>
                </TextEquiv>
            </TextLine>
            <TextLine id="tr_3_tl_6" custom="readingOrder {index:5;}">
                <Coords points="911,4334 955,4345 1070,4338 1084,4348 1094,4338 1172,4334 1168,4111 1131,4097 1101,4128 1070,4114 1029,4131 968,4101 908,4111"/>
                <Baseline points="930,4325 1020,4325 1109,4325 1181,4331"/>
                <TextEquiv>
                    <Unicode>Held:</Unicode>
                </TextEquiv>
            </TextLine>
            <TextLine id="tr_3_tl_7" custom="readingOrder {index:6;}">
                <Coords points="1923,4483 2120,4439 2171,4483 2333,4446 2492,4494 2618,4466 2756,4497 2831,4436 3024,4460 3004,4297 2919,4345 1930,4317"/>
                <Baseline points="1945,4451 1957,4445 2046,4445 2136,4439 2225,4433 2315,4433 2404,4433 2494,4427 2583,4427 2673,4427 2762,4421 2852,4421 2941,4415 3031,4421"/>
                <TextEquiv>
                    <Unicode>Ich hele mir mein Geld.</Unicode>
                </TextEquiv>
            </TextLine>
            <TextLine id="tr_3_tl_8" custom="readingOrder {index:7;}">
                <Coords points="887,4548 921,4541 952,4561 985,4558 1023,4531 1070,4558 1090,4538 1148,4551 1192,4534 1250,4561 1250,4399 1209,4389 1165,4422 1053,4409 1012,4426 999,4412 887,4402"/>
                <Baseline points="906,4481 996,4475 1085,4475 1175,4475 1258,4481"/>
                <TextEquiv>
                    <Unicode>Herzog</Unicode>
                </TextEquiv>
            </TextLine>
            <TextLine id="tr_3_tl_9" custom="readingOrder {index:8;}">
                <Coords points="1409,4700 4074,4666 4128,4453 1412,4480"/>
                <Baseline points="1426,4624 1449,4624 1539,4618 1628,4618 1718,4612 1807,4606 1897,4606 1986,4600 2076,4600 2165,4594 2255,4594 2344,4588 2434,4588 2523,4588 2613,4582 2702,4576 2792,4576 2881,4570 2971,4570 3060,4570 3150,4570 3239,4564 3329,4564 3418,4558 3508,4558 3597,4552 3687,4552 3776,4552 3866,4552 3955,4558 4045,4558 4134,4558"/>
                <TextEquiv>
                    <Unicode>:nimmt aus dem Schreibtisch das Geld u.giebt es dem Herzg.</Unicode>
                </TextEquiv>
            </TextLine>
            <TextLine id="tr_3_tl_10" custom="readingOrder {index:9;}">
                <Coords points="911,4700 965,4717 985,4710 1012,4734 1050,4727 1063,4741 1131,4714 1158,4731 1195,4714 1199,4558 1168,4561 1141,4544 1090,4578 1033,4541 955,4565 914,4551"/>
                <Baseline points="930,4642 1020,4636 1109,4630 1199,4636"/>
                <TextEquiv>
                    <Unicode>Held:</Unicode>
                </TextEquiv>
            </TextLine>
            <TextLine id="tr_3_tl_11" custom="readingOrder {index:10;}">
                <Coords points="1385,4863 1646,4873 1856,4802 3024,4825 3068,4643 2022,4656 1849,4734 1392,4704"/>
                <Baseline points="1408,4779 1467,4773 1557,4767 1646,4767 1736,4767 1825,4767 1915,4761 2004,4761 2094,4755 2183,4749 2273,4743 2362,4743 2452,4737 2541,4737 2631,4737 2720,4731 2810,4731 2899,4731 2989,4731 3078,4731"/>
                <TextEquiv>
                    <Unicode>der es in die Westentasche steckt:</Unicode>
                </TextEquiv>
            </TextLine>
            <TextLine id="tr_3_tl_12" custom="readingOrder {index:11;}">
                <Coords points="1388,4944 1612,4991 2414,4941 2936,4988 2939,4825 2868,4795 2022,4802 1808,4880 1392,4859"/>
                <Baseline points="1408,4934 1426,4934 1515,4928 1605,4928 1694,4922 1784,4922 1873,4922 1963,4922 2052,4916 2142,4916 2231,4916 2321,4910 2410,4910 2500,4910 2589,4904 2679,4904 2768,4904 2858,4904 2947,4898"/>
                <TextEquiv>
                    <Unicode>Auch das noch? O verfluchte Welt!</Unicode>
                </TextEquiv>
            </TextLine>
        </TextRegion>
    </Page>
</PcGts>
