2963 4024
2249 324 2374 474 36
404 551 2546 776 Ein gewaltiger Schrei, der auch Liesl erweckt,
407 723 2382 909 Das wür' eine Szene - das wär' ein Effekt!
416 920 2066 1069 Der Autor weiss das so gut wie Sie,
432 1055 2310 1202 Ihm kommt's aber an auf die Paychologie.
424 1227 2078 1366 Drum lässt den Herzog er entrinnen,
427 1404 2133 1540 Die Gattin bleibt vorläufig drinnen.
1144 1554 1404 1737 Held:
440 1706 2321 1911 Hier liegt sie, wie vom Traum umnachtet,
501 1903 2100 2091 In einer Ohnmacht hingeschmachtet,
449 2058 2679 2233 Sieht aus, als könnt' sie bis fünf nicht Zahlen,
463 2194 2562 2404 Und weiss doch so gut zu verraten, zu qualen!
471 2363 2640 2532 Was tu' ich nur? :Es klopft an die Schlafzim-
1161 2501 1936 2659 Die Herzogin!
701 2537 1147 2679 mertüre:
471 2640 2166 2834 Ha! ich vergass - sie ist noch drin!
474 2814 1945 2986 Nun fügt sich alles wunderfein,
479 2964 1911 3155 Es wird ein seltnes Abenteuer,
493 2972 2302 3385 Nein, Liesl, ich bin auch nicht treuer,
488 3244 2152 3440 Und nachher darf ich dir verzeih'n.
