2915 4200
2240 454 2323 629 2
247 807 2461 950 Abend im Wurstelprater. In der Mitte der Bühne,
253 945 2487 1094 beinahe ihre ganze Breite einnehmend, das "Neue
261 1128 2400 1240 Figurentheater" mit Aufschrift. Einige Stufen
256 1217 2472 1372 fuhren hinauf. links irgend eine Bude oder ain-
258 1424 2464 1530 geispiel. Rechts ein Gasthausgarten, durch ein
273 1568 2446 1677 Gitter abgeschlossen. Im Garten ein Podium mit
270 1711 2383 1826 Klavier. Brennende Laternen. Leute an den Ti-
273 1892 1269 1973 schen. Spaziergänger.
273 1973 2584 2130 Beim Aufgehen des Vorhanges endet eine Chansonet-
281 2162 2452 2288 tensangerin auf dem Podium soeben ein Couplet.
281 2346 2507 2449 Applaus; Verbeugung, Abgehen.- Der Klavierspie¬
281 2455 2547 2578 ler spielt; dann tritt der Ausrufer des Figuren-
299 2627 2570 2771 theaters vor, als Wiener Strizzi und stellt sich
333 2799 1065 2880 auf die Stufen.
2231 2972 2524 3164 Complet
284 3015 904 3110 Der Ausrufer:
752 3173 2041 3265 Das lebende Kasperltheater,
758 3293 1996 3414 Das ist der neueste Spass,
761 3514 1881 3649 Im ganzen Wurstelprater
