3161 4296
2438 472 2591 694 42
556 709 2856 844 der noch heute Nachmittag zum Traualtar schreiten
562 853 2519 1062 wird, um eine heilige Pflicht zu erfüllen.
572 1009 1197 1166 Nun, und -?
331 997 547 1150 Ida:
319 1138 478 1297 Ed:
562 1162 1841 1331 Ich glaube, das sagte genug
328 1297 2778 1488 Ida: Mir wäre es an Ihrer Stelle höchst widerwärtig,
566 1478 1594 1638 unschuldig zu sterben.
322 1634 2044 1772 Ed: Ich wünsche mir nichts Besseres.
328 1750 2466 1894 Ida: Aber wer wird es Ihnen glauben? Niemand.
312 1944 1866 2100 Id: Meine Lucie wird es glauben.
325 2059 2838 2209 Ida: Es giebt keine Frau, die ihren Geliebten für ei-
597 2256 2047 2412 nen solchen Cretin halten kann.
556 2391 2619 2569 Gnädige Frau, sie wird mir glauben, wenn Sie
322 2369 512 2534 Ed:
550 2531 2003 2719 selbst die Wahrheit bestätigen.
325 2691 769 2853 Ida: Ha!
556 2838 2841 3025 Die Umstände sind so seltsam, dass sie jedes Ver-
322 2869 484 2981 Ed:
547 3028 2334 3200 langen von meiner Seite rechtfertigen.
597 3153 2500 3356 So reden Sie. Ich bin wirklich neugierig.
328 3153 519 3334 Ida:
550 3275 2766 3466 Lucie heisst eigentlich Luise Wagner, und wohnt
319 3322 481 3444 Ed:
553 3444 2653 3653 vierten Bezirk, Gusshausgasse sieben. Morgen,
562 3616 2784 3816 wenn sie die Kunde bekommen hat, dass ich gefal-
559 3772 2856 3950 len bin, bemühen Sie sich freundlichst zu ihr und
