3352 4040
2639 340 2776 534 39
588 537 2988 707 Ida: stürzt ihm in die Arme: Da haben Sie mich!
788 734 2439 896 Machen Sie aus mir, was Sie wollen!
555 887 1561 1030 Ed: Gnädige Frau.
836 1042 2346 1191 Sie scheinen überrascht zu sein.
567 1063 761 1167 Ida:
794 1170 1887 1337 Ich kann nicht leugnen.
567 1206 728 1319 Ed:
836 1284 2925 1469 Bedenken Sie, dass Sie wenig Zeit haben. Ich
573 1358 767 1472 Ida:
794 1487 3054 1615 weiss, dass Sie sich morgen Früh mit meinem Mann
794 1648 2958 1761 schlagen müssen, und er schiesst wie ein Gott.
800 1800 2734 1910 Es wurde mir bereits mehrfach versichert.
564 1767 728 1931 Ed:
836 1919 2928 2078 Nun, Sie sollen wenigstens wissen, wofür Sie
579 1979 761 2113 Ida:
806 2101 3006 2227 sterben. Da haben Sie mich, machen Sie aus mir,
815 2263 1528 2397 was Sie wollen.
812 2379 3036 2516 Gnädige Frau, ich bitte Sie... es scheint, dass
582 2415 728 2564 Ed:
812 2525 3084 2686 Sie in einer Stimmung sind... überdies, bedenken
806 2740 1104 2866 Sie -
857 2884 2895 3018 Was giebt es da zu bedenken? Mein Mann hält
588 2878 782 3030 Ida:
815 3027 3069 3134 mich für Ihre Geliebte, der Teufel weiss, warum.
824 3140 2609 3307 Er soll wenigstens Recht gehabt haben!
836 3304 3000 3448 Gnädige Frau, Sie sind die Einzige, welche mir
591 3322 755 3466 Ed:
824 3463 3086 3612 diese ganze Sache aufklären kann. Wie kommt Herr
