3368 4072
2668 447 2802 604 52
724 636 1681 803 nicht anders können.
736 759 3000 937 Aber Männer, die das nicht vertragen. Wann sehen
502 832 663 998 Ed:
736 972 1474 1121 Sie sie wieder?
733 1039 3030 1278 Heute Nachmittag. Denn Montag, Mittwoch und Frei-
499 1127 671 1313 Kr:
756 1258 1883 1424 tag hat sie Musikstunde.
750 1360 2522 1564 Für mich Dinstag, Donnerstag, Samstag.
514 1451 695 1576 Ed:
569 1532 2916 1737 Kr: Ich bin nur neugierig, was sie Sonntag macht.
771 1690 2971 1865 Ich muss sie gleich fragen, meine Herren. :Er
2390 1848 2659 1996 geht:
549 2029 2195 2186 Ed: Ich danke euch, meine Freunde.
549 2148 2808 2329 Alb: Also Frau Krögel ist nicht deine Geliebte?
560 2320 2207 2501 Ed: Könnt Ihr jetzt noch zweifeln?
829 2461 2954 2618 Auch zwischen uns, mein Herr, sind zahlreiche
560 2542 765 2694 Alb:
794 2624 2878 2773 Misverständnisse vorgefallen. Hier ist meine
797 2755 3065 2942 Hand, schlagen Sie ein. Ich bin der glücklichste
806 2919 1906 3117 Mensch auf dieser Erde!
572 3065 2738 3284 Br: Der Arme. Wenn er wüsste, dass ich’s bin.
1608 3243 2104 3368 :Beide ab:
636 3386 1958 3587 Ida: :tritt aus dem Zimmer:
595 3558 1929 3727 Ed: Sie haben alles gehört?
