4440 5688
2485 397 2689 578 16
1404 791 3931 1004 er raucht einige Züge; dann legt er die öigarre hin:
968 939 3421 1152 Raisonn: Das ist noch ein Held nach der alten Mode,
1414 1068 3176 1265 Wirkt eben Jeder nach seiner Methode.
991 1217 3037 1465 Herzog: Nur eine Einz'ge auf dieser Erden
1414 1385 3163 1581 Blieb kühl von Herz und von Geberden,
1404 1540 3999 1762 Die ewig Kalte -:Zu den Herren: nun, Ihr wisst es,
1420 1736 3085 1875 Die Herzogin, meine Gattin ist est -
1420 1878 3441 2049 :Wild: Ich aber brauche glüh'nde Leiber,
1414 2027 3002 2182 Und darum lieb' ich andre Weiber.
1414 2162 2404 2346 Was werd' ich hören!
952 2150 1226 2308 Held:
1459 2343 3702 2511 :nach einigem Besinnen:  Mein Herr, verzichten
939 2346 1288 2576 Herzog:
1404 2479 2411 2685 Sie auf das Weitere.
2443 2598 3156 2785 O, mit nichten!
936 2640 1210 2760 Held:
1404 2772 3134 2979 Mit meiner Letzten ich kürzlich sass
933 2818 1307 3008 Herzog:
1404 2950 2937 3108 Und plauderte und trank und ass,
1420 3092 3021 3250 Da sagte die Kleine in Seelenruh'.
1446 3240 3347 3402 "Ich wette, die Herzogin macht's wie Du."
1420 3399 3821 3557 Ich lächelte. :Es fallen wieder Bilder herunter:
2062 3560 3641 3725 Nun, vielleicht hab' ich gelacht.
1404 3686 3266 3860 Doch immerhin war mein Argwohn erwacht,
1414 3831 3014 4002 Und also nahm ich am Morgen drauf
1410 3992 2582 4170 Mir einen Detektive auf.
1404 4147 2908 4354 im zweiten Tag bereits erschien
897 4173 1120 4373 M. d.
1410 4312 2973 4522 Er wieder mit beglückter Mien'.
884 4357 1226 4525 Herzog
1398 4444 3282 4664 Die Herzogin - so thät' er mir melden -
868 4506 1136 4696 Mal d:
1391 4648 3308 4864 Liebt und besucht dieses Stückes Helden.
