3320 3992
2599 284 2722 419 51
684 435 2763 640 ganz allein! Ich weiss, was ich zu tun habe -
672 602 2823 817 hahaha! :Reisst eine Lade auf, nimmt ein Pa¬
697 703 2914 934 pier und zerreisst es: Mein Testament! Aus mit
684 867 2867 1113 der Erbschaft, meine liebe Lucie.- Und Sie hat
703 1016 2883 1224 ten offenbar von alldem keine Ahnung? Sie weiss
700 1208 2983 1400 weder, dass ich etwas weiss, noch weiss sie, daas
700 1334 3012 1526 Sie etwas wissen, noch weiss sie, dass Sie wisen,
713 1567 1694 1709 dass ich etwas weiss.
725 1624 2996 1864 Es scheint, Sie nehmen die Sache sehr ernst. Sei-
483 1750 628 1864 Kr:
722 1842 2889 1996 en Sie doch froh. Heiraten soll man nur Frauen
732 1965 3024 2186 ohne Temperament. Damen wie Fräulein Lucie taugen
732 2122 2457 2309 zur Geliebten, aber nicht zur Gattin.
536 2296 2917 2485 :Albert und Brois kommen und sind höchst erstaunt:
501 2454 2968 2649 Ed: Ah, Ihr seid es! Meine Sekundanten, Herr Krögel.
511 2602 1309 2791 Alb: Mein Herr -
517 2693 3031 2917 Kr: Entschuldigen Sie, dass ich Sie nicht zuhause er-
757 2845 3028 3050 wartete. Die Sache beruhte auf einem Misverständ-
766 3037 1753 3229 nis und ist erledigt.
536 3163 2592 3387 Alb.u.Br: Ihre Frau betrügt Sie also nicht?
533 3324 3069 3548 Kr: Sie denkt nicht daran. - Was aber Lucie anbelangt,
773 3507 2971 3699 sollten Sie ihr verzeihen. Es giebt Frauen, die
