3352 4040
2660 279 2783 453 36
730 482 2683 684 Ich weiss zu meinem Bedauern nichts davon.
488 522 661 721 Ed:
736 633 2960 798 Nun, es ist schliesslich egal. Ich habe die Wei-
485 710 653 887 Br:
727 778 2994 952 ber nie anders aufgefasst. Aber was ich ihr übel-
730 924 2971 1098 nehme, ist, dass sie diesen armen Jungen so toll
733 1083 2962 1289 macht. Ich weiss nämlich, dass er ihr seit Mona-
736 1294 2883 1428 ten den Hof macht. Sie sagt mir nämlich alles.
747 1369 2962 1548 Und dabei hat sie ihm noch nicht einmal erlaubt,
753 1591 2811 1702 ihr die Hand zu küssen. Es muss ein schwerer
750 1711 2945 1925 Schlag für ihn sein, der sie bis heute für eine
753 1890 1745 2073 Heilige gehalten hat.
756 2047 1300 2224 Allerdings.
527 2053 673 2241 Ed:
758 2198 2948 2341 Aber ich halte sie für keine Heilige. Du kannst
516 2233 676 2355 B r:
1511 2301 1765 2412 sage
773 2338 3034 2483 es mir ruhig sein. Ich weiss ja, deine Gelieb-
761 2492 3051 2640 te ist sie nicht und wird sienicht werden. Unter
776 2632 3022 2797 uns: wenn man mich hat - das genügt. Aber irgend
767 2791 3057 2954 eine Kleinigkeit wird wol vorgefallen sein. Nicht
784 2954 2971 3105 wahr ja? Du wirst zum Beispiel unterm Tisch ihr
773 3096 2198 3273 Knie mit deinem berührt haben.
559 3259 2786 3433 Ed: Wenn du es wünschest - ja. Aber geh edlich.
830 3427 2030 3618 Du hast ihr Knie berührt?
593 3487 773 3578 Br:
556 3610 1055 3784 Ed: Nein.
