2971 4040
2278 370 2414 541 10
379 613 2278 830 Und dass ich niemals mit ihr mehr - ach!
379 778 2550 969 Nach Sievring fahr' und nach Weidling am Bach.
390 986 2226 1116 Noch mehr zu sagen, ist nicht vonnöten,
393 1090 2189 1292 Da gleich zwei neue Figuren auftreten,
393 1269 1928 1428 Worauf sich ein Dialog entspinnt,
399 1440 2226 1582 Aus dem man genügende Klarheit gewinnt.
1003 1720 1732 1839 Der Raisonneur:
445 1827 2683 2021 :tritt auf. Er ist schwarz gekleidet, hat einen
422 2009 2507 2148 schwarzen, langen Vollbart, ist gemessen und
416 2168 2602 2316 ernst. Schon nahe der Tür verbeugt er sich und
552 2336 2163 2475 sagt, gegen das Publikum gewendet:
428 2495 2018 2634 Ich bin der Raisonneur des Stücks,
425 2625 2038 2790 Red' entweder geistreich oder nix.
1122 2842 2041 2992 Held: :ungehalten:
434 3036 2226 3192 Und da Sie zur Handlung nicht gehören,
451 3180 2382 3351 Versuchen Sie wenigstens nicht zu stören.
1081 3354 2550 3550 Raisonneur: :geht nach hinten,
434 3553 2761 3744 lehnt sich in die Fensternische, bleibt dort ste-
