3352 4024
2675 427 2807 565 19
510 539 2707 740 Ed: Ja. Unter Andern befand sich dort ein Herr
697 743 1746 923 Krögel und seine Frau.
470 869 2776 1058 Alb: f.s: So war sie doch bei Schöllhaus, die
694 1058 1050 1199 El ende!
700 1222 1044 1351 Weiter!
456 1230 628 1333 Br:
705 1333 2781 1511 Ich kannte Herrn und Frai Krögel bis gestern
465 1376 622 1517 Ed:
700 1497 2819 1640 ganz oberflächlich. In glaube nicht, dass ich
700 1626 2813 1807 vorher zehn Worte mit ihr oder ihm gewechselt
703 1821 1006 1964 hätte.
748 1956 2024 2133 Du glaubst nicht, sagst du?
479 1981 677 2105 Alb:
714 2131 2922 2262 Ich weiss es. Weder Herr Krögel noch Frau haben
482 2148 628 2271 Ed:
711 2280 2919 2414 mich jemals im geringsten interessiert. Gestern
725 2457 3019 2609 fügt es nun der Zufall, dass ich an die Seite der
723 2592 2027 2747 Frau Krögel zu sitzen komme.
482 2713 1660 2876 Alb: Sonderbarer Zufall!
462 2908 1844 3065 Br: Es giebt solche Zufälle.
482 3034 2082 3200 Alb: wie Sie meinen, Herr Doktor,
479 3192 1457 3369 Ed: Nach dem Souper
485 3372 1029 3530 Alb: Halt!
487 3510 1537 3688 Ed: Was giebt's denn?
