2971 4008
356 501 2564 770 Abend im Wurstelprater. In der Mitte der Bühne,
356 692 2587 903 beinahe ihre ganze Breite einnehmend, das "Neue
408 903 2555 1030 Figurentheater“ mit Aufschrift. Einige Stufen
370 1050 2573 1236 führen hinauf. links irgend eine Bude oder min-
376 1160 2564 1383 gelspiel. Rechts ein Gasthausgarten, durch ein
376 1299 2567 1528 Gitter abgeschlossen. Im Garten ein Podium mit
388 1563 2509 1702 Klavier. Brennende Laternen. Leute an den Ti-
396 1748 1470 1869 schen. Spaziergänger. -
385 1777 2711 2020 Beim Aufgehen des Vorhanges endet eine Chansonet-
440 1974 2625 2211 tensängerin auf dem Pêdium soeben ein Couplet.
396 2130 2671 2361 Applaus; Verbeugung, Abgehen. - Der Klavierspie-
405 2272 2683 2515 ler spielt; dann tritt der Ausrufer des Figuren-
417 2442 2743 2651 theaters vor, als Wiener Strizzi, stellt sich auf
420 2599 2601 2830 die Stufen und spricht im Ausruferton, wiener-
428 2752 2642 2960 isch, zuweilen gezwungenes Hochdeutsch mit fal-
463 2931 1803 3114 schen Betonungen, Folgendes:
1114 3076 1583 3232 Ausrufer:
425 3154 2735 3412 Meine Herren! hier ist zu sehn des preisgekrönte
434 3339 2677 3594 allerneueste Figurentheater, oder auch Marionet
