2979 4264
208 649 2525 924 ten haben und daher vom Dichter als stumm benannt
245 791 2410 1100 werden. Damit nicht genug, haben wir vorrätig
219 978 2497 1227 einen Ringkämpfer mit Orden und Riesenkraft, ein
225 1126 2465 1371 totes Mödchen, einen livrierten Bedienten, wel-
242 1235 2554 1512 eher die Türen aufzustössen hat, und das Neueste,
248 1426 2575 1703 was wir erst 'kriegt haben, einen Tod als Wurstel
266 1605 2422 1824 oder Wurstel als Tod, wodurch das Schauerlich¬
280 1740 2476 2029 dieses Dramas getilgt werden möchte und dürfte.
2525 1691 2768 1914 /niger
323 1879 2534 2156 Ferner zu bemerken: alle diese Herrschaften re-
294 2032 2520 2263 den in Versen, welche gereint sind, wodurch das
289 2220 2433 2407 Banner der Poesie hochgehalten und keineswegs
306 2332 2595 2554 verleugnet wird. - Herreinspaziert, meine Herren
320 2508 2583 2753 und Damen! Sofort beginnt eine neue Vorstellung,
369 2661 1518 2872 welche sofort beginnt! -
390 2883 2549 3074 :Der Vorhang des Marionettentheatershebt sich:
