3011 4184
2518 525 2664 682 16
488 665 2704 882 ser Sache weiter als Zeuge mit Ihnen zu fungie-
485 868 2766 1045 ren, wenn Sie nicht das Wort "zu dumm" zurückneh-
482 1034 702 1176 men.
500 1193 2781 1345 Die Zeit vergeht. Ihr müsst um ein Uhr bei Krögel
257 1176 414 1313 Ed:
491 1302 2415 1505 sein. Verschiebt eure Affaire auf später.
537 1462 2664 1607 Es giebt keine Affaire zwischen mir und Herrn
291 1476 460 1636 Br:
494 1633 2655 1759 Albert. Ich nehme das Wort "zu" zurück und be¬
491 1770 2729 1941 schränke mich darauf, es einfach dumm zu finden,
497 1936 2181 2058 dass man sich für eine Frau schlägt.
545 2084 2678 2235 Ich erkläre mich durch diese loyale Erklärung
266 2118 457 2235 Alb:
505 2250 2789 2390 für zufriedengestellt. Reichen sich die Hände:
511 2373 2752 2552 Ich komme zur Sache. Ihr müsst Herrn Krögel for¬
263 2407 420 2552 Ed:
494 2552 2609 2704 dern, weil er mich einen Idioten genannt hat.
502 2715 936 2895 Er dich?!
260 2678 431 2841 B r:
554 2801 2744 3026 :aufmerksam:  Warum wundert Sie das, Herr Dok-
271 2849 468 3009 Alb:
502 3015 2661 3172 tor? Würde es Sie weniger in Erstaunen setzen,
500 3180 2798 3320 wenn unser Freund Eduard Herrn Krögel einen Idio-
508 3329 1362 3512 ten genannt hätte?
277 3483 1687 3680 Br: Das will ich nicht sagen.
482 3637 2729 3817 Warum? Wenn schon durchaus Einer ein Idiot sein
274 3634 431 3803 Ed:
