2859 4216
2044 276 2151 564 83.
868 544 1283 741 Der Tod:
420 708 2244 896 Schneid't dir der Wurstel den Faden ab
555 817 1801 1043 :Schneidet die F채den ab:
457 992 1993 1150 So lacht man noch an deinem Grab!
420 1099 2275 1299 :Der Held liegt zusammengesunken da, der
544 1314 1725 1449 Tod nimmt ihn unterm Arm:
874 1528 1376 1669 --oo000--
288 1632 2528 1843 :Wenn der Vorhang des Marionettentheaters gefal-
293 1801 2464 1976 len ist, beginnt sofort der Klavierspieler auf
268 1953 2534 2128 dem Podium zu spielen, bald darauf erscheint wie-
268 2100 2331 2283 der der Ausrufer. Neue Spazierg채nger kommen.
273 2275 2323 2410 Der Ausrufer beginnt wie im Anfang das Lied,
324 2399 2489 2568 singt eventuell die erste Strophe, und w채hrend
302 2576 1996 2709 der Wiederholung des Chors f채llt der
1018 2726 1666 2850 VORHANG
1043 2816 1612 2948 --oo000--
