3043 4200
127 600 1414 798 Ins Phantastische gewendet.
127 792 2389 948 Der Bohemien oben im Kammerl mit einem Nähmädel.
121 952 479 1088 Dächer.
117 1079 1913 1255 Einpacken. Erholen. Neue Eindrücke.
121 1219 1209 1424 Er muss nach dem Süden
121 1388 1812 1567 Dragonerleutnant Cousin besucht ihn
121 1577 1770 1737 Er schickt das Mädel was einkaufen.
166 1711 2411 1874 Ich fahre morgen früh nach Monte Carlo spielen.
117 1831 2728 2007 Alles ist Probe. Gib nur acht Ich liebe die Operetten
117 2011 2640 2164 diva Gabriele. Sie muss mein werden. Ich werde mich
117 2128 2509 2337 mit ihrem Galan schlagen, ihn töten, Geld gewinnen.
111 2291 2728 2467 Alles hier ist Probe, sieh nur wie ich mit Lizzie spre
121 2464 339 2610 che.
108 2574 2275 2747 Macht der kleinen glühende Liebesgeständnisse.
111 2750 2095 2943 Der Dagoner schlägt ein Spiel vor, Karten.
111 2900 1629 3099 Sie spielen. Gewinn des jungen.
104 3047 1770 3249 Der Leutnant kokettiert mit Lizzie.
111 3203 1981 3399 Sie spielen wetter, der Kleine verliert,
104 3357 1163 3555 Leutnant küsst Lizzie,
101 3497 2584 3669 Der Kleine wütend, fordert, zieht den Degen. Sofort.
