2955 4232
292 581 2618 810 für jegliches dramatisches Bedürfnis des geehrten
295 709 2571 957 Publikums in vollem Maasse gesorgt und vertreten
298 874 2595 1119 ist. - Auf diesem Theater tritt auf kein Geringe-
307 995 2626 1238 rer als der Herzog von Lawin, eine hochfürstliche
315 1154 2621 1383 und elegant gekleidete Persönlichkeit, sowie sei-
309 1313 2641 1547 ne rechtmässige Gemalin, ein hochmodernes Weib in
321 1446 2566 1678 Sensationstoilette, und noch nicht genug, haben
341 1626 2516 1845 wir vorrätig den Helden dieses Stücks, alsdann
370 1785 2473 1984 denjenigen, dem die ganze Handlung passieren
347 1929 2615 2132 tut, sowie dessen Freunderln, von denen der eine
396 2054 2635 2334 traurig, hingegen der andere kreuzfidel zu sein
399 2233 2623 2453 die Ehre hat. Damit nicht genug, tritt Fräulein
350 2360 2586 2574 Liesl auf, ein süsses Mädchen, um die sich Man-
370 2545 2678 2745 eherlei dröhen und begeben dürfte, und noch nicht
408 2690 2595 2881 genug, erscheint ihr leiblicher Vater, ein dü-
388 2849 2603 3089 sterer Kanzelist, ihr Bräutigam, auch Verlobter
425 3037 2516 3196 genannt, und eine Figur von überlegenem Ver¬
385 3170 2707 3323 stand und schwarzem Vollbart, Raisonneur betätelt
382 3286 2687 3491 Noch nicht genug, beteiligen sich an der heutigen
382 3483 2650 3682 Vorstellung zwei Herren, welche das Mäul zu hal-
