2947 4040
2225 325 2350 485 43
381 539 2182 734 Hast du der Liebe Laufbahn nun beendet?
1083 784 1392 907 Liesl:
400 875 2505 1102 O lieber Franz, ich glaub', jetzt ist es Zeit!
766 1088 1785 1227 :Zu Vater u.Bräutigam:
456 1259 2369 1422 Zu Euch gehör' ich, war bisher verblendet.
832 1416 1472 1592 :Alle Drei ab:
979 1641 1507 1777 Raisonneur:
427 1761 2302 1961 Zum Alltag wieder, zum Geschäft, ins Amt,
432 1921 2270 2137 Ein Jeder kehrt zurück, woher er stammt.
1128 2185 1390 2371 Held:
493 2315 2059 2486 Mich dünkt, ich büsste Vieles ein,
453 2494 2139 2603 Betrogen bin ich allseits und allein,
456 2577 2601 2812 Nichts war so gänzlich, als ich wünschte, mein.
469 2782 2422 2929 Von Stimmungen allein kann man nicht leben,
469 2913 2217 3076 Ich will zur ewigen Ruhe mich begeben.
1107 3078 2657 3361 Der Tod: :in schauerlicher Maske,
710 3385 1971 3564 dunkel verhüllt, tritt auf:
1155 3622 1400 3788 Held:
