3384 4024
2722 363 2851 541 21
565 507 2947 777 Sr: Er wird schon so lange warten, bis Herr Albert
808 747 2765 900 das "unqualifizierbar" zurückgenommen hat.
578 909 2962 1082 Alb: Ich tue es, aber nur aus Rücksicht für unsern
808 1054 2980 1229 gemeinschaftlichen Freund Eduard, unter der Be-
814 1229 2974 1355 dingung, dass Herr Dr.B.randis seine Aeusserung
814 1352 3094 1496 über Frau Krögel zurücknimmt. Sie sagten"dekolle-
817 1469 2311 1650 tiert bis zur Bewusstlosigkeit“!
827 1635 1951 1819 Ich bitte dich, Brandis.
587 1665 731 1804 Ed:
860 1785 2848 1954 Nun, so will ich aus Rücksicht für unseren
630 1807 787 1982 Br:
876 1951 2787 2102 Freund die Bewusstlosigkeit zurücknehmen.
587 2138 2940 2271 Ed: Gott sei Dank! - Dekolletiert war sie nämlich
830 2231 2458 2406 wirklich, nicht mehr als notwendig.
648 2427 2839 2559 Alb: Was nennst du notwandig? Notwendig wofür?
2501 2507 2753 2618 alects
602 2550 3076 2762 Br: Ich denke, dieser Zwischenfall ist geschlossen.
842 2701 2059 2879 Und Eduard erzählt weiter.
658 2842 3048 3054 Alb: Ich behalte mir vor, heute Nachmittag auch für
842 3029 3079 3223 die Bemerkung geduards weitere Aufklärung zu ver-
842 3180 1831 3346 langen. Nun vorwärts!
891 3331 3152 3500 Ich muss bemerken, dass mich Herr Krögel während
658 3371 817 3521 Ed:
857 3490 3091 3715 des Soupers mit den sonderbarsten Blicken maass.
