2963 4072
2263 427 2397 587 16
1063 615 1318 742 Held:
917 734 2153 894 Bin nicht frei von Schuld,
366 888 2294 1043 Hab' Mädchen verführt und Ehen gebrochen,
371 1071 2289 1190 Doch durch das Schicksals besondere Huld
376 1205 2343 1326 Ward ich nie erschossen und nie erstochen,
371 1347 2441 1481 Und jetzt, für Eine, die nichts mir gewährt,
376 1501 1972 1676 Für Eine, die ich niemals begehrt,
381 1705 1980 1813 Für Eine, die ich noch nie gesehn,
381 1800 2235 1970 Soll ich, Ihr Freunde, von hinnen gehn.
932 2060 1465 2166 Raisonneur:
384 2196 2415 2333 Das Schicksals Rache geht verborg'nen Pfad,
381 2377 2233 2513 Und Keiner kennt die Folgen seiner Tat.
991 2572 1388 2727 Ernster:
389 2714 1790 2879 Wer ist die rätselhafte Dame?
1079 2948 1352 3077 Held:
376 3095 2106 3283 Herzogin von Lawin, so ist ihr Name.
706 3324 2536 3502 Ernster und Heiterer: :geraten in die
381 3507 2209 3675 grösste Aufregung, zucken hin und her:
