2995 4104
2317 307 2446 453 31
383 515 2646 780 merecke, hält eine Karte in die Luft, der zweite
358 695 2562 904 stumme Herr reicht dem Herzog eine Pistole. Der
400 853 2488 1011 Herzog schiesst und trifft das Ass. Der eine
2393 966 2593 1075 G.C.H.F.P.
372 1011 2218 1157 stumme Herr zeigt die Karte dem Helden:
374 1174 2139 1264 Wo ich hintrete, da wächst kein Gras
428 1295 2610 1419 :Er tritt vor sich hin; die beiden stummen Her-
380 1433 2500 1576 ren treten in seine Nähe und bestätigen, dass
439 1593 2038 1720 tatsächlich kein Gras dort wächst:
383 1745 2179 1889 Und niemals vergeht ein Tag, dass sich
383 1900 2331 2049 Nicht irgend ein Weiblein tötet für mich.
428 2061 2598 2210 :Ein Schuss fällt. Ein Herr tritt zum Fenster,
397 2221 2657 2348 winkt hinunter; man reicht ihm ein totes Mädchen
400 2379 2556 2514 zum Fenster herein. Er legt sie auf den Divan;
408 2517 2486 2646 sie trägt einen Zettel in der Hand; der Herr
403 2657 2612 2792 reicht dem Herzog den Zettel; der Herzog reicht
408 2838 2061 3057 ihn, ohne ihn zu lesen, dem Helden:
1109 3020 1771 3175 Held:: liest:
408 3201 1928 3353 Ich liebte den Herzog von Lawin,
397 3325 2384 3527 Er liebte mich nicht - ich sterbe für ihn!
493 3496 2626 3657 :Auf einen Wink des Herzogs werfen die Herren
