3368 4040
2483 359 2603 505 37
727 526 1741 689 Du sagtest eben - ja
494 558 669 692 Br:
745 710 1726 841 Wenn du es wünschest,
511 733 663 835 Ed:
745 762 2956 984 Ich wünsche...! Ich würsche nichts Anderes, als
502 891 660 1034 Br:
748 967 2854 1125 dass man sich anständig benimmt, wenn man mit
751 1154 2953 1277 einer Dame bei Tische sitzt! Dass sie nicht aus
748 1233 2810 1443 Eis ist, weiss ich - bei Gott, ich weiss es!
798 1423 2498 1586 :stürzt herein: Was geht hier vor?
523 1481 719 1613 Alb:
771 1499 3061 1732 :nimmt seinen Revolver: Wenn Ihr nicht auf der
532 1642 681 1785 Ed:
762 1770 3026 1893 Stelle zu Herrn v. Krögel geht, schiess' ich euch
751 1925 1379 2095 Beide nieder!
765 1969 3023 2200 Wir gehen. - Fünfzehn Schritt - Kugelwechsel bis
532 2109 692 2229 Br:
777 2159 2784 2346 zum Begräbnis. Er verdient nichts Besseres.
815 2337 2226 2521 Hat er gestanden? I:Beide ab:
543 2407 748 2539 Alb:
783 2413 3082 2682 Das wäre alles ganz schön, aber es ist noch nicht
552 2568 710 2688 Ed:
786 2615 3061 2819 das Aergste. Ich bin ein anständiger Mensch, dem
780 2834 3091 2991 nichts ferner liegt, als verheirateten Frauen den
795 2927 3105 3126 Hof zu machen. Und jetzt soll ich für eine sterba
847 3099 3102 3281 die ich tatsächlich gar nicht kenne -? Was sind
800 3248 2980 3450 das für Narren! Ah, nun seh' ich, dass ich das
798 3371 3146 3596 bessere Teil erwählt habe! Aber was bleibt mir nun
818 3590 3123 3760 Anderes übrig, als meiner angebeteten Lucie einen
