4248 5352
740 929 1936 1159 finden und fällt zusammen:
1165 1156 3645 1414 :läuft herein: Ich traf den Herzog nicht weit vom T
674 1196 954 1448 Liesel:
1122 1383 3123 1560 Der lachte höhnisch... Was geht hier vor?
1554 1504 3092 1768 :Sieht den Leichnam; zu ihm hin:
1134 1607 3080 1896 Mein Liebster tötete sich aus Gram, ###
1131 1812 2809 2048 Statt dass er mich zur Gattin nahm!
1140 1976 3157 2200 Weh mir! unheimlich ist's, hier zu weilen -
1153 2122 2893 2349 Vill in den Frühling, ins Leben eilen
1134 2300 2846 2495 Und such mir einen lebendigen Mann!
1112 2433 3341 2626 Wenn Fräulein gestatten, schliess' ich mich an.
609 2433 1066 2660 Raisonn:
637 2623 998 2822 Liesl:
1131 2592 3020 2831 Wer sind Sie dem! Wo kommen Sie her?
1116 2781 3117 2958 Sie sind ja kein Mann, sind ein Raisonneur
646 2884 1066 3058 Raisonn:
1140 2881 2943 3117 Auf der Scene muss ich geistreich sein,
1122 3036 3014 3278 Da draussen fällt mir viel Bess'res ein.
1283 3182 2943 3421 :Er bietet ihr den Arm; Beide ab:
646 3440 1019 3723 Diener:
1134 3424 3633 3732 :tritt ein, sieht ringe um sich, dann schüttelt er den
1075 3682 1790 3903 Kopf; sinnend:
1122 3807 3154 4009 Wahrscheinlich nur, weil ich ein Diener bin,
1122 3974 2846 4204 Erfass' ich nicht dieses Dramas Sinn.
