2971 4088
287 548 2493 747 tentheater genannt, - ein Theater, welches für-
290 721 2467 914 derhin jeglichen Theaterbesuch endgiltig über-
346 829 2452 1084 flüssig zu machen geneigt und anvertraut ist.
299 990 2490 1257 Denn eine Betrachtung oder selbst Besichtigung
314 1149 2573 1389 des Theaterzettels beweist, dass hier für jegli-
334 1304 2549 1544 ches dramatisches Bedürfnis des geehrten Publi-
384 1456 2696 1714 kums in vollem Maasse gesorgt und vertreten ist.-
366 1594 2649 1861 Auf diesem Theater tritt auf kein Geringerer als
372 1743 2728 2001 der Herzog von Lawin, eine hochfürstliche und ele-
384 1943 2707 2224 gant gekleidete Persönlichkeit, sowie seine recht-
390 2051 2675 2356 mässige Gemahlin, ein hochmodernes Weib in Senaa
407 2227 2581 2511 tionstoilette, und noch nicht genug, haben wir
413 2414 2663 2643 vorrätig den Helden dieses Stückes, alsdann den-
434 2558 2605 2813 jenigen, dem die ganze Handlung passieren tut,
431 2699 2567 2948 sowie dessen Freunderln, von denen der xxx eine
483 2874 2719 3097 traurig, hingegen der andere kreuzfidel zu sein
440 3035 2678 3241 die Ehre hat. Damit nicht genug, tritt Fräulein
437 3167 2757 3434 Liesl auf, ein süsses Mädchen, um die sich Man-
463 3326 2789 3548 cherlei dröhen und begeben dürfte, und noch nicht
