2931 4184
283 634 2549 853 Die Figuren dieses Stückes werden von puppenhaft
246 833 2524 994 geschminkten Schauspielern dargestellt, die sich
258 991 2527 1192 ganz in der mit von Marionetten bewegen und zu denen
249 1110 2478 1275 vom Schnürboden aus Drähte führen, an denen sie
252 1328 1583 1527 gelenkt zu werden scheinen.-
266 1521 2382 1685 Wenn der Vorhang des Kasperltheaters aufgeht,
326 1649 2521 1833 sind im Hintergrund der Bühne alle Figuren auf-
323 1841 2490 2022 gestellt; dann treten sie einzeln vor und sin-
331 2003 1249 2215 gen folgende Verse:
1869 2096 2354 2286 (Spengeln)
1074 2212 1521 2402 Der Held:
623 2320 1920 2518 Ich spiel' in dem Stuck mit
620 2501 1912 2685 Und die Hauptroll' is mein,
637 2623 2048 2855 So heissen s' mich den Helden,
649 2830 1784 3048 Ich muss ja keiner sein.
850 3017 1632 3192 Das stisse Mädel:
694 3206 1595 3382 I bin halt no ledig
697 3368 2272 3515 Und in Wien spielt die G’schicht’,
