3390 4136
524 517 2957 757 Alb: Brav! das nenn' ich Haltung. Das nenn‘ ich, der
521 706 2967 901 Gefahr ins Auge sehen.- Und nun sage mir: wer ist es
565 869 1348 1054 denn eigentlich?
521 958 2826 1217 Ed: Wollen wir das nicht aufschieben, bis Brandis
556 1175 3009 1370 kommt? Es wäre mir ärgerlich, diese ganz alberne Sa-
537 1316 1990 1501 che zweimal erzählen zu müssen.
524 1428 3066 1632 Alb: Gut denn, warten wir. :Auf und ab: Ich finde
533 1619 3098 1773 es übrigens nicht hübsch von Brandis, dass er dich war-
568 1776 2894 1961 ten lässt. Ich weiss, wie nervös einen das Warten
527 1891 2878 2092 macht,- zumal in einem solchen Moment.- Sag' doch,
572 2041 3018 2255 kennst du die wunderschöne Geschichte von Maupassant
607 2213 3095 2383 ... ich glaube, sie ist von Maupassant - wo sich einer
543 2376 2335 2536 totschiesst aus Angst vor einem Duell
572 2545 1999 2731 Ed: Nein. Bin nicht neugierig.
540 2683 2951 2842 Alb: Ich werde sie dir erzählen. Es handelt sich um
594 2798 3079 3028 einen Menschen, der am folgenden Morgen ein Duell auf
543 2970 3024 3178 Tod und Leben ausfechten soll. Wie ist nur sein Name?
540 3261 2810 3475 Ed: Das ist wol Nebensache. - Warum lächelst du?
546 3433 3053 3647 Alb: Ich denke mir, was das für ein sonderbares Zusam-
