2931 4024
2325 314 2450 543 22
965 538 1411 679 Heiterer:
1065 689 2247 879 Ei was, ich schwüre auch!
419 881 1930 1057 s ist unter Ehrenmännern Brauch.
933 1057 2344 1198 Raisonneur: :weit vortretend:
416 1255 2120 1417 Nicht länger zügl' ich meinen Geist,
389 1409 2255 1514 Ich will es in zwei kurzen Zeilen sagen:
384 1522 2441 1698 Wenn sich der Zwerg einmal den Risen heisst,
381 1679 2368 1852 Darf auch die Maus den Chimborasso tragen.
1084 1930 1355 2079 Held:
392 2082 2139 2209 Der Herzog wartet, die Stunde drängt!
400 2231 2477 2358 Wir kommen nicht weiter, wenn sich Jeder was
2263 2298 2552 2444 denkt!
403 2360 2093 2498 Gezog'ne Pistolen, fünfzehn Schritt'
403 2501 2041 2701 Und Jeder bringt den Chirurgen mit.
1008 2709 1403 2861 Ernster:
397 2861 1449 3023 Du brauchst ihn nicht.
984 3090 2155 3304 Heiterer: zum Ernsten:
1284 3255 2385 3477 Ich will dir was sagen:
387 3450 2563 3596 Wir Zwei, wir müssen uns gleichfalls schlagen!
