3304 4008
1772 429 2810 635 Reichenau, 6/VII.900.
398 639 2916 838 Eduard, ein junger Philosoph; Albert, Jurist; Max, Me-
182 811 1687 1048 diziner; Kleopatra; ein Ritter.
412 924 2394 1147 Das kleine Studentenzimmer Eduards. Nacht.
409 1030 2879 1336 Man hört Schritte über die Treppe, Schlüssel knarren.
423 1195 2872 1446 Eudrad tritt ein, als Pierrot gekleidet, geführt von
203 1429 2216 1597 Albert als Alchimist und von Max als Clown,
203 1542 2964 1755 Eduard: Ich danke euch, meine geliebten Freunde,- ich danke
223 1707 2178 1927 euch, meine sehr geliebten Freunde. Licht!
216 1924 893 2075 Albert: Licht!
216 2040 763 2246 Max: Licht!
227 2181 1728 2353 Eduard: Dort steht ein Leuchter.
227 2329 2023 2549 Max: :singt: Wo steht ein Leuchter?
240 2442 2947 2714 Albert reibt ein Zündhölzchen an: Ich sehe keinen Leuchter
278 2683 694 2848 nicht...
251 2789 1742 3006 Max singt: Bösewicht! Bösewicht!
261 2958 1889 3150 Eduard: Ah, hier ist mein Kanapée!
261 3064 2971 3291 Max: singt:  Niniveh! Niniven! (Das Zündhölzchen erlischt.
264 3287 1161 3469 Albert: Finsternis!
271 3414 1456 3634 Max: Huh! mich schaudert!
292 3566 1570 3772 Albert: Wo bist du, Eduard?
