<?xml version="1.0" encoding="UTF-8" standalone="yes"?>
<PcGts xmlns="http://schema.primaresearch.org/PAGE/gts/pagecontent/2013-07-15" xmlns:xsi="http://www.w3.org/2001/XMLSchema-instance" xsi:schemaLocation="http://schema.primaresearch.org/PAGE/gts/pagecontent/2013-07-15 http://schema.primaresearch.org/PAGE/gts/pagecontent/2013-07-15/pagecontent.xsd">
    <Metadata>
        <Creator>prov=READ-COOP:name=TrHtr:version=2.1.0:model_id=51170:date=29_07_2023_00:32</Creator>
        <Created>2023-05-10T12:07:21.665+02:00</Created>
        <LastChange>2023-07-29T00:32:02.724+02:00</LastChange>
        <TranskribusMetadata docId="1428186" pageId="55398754" pageNr="220" tsid="131387567" status="IN_PROGRESS" userId="64420" imgUrl="https://files.transkribus.eu/Get?id=MHHBKQUNEMUXSWQPREFBEPQI&amp;fileType=view" xmlUrl="https://files.transkribus.eu/Get?id=DGVMVIUNVFFPBOSVMXUDEBQH" imageId="44673578"/>
    </Metadata>
    <Page imageFilename="1428186_0220.jpg" imageWidth="3003" imageHeight="4072">
        <ReadingOrder>
            <OrderedGroup id="ro_1711799656696" caption="Regions reading order">
                <RegionRefIndexed index="0" regionRef="tr_1"/>
                <RegionRefIndexed index="1" regionRef="tr_2"/>
            </OrderedGroup>
        </ReadingOrder>
        <TextRegion id="tr_1" custom="readingOrder {index:0;}">
            <Coords points="238,463 2770,463 2770,2084 238,2084"/>
            <TextLine id="tr_1_tl_1" custom="readingOrder {index:0;}">
                <Coords points="2311,519 2343,519 2351,528 2406,548 2432,525 2452,522 2449,419 2420,410 2406,422 2400,416 2360,422 2348,413 2308,410"/>
                <Baseline points="2328,513 2373,513 2418,516 2459,516"/>
                <TextEquiv>
                    <Unicode>11</Unicode>
                </TextEquiv>
            </TextLine>
            <TextLine id="tr_1_tl_2" custom="readingOrder {index:1;}">
                <Coords points="442,697 1428,705 1428,617 1342,594 932,637 763,588 442,617"/>
                <Baseline points="456,692 492,689 537,686 582,686 626,683 671,683 716,686 761,686 806,686 850,686 895,686 940,686 985,683 1029,683 1074,683 1119,683 1164,680 1209,680 1253,680 1298,680 1343,680 1388,680 1432,683"/>
                <TextEquiv>
                    <Unicode>dich werd' ich töten!</Unicode>
                </TextEquiv>
            </TextLine>
            <TextLine id="tr_1_tl_3" custom="readingOrder {index:2;}">
                <Coords points="476,869 2257,834 2257,766 2197,760 1052,791 791,694 479,708"/>
                <Baseline points="495,841 519,841 564,841 609,841 653,841 698,844 743,844 788,844 832,844 877,841 922,838 967,838 1012,841 1056,838 1101,838 1146,835 1191,835 1235,832 1280,832 1325,832 1370,832 1415,832 1459,832 1504,832 1549,832 1594,832 1638,832 1683,832 1728,829 1773,829 1818,829 1862,826 1907,829 1952,826 1997,826 2041,829 2086,826 2131,826 2176,823 2221,823 2265,826"/>
                <TextEquiv>
                    <Unicode>Pardon, das wird Herr Krögel besorgen.</Unicode>
                </TextEquiv>
            </TextLine>
            <TextLine id="tr_1_tl_4" custom="readingOrder {index:3;}">
                <Coords points="252,877 267,877 290,900 315,892 330,877 353,892 364,880 416,880 419,717 381,720 353,694 304,682 284,665 255,671"/>
                <Baseline points="268,844 289,844 334,841 379,841 423,841"/>
                <TextEquiv>
                    <Unicode>Ed:</Unicode>
                </TextEquiv>
            </TextLine>
            <TextLine id="tr_1_tl_5" custom="readingOrder {index:4;}">
                <Coords points="479,1012 2761,984 2761,883 482,926"/>
                <Baseline points="495,997 531,994 576,997 620,997 665,997 710,997 755,997 800,997 844,1000 889,997 934,1000 979,997 1023,994 1068,991 1113,991 1158,991 1203,991 1247,991 1292,988 1337,991 1382,988 1426,985 1471,988 1516,985 1561,985 1606,985 1650,985 1695,985 1740,982 1785,982 1830,982 1874,985 1919,982 1964,982 2009,985 2053,982 2098,979 2143,979 2188,979 2233,976 2277,976 2322,976 2367,973 2412,970 2456,970 2501,973 2546,973 2591,973 2636,973 2680,973 2725,970 2770,973"/>
                <TextEquiv>
                    <Unicode>Wohl mir, dass ich meine Bewegung nicht verbergen</Unicode>
                </TextEquiv>
            </TextLine>
            <TextLine id="tr_1_tl_6" custom="readingOrder {index:5;}">
                <Coords points="221,1024 261,1035 278,1018 313,1009 370,1044 390,1029 407,1032 407,929 390,929 358,949 341,932 327,941 292,906 258,920 235,900 221,900"/>
                <Baseline points="238,1000 283,1000 328,1000 373,1000 414,1000"/>
                <TextEquiv>
                    <Unicode>Alb:</Unicode>
                </TextEquiv>
            </TextLine>
            <TextLine id="tr_1_tl_7" custom="readingOrder {index:6;}">
                <Coords points="433,1193 2523,1130 2698,1187 2721,1075 2308,1009 2185,1090 436,1098"/>
                <Baseline points="450,1155 489,1152 534,1152 579,1152 623,1152 668,1152 713,1152 758,1149 803,1152 847,1149 892,1149 937,1149 982,1149 1026,1146 1071,1146 1116,1146 1161,1146 1206,1146 1250,1146 1295,1143 1340,1143 1385,1143 1429,1140 1474,1140 1519,1140 1564,1140 1609,1140 1653,1140 1698,1137 1743,1137 1788,1137 1832,1134 1877,1134 1922,1134 1967,1134 2012,1131 2056,1131 2101,1131 2146,1131 2191,1131 2236,1131 2280,1128 2325,1128 2370,1128 2415,1128 2459,1128 2504,1128 2549,1125 2594,1125 2639,1122 2683,1122 2728,1119"/>
                <TextEquiv>
                    <Unicode>konnte, wohl mir, dass mir die Tränen wieder Wil-</Unicode>
                </TextEquiv>
            </TextLine>
            <TextLine id="tr_1_tl_8" custom="readingOrder {index:7;}">
                <Coords points="447,1316 2687,1305 2707,1216 450,1227"/>
                <Baseline points="462,1307 474,1304 519,1304 564,1304 609,1304 653,1301 698,1301 743,1301 788,1298 832,1301 877,1301 922,1298 967,1301 1012,1298 1056,1298 1101,1298 1146,1298 1191,1295 1235,1295 1280,1298 1325,1295 1370,1292 1415,1292 1459,1292 1504,1289 1549,1289 1594,1286 1638,1286 1683,1286 1728,1286 1773,1286 1818,1286 1862,1286 1907,1283 1952,1283 1997,1283 2041,1283 2086,1286 2131,1283 2176,1283 2221,1283 2265,1283 2310,1283 2355,1283 2400,1280 2444,1280 2489,1280 2534,1283 2579,1280 2624,1280 2668,1277 2713,1277"/>
                <TextEquiv>
                    <Unicode>len hervorgestürzt sind – so weisst du alles, oh-</Unicode>
                </TextEquiv>
            </TextLine>
            <TextLine id="tr_1_tl_9" custom="readingOrder {index:8;}">
                <Coords points="442,1471 2437,1494 2687,1471 2744,1376 444,1394"/>
                <Baseline points="456,1468 465,1468 510,1462 555,1462 600,1459 644,1459 689,1459 734,1459 779,1459 823,1459 868,1459 913,1456 958,1456 1003,1456 1047,1456 1092,1453 1137,1453 1182,1453 1226,1453 1271,1453 1316,1453 1361,1453 1406,1450 1450,1450 1495,1450 1540,1447 1585,1447 1629,1447 1674,1447 1719,1444 1764,1444 1809,1447 1853,1444 1898,1444 1943,1444 1988,1444 2033,1444 2077,1444 2122,1444 2167,1441 2212,1441 2256,1438 2301,1435 2346,1435 2391,1435 2436,1438 2480,1438 2525,1438 2570,1438 2615,1435 2659,1432 2704,1432 2749,1429"/>
                <TextEquiv>
                    <Unicode>ne dass ich eine Indiskretion begangen hätte. Ich</Unicode>
                </TextEquiv>
            </TextLine>
            <TextLine id="tr_1_tl_10" custom="readingOrder {index:9;}">
                <Coords points="447,1660 2320,1640 2684,1609 2687,1531 450,1540"/>
                <Baseline points="462,1618 501,1615 546,1618 591,1618 635,1615 680,1615 725,1615 770,1612 814,1612 859,1612 904,1609 949,1609 994,1609 1038,1609 1083,1609 1128,1609 1173,1606 1218,1606 1262,1606 1307,1603 1352,1603 1397,1606 1441,1603 1486,1603 1531,1600 1576,1600 1621,1597 1665,1597 1710,1597 1755,1597 1800,1594 1844,1594 1889,1597 1934,1594 1979,1594 2024,1594 2068,1594 2113,1591 2158,1591 2203,1588 2247,1588 2292,1588 2337,1585 2382,1585 2427,1588 2471,1588 2516,1591 2561,1588 2606,1585 2650,1585 2695,1588"/>
                <TextEquiv>
                    <Unicode>lege mein Amt nieder und würde mir erlauben, dir</Unicode>
                </TextEquiv>
            </TextLine>
            <TextLine id="tr_1_tl_11" custom="readingOrder {index:10;}">
                <Coords points="447,1784 2592,1764 2655,1666 447,1726"/>
                <Baseline points="462,1773 507,1767 552,1767 597,1767 641,1764 686,1764 731,1764 776,1764 820,1764 865,1764 910,1764 955,1764 1000,1761 1044,1761 1089,1761 1134,1761 1179,1761 1223,1758 1268,1758 1313,1758 1358,1755 1403,1755 1447,1755 1492,1755 1537,1755 1582,1752 1627,1749 1671,1749 1716,1749 1761,1749 1806,1749 1850,1749 1895,1749 1940,1746 1985,1746 2030,1746 2074,1743 2119,1743 2164,1743 2209,1743 2253,1743 2298,1743 2343,1743 2388,1740 2433,1740 2477,1743 2522,1743 2567,1740 2612,1737 2656,1740"/>
                <TextEquiv>
                    <Unicode>nach Austragung deiner Affaire mit Herrn Krögel</Unicode>
                </TextEquiv>
            </TextLine>
            <TextLine id="tr_1_tl_12" custom="readingOrder {index:11;}">
                <Coords points="459,1933 2274,1927 2607,1910 2607,1827 459,1852"/>
                <Baseline points="474,1922 507,1919 552,1919 597,1919 641,1919 686,1916 731,1916 776,1916 820,1916 865,1913 910,1913 955,1913 1000,1913 1044,1913 1089,1913 1134,1913 1179,1907 1223,1907 1268,1907 1313,1907 1358,1907 1403,1907 1447,1907 1492,1904 1537,1904 1582,1904 1627,1904 1671,1904 1716,1901 1761,1901 1806,1901 1850,1901 1895,1901 1940,1901 1985,1898 2030,1898 2074,1898 2119,1898 2164,1898 2209,1895 2253,1898 2298,1895 2343,1895 2388,1895 2433,1892 2477,1892 2522,1889 2567,1889 2612,1892"/>
                <TextEquiv>
                    <Unicode>fa 1s du der Ueberlebende sein solltest, meine</Unicode>
                </TextEquiv>
            </TextLine>
            <TextLine id="tr_1_tl_13" custom="readingOrder {index:12;}">
                <Coords points="453,2073 2403,2099 2572,2059 2575,1967 456,1993"/>
                <Baseline points="468,2071 474,2074 519,2071 564,2071 609,2071 653,2071 698,2071 743,2068 788,2068 832,2068 877,2068 922,2068 967,2068 1012,2065 1056,2065 1101,2062 1146,2062 1191,2062 1235,2062 1280,2062 1325,2062 1370,2062 1415,2059 1459,2059 1504,2059 1549,2059 1594,2065 1638,2065 1683,2065 1728,2056 1773,2053 1818,2053 1862,2053 1907,2053 1952,2053 1997,2053 2041,2053 2086,2053 2131,2050 2176,2050 2221,2047 2265,2047 2310,2047 2355,2044 2400,2044 2444,2044 2489,2041 2534,2038 2579,2038"/>
                <TextEquiv>
                    <Unicode>Sekundanten zu schicken. Verbeugt sich und</Unicode>
                </TextEquiv>
            </TextLine>
        </TextRegion>
        <TextRegion id="tr_2" custom="readingOrder {index:1;}">
            <Coords points="241,2168 2773,2168 2773,3771 241,3771"/>
            <TextLine id="tr_2_tl_1" custom="readingOrder {index:0;}">
                <Coords points="456,2240 490,2254 565,2234 596,2260 797,2228 900,2260 935,2240 975,2248 975,2159 682,2174 579,2153 456,2182"/>
                <Baseline points="471,2227 489,2224 534,2224 579,2227 623,2227 668,2227 713,2227 758,2227 803,2224 847,2224 892,2221 937,2221 982,2218"/>
                <TextEquiv>
                    <Unicode>will gehen:</Unicode>
                </TextEquiv>
            </TextLine>
            <TextLine id="tr_2_tl_2" custom="readingOrder {index:1;}">
                <Coords points="508,2400 2589,2363 2609,2165 1666,2305 510,2242"/>
                <Baseline points="522,2379 555,2379 600,2379 644,2376 689,2376 734,2376 779,2376 823,2373 868,2373 913,2373 958,2373 1003,2370 1047,2370 1092,2370 1137,2370 1182,2370 1226,2370 1271,2367 1316,2367 1361,2367 1406,2364 1450,2361 1495,2364 1540,2361 1585,2361 1629,2358 1674,2358 1719,2358 1764,2355 1809,2358 1853,2355 1898,2352 1943,2352 1988,2352 2033,2355 2077,2352 2122,2352 2167,2352 2212,2352 2256,2352 2301,2349 2346,2349 2391,2346 2436,2346 2480,2346 2525,2346 2570,2346 2615,2349"/>
                <TextEquiv>
                    <Unicode>Du bist ein Narr! Ich kenne Frau Krögel kaum.</Unicode>
                </TextEquiv>
            </TextLine>
            <TextLine id="tr_2_tl_3" custom="readingOrder {index:2;}">
                <Coords points="232,2397 267,2406 292,2391 335,2420 350,2409 370,2417 419,2409 413,2202 364,2188 324,2217 290,2208 272,2219 227,2205"/>
                <Baseline points="244,2382 289,2379 334,2382 379,2382 423,2382"/>
                <TextEquiv>
                    <Unicode>Edu:</Unicode>
                </TextEquiv>
            </TextLine>
            <TextLine id="tr_2_tl_4" custom="readingOrder {index:3;}">
                <Coords points="502,2543 2733,2521 2767,2409 505,2469"/>
                <Baseline points="519,2534 534,2531 579,2531 623,2531 668,2531 713,2531 758,2528 803,2528 847,2528 892,2528 937,2525 982,2525 1026,2525 1071,2525 1116,2525 1161,2522 1206,2522 1250,2519 1295,2519 1340,2519 1385,2516 1429,2516 1474,2516 1519,2516 1564,2516 1609,2513 1653,2513 1698,2513 1743,2513 1788,2513 1832,2513 1877,2510 1922,2510 1967,2510 2012,2510 2056,2507 2101,2507 2146,2507 2191,2504 2236,2507 2280,2507 2325,2507 2370,2504 2415,2501 2459,2501 2504,2501 2549,2501 2594,2501 2639,2501 2683,2498 2728,2498 2773,2504"/>
                <TextEquiv>
                    <Unicode>Was will das bedeuten? Ich sehe soeben, dass ich</Unicode>
                </TextEquiv>
            </TextLine>
            <TextLine id="tr_2_tl_5" custom="readingOrder {index:4;}">
                <Coords points="227,2572 247,2566 267,2575 301,2561 321,2569 347,2555 367,2564 427,2546 427,2412 404,2406 370,2417 347,2409 335,2417 318,2412 278,2437 227,2432"/>
                <Baseline points="241,2540 286,2537 331,2537 376,2537 420,2537 435,2540"/>
                <TextEquiv>
                    <Unicode>Alb:</Unicode>
                </TextEquiv>
            </TextLine>
            <TextLine id="tr_2_tl_6" custom="readingOrder {index:5;}">
                <Coords points="462,2724 2526,2681 2575,2586 462,2644"/>
                <Baseline points="477,2686 522,2686 567,2689 611,2686 656,2686 701,2686 746,2683 791,2683 835,2683 880,2680 925,2677 970,2677 1015,2677 1059,2677 1104,2677 1149,2677 1194,2674 1238,2671 1283,2671 1328,2671 1373,2671 1418,2668 1462,2668 1507,2665 1552,2665 1597,2665 1641,2665 1686,2665 1731,2668 1776,2671 1821,2668 1865,2662 1910,2662 1955,2659 2000,2659 2044,2659 2089,2656 2134,2656 2179,2656 2224,2653 2268,2653 2313,2653 2358,2653 2403,2650 2447,2650 2492,2650 2537,2650 2582,2647"/>
                <TextEquiv>
                    <Unicode>sie gar nicht gekannt habe. :Er unterdrückt</Unicode>
                </TextEquiv>
            </TextLine>
            <TextLine id="tr_2_tl_7" custom="readingOrder {index:6;}">
                <Coords points="467,2888 2604,2827 2604,2738 1870,2773 1451,2670 470,2770"/>
                <Baseline points="486,2836 507,2836 552,2836 597,2836 641,2836 686,2833 731,2833 776,2833 820,2830 865,2827 910,2830 955,2827 1000,2830 1044,2827 1089,2827 1134,2827 1179,2827 1223,2827 1268,2824 1313,2827 1358,2824 1403,2818 1447,2818 1492,2815 1537,2815 1582,2818 1627,2815 1671,2815 1716,2812 1761,2815 1806,2815 1850,2815 1895,2815 1940,2815 1985,2815 2030,2812 2074,2812 2119,2812 2164,2812 2209,2812 2253,2809 2298,2806 2343,2806 2388,2809 2433,2806 2477,2806 2522,2809 2567,2812 2612,2812"/>
                <TextEquiv>
                    <Unicode>einen Weinkrampf: Leb' wohl. Es tut mir weh,</Unicode>
                </TextEquiv>
            </TextLine>
            <TextLine id="tr_2_tl_8" custom="readingOrder {index:7;}">
                <Coords points="462,3028 2687,2959 2632,2882 465,2896"/>
                <Baseline points="480,2985 501,2985 546,2985 591,2985 635,2985 680,2988 725,2985 770,2985 814,2985 859,2982 904,2982 949,2982 994,2979 1038,2979 1083,2976 1128,2976 1173,2976 1218,2976 1262,2976 1307,2976 1352,2976 1397,2973 1441,2970 1486,2970 1531,2970 1576,2970 1621,2970 1665,2967 1710,2967 1755,2967 1800,2970 1844,2967 1889,2967 1934,2964 1979,2964 2024,2964 2068,2964 2113,2961 2158,2961 2203,2958 2247,2958 2292,2958 2337,2958 2382,2955 2427,2955 2471,2955 2516,2955 2561,2955 2606,2952 2650,2949 2695,2952"/>
                <TextEquiv>
                    <Unicode>dass eine jahrelange Freundschaft in dieser Wei-</Unicode>
                </TextEquiv>
            </TextLine>
            <TextLine id="tr_2_tl_9" custom="readingOrder {index:8;}">
                <Coords points="467,3171 2652,3131 2607,3034 470,3065"/>
                <Baseline points="483,3137 510,3140 555,3137 600,3137 644,3137 689,3137 734,3140 779,3140 823,3137 868,3134 913,3134 958,3134 1003,3131 1047,3131 1092,3131 1137,3131 1182,3131 1226,3128 1271,3128 1316,3125 1361,3125 1406,3122 1450,3125 1495,3122 1540,3122 1585,3122 1629,3122 1674,3122 1719,3122 1764,3119 1809,3122 1853,3122 1898,3119 1943,3119 1988,3116 2033,3116 2077,3116 2122,3113 2167,3113 2212,3113 2256,3113 2301,3113 2346,3110 2391,3110 2436,3110 2480,3107 2525,3107 2570,3104 2615,3104 2659,3110"/>
                <TextEquiv>
                    <Unicode>se... Zu denken, dass sie mir noch vor vierund-</Unicode>
                </TextEquiv>
            </TextLine>
            <TextLine id="tr_2_tl_10" custom="readingOrder {index:9;}">
                <Coords points="473,3312 2647,3280 2595,3166 476,3212"/>
                <Baseline points="489,3298 504,3295 549,3289 594,3289 638,3289 683,3289 728,3289 773,3292 817,3289 862,3289 907,3289 952,3286 997,3286 1041,3286 1086,3280 1131,3280 1176,3280 1221,3280 1265,3280 1310,3280 1355,3280 1400,3277 1444,3277 1489,3274 1534,3274 1579,3274 1624,3274 1668,3274 1713,3274 1758,3271 1803,3274 1847,3271 1892,3271 1937,3271 1982,3271 2027,3268 2071,3268 2116,3268 2161,3268 2206,3268 2250,3265 2295,3265 2340,3265 2385,3265 2430,3265 2474,3262 2519,3265 2564,3268 2609,3271 2653,3277"/>
                <TextEquiv>
                    <Unicode>zwanzig Stunden schwor - auf den Knieen schwar,</Unicode>
                </TextEquiv>
            </TextLine>
            <TextLine id="tr_2_tl_11" custom="readingOrder {index:10;}">
                <Coords points="470,3455 1692,3461 2007,3441 2010,3375 1795,3364 1634,3275 1190,3286 963,3349 662,3295 473,3326"/>
                <Baseline points="486,3448 492,3448 537,3445 582,3445 626,3445 671,3445 716,3445 761,3445 806,3442 850,3442 895,3445 940,3442 985,3442 1029,3442 1074,3439 1119,3439 1164,3436 1209,3436 1253,3436 1298,3436 1343,3436 1388,3433 1432,3433 1477,3430 1522,3430 1567,3430 1612,3430 1656,3430 1701,3430 1746,3430 1791,3427 1835,3430 1880,3427 1925,3427 1970,3427 2015,3427"/>
                <TextEquiv>
                    <Unicode>dass sie nur mich, mich allein...</Unicode>
                </TextEquiv>
            </TextLine>
            <TextLine id="tr_2_tl_12" custom="readingOrder {index:11;}">
                <Coords points="476,3607 2584,3579 2724,3636 2701,3481 1677,3556 1118,3544 949,3458 476,3493"/>
                <Baseline points="492,3603 534,3600 579,3600 623,3600 668,3600 713,3600 758,3600 803,3597 847,3597 892,3597 937,3597 982,3597 1026,3597 1071,3594 1116,3591 1161,3591 1206,3594 1250,3594 1295,3591 1340,3588 1385,3588 1429,3588 1474,3591 1519,3588 1564,3585 1609,3585 1653,3588 1698,3588 1743,3588 1788,3588 1832,3588 1877,3588 1922,3585 1967,3585 2012,3585 2056,3582 2101,3579 2146,3579 2191,3576 2236,3576 2280,3576 2325,3576 2370,3576 2415,3576 2459,3576 2504,3573 2549,3573 2594,3573 2639,3570 2683,3570 2728,3576"/>
                <TextEquiv>
                    <Unicode>Jetzt aber lass' dir doch sagen, zum Teufel! sie</Unicode>
                </TextEquiv>
            </TextLine>
            <TextLine id="tr_2_tl_13" custom="readingOrder {index:12;}">
                <Coords points="244,3653 258,3653 267,3662 292,3647 313,3653 341,3625 364,3630 379,3622 401,3630 401,3516 379,3516 361,3533 350,3521 338,3530 315,3518 307,3527 287,3521 275,3533 244,3536"/>
                <Baseline points="259,3609 304,3606 349,3606 394,3606 408,3609"/>
                <TextEquiv>
                    <Unicode>Ed:</Unicode>
                </TextEquiv>
            </TextLine>
            <TextLine id="tr_2_tl_14" custom="readingOrder {index:13;}">
                <Coords points="476,3771 2601,3776 2664,3619 479,3705"/>
                <Baseline points="492,3761 522,3761 567,3761 611,3761 656,3761 701,3761 746,3758 791,3758 835,3758 880,3755 925,3755 970,3755 1015,3755 1059,3755 1104,3752 1149,3752 1194,3752 1238,3749 1283,3749 1328,3749 1373,3752 1418,3752 1462,3749 1507,3749 1552,3746 1597,3746 1641,3743 1686,3746 1731,3743 1776,3743 1821,3740 1865,3740 1910,3743 1955,3740 2000,3740 2044,3737 2089,3734 2134,3737 2179,3734 2224,3734 2268,3734 2313,3731 2358,3731 2403,3728 2447,3731 2492,3731 2537,3728 2582,3728 2627,3728 2671,3737"/>
                <TextEquiv>
                    <Unicode>ist ebenso unschuldig als ich! Ich schwöre dir!</Unicode>
                </TextEquiv>
            </TextLine>
        </TextRegion>
    </Page>
</PcGts>
