3336 3976
2637 299 2762 442 54
418 475 1884 678 Das Ganze als Marionet tenstück.
430 657 1302 827 Oder nur das Paar?
433 830 1296 1006 Oder nur die Frau?
445 920 1771 1135 Oder Alle ausser dem Helden?
433 1117 2834 1284 Der Held: Mein Unglück ist, ich sehe die Drähte, an
445 1245 2658 1404 denen alle gelenkt werden; nur ich bin frei. Am
439 1395 2682 1595 Schluss merkt er, dass auch er an Drähten hängt,
451 1577 2843 1744 schneidet sie ab, um frei zu sein; aber er sinkt in
463 1732 1129 1899 sich zusammen.
463 1875 1648 2055 Ihr seht nicht die Fäden.
463 2007 2419 2192 Sie ist die Marionette ihrer Leidenschaft.
463 2141 2347 2371 Er ist irrsinnig; alle sind Marionetten.
