3288 4088
2687 463 2814 654 53
625 692 1209 850 Ida: Alles
581 780 3134 958 Ed: Nun, hier haben Sie mich - machen Sie aus mir, was
822 974 2579 1136 Sie wollen. Ich habe keine Lucie mehr!
857 1136 3115 1304 Das interessiert mich nicht im geringsten. Adieu.
590 1174 787 1294 Ida:
828 1275 3017 1475 Gnädige Frau, vor einer halben Stunde haben Sie
587 1317 736 1497 Ed:
819 1431 1447 1599 mich geliebt.
866 1529 2985 1713 Sie? - Einen, der morgen sterben sollte! Mein
603 1593 793 1773 Ida:
825 1697 3112 1878 Mann ist zu rechter Zeit gekommen. Am Ende hätten
828 1881 3103 2034 Sie sich doch entschlossen, dann wäre ich die Ge-
831 2046 1881 2240 foppte gewesen! ab:
