3352 4072
496 210 1375 430 Athan Tractet
2687 470 2811 629 1.
2424 599 2657 759 G.C.F.P.
420 656 1109 773 Sein Abenteuer
413 739 2857 946 Ein junger Mann, kein Glück bei den Weibern, depri -
420 936 2864 1106 miert, mit einmal anders. Er erlebt etwas. Hat keine
410 1126 3057 1265 Ahnung, dass dieses Weib nur Spasses haber ein Spiel mit
433 1265 3047 1399 ihm treibt, da sie ihm entschwindet weiss er noch nichts
433 1429 729 1522 davon.
426 1485 2890 1715 Oder man erzählts ihm in Trunkenheit als guten Spass,
430 1678 2008 1865 er hat sie im geheimen geheiratet.
420 1812 2957 2031 Ihr sagt ihm auch nichts davon, er war so glücklich in
426 2051 1945 2128 der Erinnerung an sein Abenteuer.
410 2138 3014 2381 Anfangs wollten sie ihn aufklären, dann merken sie wie
430 2324 2434 2464 tief es ihm sitzt, selbst erstaunt.
410 2498 2757 2627 Das wird schwer, bitter werden, wenn er es efährt.
406 2617 3084 2777 Muss er es denn erfahren, lassen wir ihn bei seinem Wahn.
410 2774 2577 2967 Und dann lebte er hin in seiner stillen weise.
410 2944 2817 3064 Oder man klärt ihn auf, da stellter die Frau wütend
420 3107 2850 3280 zur Rede, sie liebt ihn jetzt wirklich, er glaubt es
423 3277 939 3377 aber nicht.
420 3287 3054 3613 Oder er erfährt die Sache nie, sie aber hat ihn wirklich
430 3540 809 3720 geliebt.
450 3686 1006 3846 (de sespampich)
