3448 4024
2757 386 2900 544 41
722 529 1747 698 Ed: Sie lieben mich?
731 680 3114 868 Ida: Aber nicht als den, der Sie sind. Sondern als
957 865 3108 975 denjenigen, durch den mir endlich mein heisse-
951 1025 3105 1150 ster Wunsch erfüllt wird, einer, der mich seit
951 1177 3141 1328 meiner jungen Mädchenzeit durchbebt, durchrast.
716 1301 868 1438 Ed:
951 1328 2600 1477 Was für ein Wunsch sollte das sein?
992 1480 3147 1625 Der Wunsch, einem anzugehören, der zum Tod be-
725 1477 906 1619 Ida:
939 1607 3096 1780 stimmt ist und der es weiss. Das muss eine Se-
933 1789 3117 1928 ligkeit sein, wie ich sie noch nicht kenne. Es
948 1902 3254 2086 ist der einzige Fall, wo man vollkommen wahr sein
945 2086 3117 2225 kann. Denn bedenken Sie, wie schwer uns Frauen
942 2246 3025 2377 das sonst gemacht wird. Für Sie, mein Freund,
930 2407 3013 2549 kann es keine Eifersucht geben, denn für Sie
927 2534 3224 2677 giebt's keine Vergnangenheit und keine Zukunft. Sie
939 2698 3120 2858 werden der nur Liebende sein, die Liebe selbst.
927 2841 3191 2986 Also kommen Sie, kommnen Sie! Machen Sie doch end-
933 3025 2303 3144 lich aus mir, was Sie wollen!
933 3135 3105 3289 Gnädige Frau, es ist wahr: Sie sehen in mir ei-
692 3155 847 3313 Ed:
912 3271 3093 3464 nen, der bereit ist, morgen Früh in den Tod zu
915 3459 3111 3652 gehen,- aber sie sehen zugleich einen vor sich,
