3368 4024
2751 438 2861 585 40
806 598 2738 759 Krögel denn auf diese unglückselige Idee?
856 787 2864 929 Unglückselige Idee...? Sie sind ein Lümmel!
592 759 793 932 Ida:
859 951 3094 1098 Pardon, gnädige Frau. Wie kommt er auf die Ver-
633 960 787 1080 Ed:
812 1130 1265 1250 mutung.
862 1262 3107 1375 Davon hab' ich so wenig eine Ahnung als Sie. Die
595 1234 787 1416 Ida:
825 1394 2974 1539 Geschichte ist umso sonderbarer, als er bisher
821 1552 3009 1731 nie die geringste Anlage zur Eifersucht gezeigt
818 1687 2263 1835 hat. :Sie sperrt die Türe ab:
831 1860 1407 2027 Was tun Sie?
589 1870 752 1999 Ed:
595 1986 3119 2210 Ida: Aber da es nun einmal so gekommen ist - - :Sie
831 2188 2153 2329 lässt die Rouleaux herunter:
834 2329 1429 2483 Was tun Sie?
601 2304 755 2464 Ed:
875 2452 3034 2631 Ah, wie freu' ich mich, von hier nach Hause zu
611 2490 796 2619 Ida:
837 2606 3034 2779 gehen und ihm sagen zu können: Vor einer Stunde
840 2741 3015 2940 war es nicht wahr - jetzt aber ist es wah r. Ja,
831 2915 2956 3085 mein liebes Affi, ziel' nur gut! Jetzt ist es
837 3037 3088 3223 wahr. Es ist ziemlich dunkel: Aber Sie sind
847 3236 2058 3434 wahrhaftig nicht zärtlich!
617 3393 1977 3538 Ed: O doch! :Er küsst sie:
626 3560 1951 3736 Ida: Ich liebe Sie nämlich.
