2979 4072
2164 420 2301 560 11
331 657 2552 871 hen und tritt im Verlaufe der weiteren Handlung
331 831 2609 1019 nur gelegentlich nach vorwärts, wenn er etwas zu
394 976 2592 1156 reden hat. Im übrigen bleibt er von den Vorgän-
357 1119 2649 1319 gen vollkommen unberührt. Er kümmert sich um Nie-
348 1265 2649 1479 manden, und die Andern kümmern sich nicht um ihn
1056 1553 1330 1684 Held:
380 1719 1987 1893 Nur soviel sei für jetzt verraten:
383 1879 2264 2070 Zu Stimmungen neig' ich, nicht zu Taten,
440 1961 2412 2215 Ganz einfach, statt eines langen Berichts:
405 2138 2524 2327 Ich bin der Held dieses Stücks, sonst nichts.
408 2293 1973 2470 Und hab' ich dieses Amt erledigt,
408 2470 2307 2621 So werd' ich, wenn möglich unbeschädigt,
434 2601 1867 2778 In eine Schachtel grün gelackt
428 2738 1996 2929 Mit grösster Sorgfalt eingepackt.
443 2904 2004 3069 Nicht neidenswert ist dieses Los,
443 3052 2432 3223 Doch hab' ich einen Trost in meiner Truhe:
788 3146 2041 3269 auch eine Manomelle blos
463 3206 739 3300 Binnf
460 3220 2535 3392 Neu ist die Schachtel doch, in der ich ruhe.
1099 3460 1653 3640 Raisonneur:
