3092 4120
312 473 2789 710 Alb: Du bist blass, blass wie der Tod. Nimm das nicht
274 678 2095 915 als Vorbedeutung, wenn ich bitten darf.
287 861 1505 1035 Ed: Ich denke nicht daran.
290 937 2824 1174 Alb. (Blick auf den Schreibtisch:) Ich glaube zu merken,
293 1161 1975 1325 dass du dein Testament gemacht hast.
284 1309 1155 1511 Ed: Wesshalb denn?
300 1432 2748 1650 Alb: Nun, der Zustand deines Schreibtisches, ein ver-
306 1634 1208 1802 schlossenes Couvert
293 1742 2650 1947 Ed: Das einige wichtige Papiere enthält aber kein
353 1909 1669 2111 Testament. Ich mache keines.
316 2029 2827 2246 Alb: Warum? ich finde es leichtfertig, kein Testament
312 2259 811 2404 zu machen.
319 2347 2780 2578 Ed: Ich mache keins, denn es ist mir vollkommen egal,
375 2502 1770 2735 was nach meinem Tod geschieht.
344 2694 770 2884 Alb: Dir.
338 2821 1417 3016 Ed: Mir. Natürlich mir.
344 2959 2644 3158 Alb: Aber den Andern.. und auf die kommt es an.Du
366 3123 2726 3303 stehst sozusagen allein auf der Welt. Was geschieht
344 3291 1316 3489 mit deinem Vermögen?
360 3344 2833 3666 Ed: Ich rechne auf das Vergnügen, noch x längere Zeit
369 3638 1631 3805 von meinen Renten zu leben,
