3011 4120
308 488 2376 746 mentreffen wäre, wenn er auch Eduard hiesse.
258 702 2644 935 Ed: Was hindert dich anzunehmen, dass er so heisst?
271 862 1363 1076 Nenn' ihn ruhig Eduard.
280 991 2795 1190 Alb: Gut. - Also Eduard geht im Zimmer auf und ab, auf
290 1108 2801 1353 und ab, auf und ab. Donnerwetter! ich weiss nicht, was
296 1297 2732 1486 er sonst noch tut. Es ist auch ziemlich gleichgiltig.
283 1473 2634 1674 Der Witz von der Sache ist: er bekommt eine solche
349 1605 2773 1819 wahnsinnige Angst vor dem Duell, dass er sich lieber
318 1756 2814 1948 totschiesst, als diese grauenvolle letzte Nacht durch-
321 1917 2830 2112 zumachen und sich am Ende morgen.... Sage einmal, Edu-
321 2080 2106 2263 ard, du glaubst wol nicht an Ahnungen?
324 2244 1180 2424 Ed: Absolut nicht.
324 2354 2691 2575 Alb: Da kann ich dir also ruhig erzählen, dass ich
343 2512 2814 2729 - ach nein nein, doch nicht. Da du an Ahnungen nicht
343 2710 1844 2871 glaubst, hat's doch keinen Sinn.
340 2786 2877 3053 Ed: Ach Albert, du plauderst ja so hübsch. Erzähl' nur
346 2974 1958 3204 Bist du einem Leichenzug begegnet?
353 3091 2773 3324 Alb: Was fällt dir ein! das würde ja Glück bedeuten.
349 3321 856 3503 Ed: Glück?
368 3453 2704 3645 Alb: Janol. Vor einem Duell bedeutet es Glück. Das
466 3705 576 3859 7.
