2979 4072
363 553 2547 769 genug, erscheint ihr leiblicher Vatern ein dü-
331 735 2556 896 sterer Kanzelist, ihr Bräutigam, auch Verlobter
383 882 2654 1083 genannt, und eine Figur von überlegenem Verstand
340 1031 2654 1207 und schwarzem Vollbart, Raisonneur betitelt. Noch
343 1158 2619 1400 nicht genug, beteiligen sich an der heutigen Vor
366 1343 2582 1510 stellung zwei Herren, welche das Mäul zu halten
354 1487 2576 1697 haben und daher vom Dichter als 8 stumm benannt
375 1654 2671 1827 werden. Damit nicht genug, haben wir vorrätig ei-
375 1743 2613 1991 nen Ringkämpfer mit Orden und Riesenkraft, eind
435 1919 2648 2141 totes Mödchen, einen livrierten Bedienten, wel-
447 2072 2729 2311 cher die Türen aufzustössen hat, und das Neueste,
444 2216 2605 2458 was wir erst 'kriegt haben, einen Tod als Wur-
447 2377 2671 2605 stel oder Wurstel als Tod, wodurch das Schauer-
447 2536 2610 2749 liche dieses Dramas getilgt werden möchte und
424 2685 2711 2899 dürfte. Ferner zu bemerken: alle diese Herrschaf-
435 2835 2752 3069 ten reden in Versen, welche gereint sind, wodurch
429 3008 2743 3210 das Banner der Poesie hochgehalten und keineswegs
438 3146 2711 3357 verleugnet wird. - Herreinspaziert, meine Herren
484 3302 2754 3527 und Damen! Gefort beginnt eine neue Vorstellung,
452 3475 1510 3625 welche sofort beginnt!
576 3607 2731 3812 :Der Vorhang des Marionettentheaters hebt sich
