3352 4024
2582 398 2720 530 25
691 513 2869 762 schrie: "Sie sind ein Idiot! Janol, ein Idiot!"
696 674 2941 883 Einige Herren standen in der Nähe, traten herzu.
708 889 2454 1112 Ich sagte: "Sie werden von mir hören.
757 1066 1290 1210 Und weiter?
476 1083 679 1227 Alb:
711 1132 3018 1359 Das Weitere haht Ihr zu besorgen. Also ich bitte
482 1247 639 1384 Ed:
725 1382 1622 1522 euch, geht endlich.
719 1445 2846 1665 Wir hab n noch eine halbe Stunde vor uns, und
476 1562 651 1677 Br:
722 1597 2969 1783 Herr Krögel wohnt nicht weiter als fünf Minuten.
768 1766 2938 1995 Die Adresse des Herrn Krögel ist Ihnen ja auf-
504 1860 699 1981 Alb:
742 1998 1691 2121 fallend gut bekannt.
748 2092 2872 2247 Das ist kein Wunder. Ich habe dort gestern zu
502 2170 659 2273 Br:
748 2296 1493 2436 Mittag gespeist.
794 2319 2958 2582 Davon hatt' ich ja keine Ahnung! Davon haben
516 2468 719 2605 Alb:
754 2531 2969 2743 Sie ja bisher kein Wort gesagt! Zu Ed: Hat
768 2752 1943 2883 er davon ein Wort gesagt?
768 2797 2941 3038 Entschuldigen Sie, aber ich glaubte nicht dazu
522 2944 696 3107 Br:
788 3067 1768 3190 verpflichtet zu sein.
817 3167 3073 3362 Es ist wahr, Sie nicht... Wie nicht. :Er setzt
545 3227 762 3428 Alb:
837 3296 3084 3480 sich nieder und weint: Ich bin der unglücklich
791 3442 3073 3640 ste Mensch auf der Welt! Ich wandle unter Geheim-
