3336 3976
2526 363 2644 498 10
244 458 2963 671 Albert: Was heisst das? "Du musst annehmen." Du wirst wol
468 631 2509 854 wissen, warum du morgen totgeschossen wirst.
451 803 2875 990 Ed: Ich erlaube mir zu bemerken, dass ich noch nicht
695 959 2878 1132 ganz von diesem Ausgang überzeugt bin. Aber ich
702 1122 2600 1295 versichere dich, dass ich es nicht weiss.
729 1278 2810 1461 Keine Ausflüchte! Du hast schon zugestanden,
468 1278 661 1424 Alb:
698 1431 2766 1583 dass es sich un Frau... um Frau.. um Frau...
729 1590 2085 1746 :Er bekommt einen Weinkrampf:
736 1726 2790 1912 Was soll das bedeuten? Du - Albert!! Ja, zum
461 1654 661 1892 r
685 1909 1078 2051 Kuckuck!
742 2034 2749 2197 Sag's mir, sag's mir gleich! Ich will alles
454 2051 658 2193 Alb:
681 2183 2746 2349 wissen. Ich bin dein Sekundant, ich habe ein
1000 2295 1251 2417 darant
681 2298 2790 2512 Recht dazu! Herr v. Krögel hat dich mit seiner
695 2461 2915 2651 Frau... mit seiner Frau.... :Er bekommt wieder
695 2617 1498 2814 einen Weinkrampf:
692 2787 1970 2959 Also du liebst Frau Krögel?
444 2817 617 2966 Ed:
742 2963 2946 3122 :mannhaft: Die Elende! Ah, ich hab' es gealnt!
451 2973 658 3129 Alb:
695 3075 2963 3295 Jawol, ich liebe sie, und hatte allen Grund anzu-
678 3237 2970 3458 nehmen, dass ich von ihr wiedergeliebt werde. Und
685 3383 2827 3583 nun - ah.. oh.. oh! Ich werde sie töten! Nein,
