<?xml version="1.0" encoding="UTF-8" standalone="yes"?>
<PcGts xmlns="http://schema.primaresearch.org/PAGE/gts/pagecontent/2013-07-15" xmlns:xsi="http://www.w3.org/2001/XMLSchema-instance" xsi:schemaLocation="http://schema.primaresearch.org/PAGE/gts/pagecontent/2013-07-15 http://schema.primaresearch.org/PAGE/gts/pagecontent/2013-07-15/pagecontent.xsd">
    <Metadata>
        <Creator>prov=READ-COOP:name=TrHtr:version=2.1.0:model_id=51170:date=29_07_2023_00:31</Creator>
        <Created>2023-05-10T12:06:59.576+02:00</Created>
        <LastChange>2023-07-29T00:31:25.664+02:00</LastChange>
        <TranskribusMetadata docId="1428186" pageId="55397937" pageNr="109" tsid="131387440" status="IN_PROGRESS" userId="64420" imgUrl="https://files.transkribus.eu/Get?id=VQEIOLNZAMMMOXXUJXLQAGFO&amp;fileType=view" xmlUrl="https://files.transkribus.eu/Get?id=JQEKPIVEPJQKNYEIBAPSMOVX" imageId="44672815"/>
    </Metadata>
    <Page imageFilename="1428186_0109.jpg" imageWidth="2979" imageHeight="4072">
        <ReadingOrder>
            <OrderedGroup id="ro_1711799576819" caption="Regions reading order">
                <RegionRefIndexed index="0" regionRef="tr_2"/>
                <RegionRefIndexed index="1" regionRef="tr_1"/>
            </OrderedGroup>
        </ReadingOrder>
        <TextRegion id="tr_2" custom="readingOrder {index:0;}">
            <Coords points="337,481 2668,481 2668,1666 337,1666"/>
            <TextLine id="tr_2_tl_1" custom="readingOrder {index:0;}">
                <Coords points="2190,555 2207,555 2227,544 2242,558 2253,547 2270,552 2276,547 2285,555 2316,532 2331,532 2339,391 2290,383 2239,429 2219,440 2196,440"/>
                <Baseline points="2206,540 2247,531 2292,531 2337,531"/>
                <TextEquiv>
                    <Unicode>11</Unicode>
                </TextEquiv>
            </TextLine>
            <TextLine id="tr_2_tl_2" custom="readingOrder {index:1;}">
                <Coords points="319,915 2570,806 2575,670 325,771"/>
                <Baseline points="337,865 379,853 423,853 468,850 513,847 558,847 603,844 647,841 692,838 737,838 782,835 826,829 871,826 916,826 961,823 1006,820 1050,820 1095,817 1140,814 1185,812 1229,812 1274,809 1319,809 1364,806 1409,803 1453,803 1498,800 1543,797 1588,794 1632,791 1677,791 1722,788 1767,788 1812,785 1856,782 1901,779 1946,776 1991,773 2036,770 2080,773 2125,770 2170,767 2215,764 2259,761 2304,758 2349,755 2394,755 2439,755 2483,755 2528,755 2573,761"/>
                <TextEquiv>
                    <Unicode>hen und tritt im Verlaufe der weiteren Handlung</Unicode>
                </TextEquiv>
            </TextLine>
            <TextLine id="tr_2_tl_3" custom="readingOrder {index:2;}">
                <Coords points="337,1013 2147,955 2616,912 2619,832 342,901"/>
                <Baseline points="355,1003 385,1000 429,1000 474,997 519,997 564,997 609,991 653,991 698,988 743,985 788,985 832,982 877,976 922,973 967,970 1012,970 1056,967 1101,967 1146,964 1191,961 1235,961 1280,958 1325,952 1370,952 1415,949 1459,949 1504,946 1549,946 1594,943 1638,943 1683,940 1728,940 1773,937 1818,937 1862,934 1907,931 1952,928 1997,925 2041,922 2086,922 2131,919 2176,916 2221,916 2265,910 2310,910 2355,907 2400,904 2444,904 2489,901 2534,898 2579,895 2624,895"/>
                <TextEquiv>
                    <Unicode>nur gelegentlich nach vorwärts, wenn er etwas zu</Unicode>
                </TextEquiv>
            </TextLine>
            <TextLine id="tr_2_tl_4" custom="readingOrder {index:3;}">
                <Coords points="394,1151 2460,1085 2604,1056 2610,973 397,1099"/>
                <Baseline points="411,1146 420,1146 465,1140 510,1140 555,1140 600,1137 644,1134 689,1134 734,1131 779,1131 823,1128 868,1125 913,1122 958,1119 1003,1116 1047,1116 1092,1113 1137,1113 1182,1113 1226,1110 1271,1110 1316,1107 1361,1104 1406,1101 1450,1098 1495,1095 1540,1095 1585,1092 1629,1089 1674,1089 1719,1086 1764,1083 1809,1083 1853,1083 1898,1080 1943,1077 1988,1074 2033,1071 2077,1071 2122,1068 2167,1062 2212,1062 2256,1059 2301,1062 2346,1059 2391,1059 2436,1056 2480,1053 2525,1047 2570,1044 2615,1041"/>
                <TextEquiv>
                    <Unicode>reden hat. Im übrigen bleibt er von den Vorgän-</Unicode>
                </TextEquiv>
            </TextLine>
            <TextLine id="tr_2_tl_5" custom="readingOrder {index:4;}">
                <Coords points="351,1321 2659,1237 2665,1116 354,1255"/>
                <Baseline points="367,1310 385,1307 429,1298 474,1292 519,1289 564,1286 609,1283 653,1283 698,1280 743,1280 788,1277 832,1274 877,1268 922,1268 967,1265 1012,1262 1056,1262 1101,1259 1146,1259 1191,1256 1235,1253 1280,1253 1325,1250 1370,1250 1415,1247 1459,1244 1504,1244 1549,1241 1594,1241 1638,1238 1683,1235 1728,1235 1773,1232 1818,1232 1862,1226 1907,1226 1952,1223 1997,1221 2041,1221 2086,1218 2131,1218 2176,1212 2221,1212 2265,1209 2310,1206 2355,1206 2400,1203 2444,1203 2489,1200 2534,1197 2579,1194 2624,1188 2668,1185"/>
                <TextEquiv>
                    <Unicode>gen vollkommen unberührt. Er kümmert sich um Nie-</Unicode>
                </TextEquiv>
            </TextLine>
            <TextLine id="tr_2_tl_6" custom="readingOrder {index:5;}">
                <Coords points="351,1470 2541,1378 2653,1361 2656,1275 354,1398"/>
                <Baseline points="367,1462 376,1459 420,1453 465,1453 510,1450 555,1450 600,1447 644,1444 689,1444 734,1444 779,1438 823,1438 868,1435 913,1429 958,1426 1003,1424 1047,1424 1092,1421 1137,1421 1182,1418 1226,1415 1271,1412 1316,1409 1361,1409 1406,1406 1450,1403 1495,1403 1540,1400 1585,1397 1629,1394 1674,1394 1719,1391 1764,1388 1809,1385 1853,1385 1898,1382 1943,1382 1988,1379 2033,1376 2077,1373 2122,1370 2167,1370 2212,1367 2256,1364 2301,1364 2346,1361 2391,1361 2436,1358 2480,1355 2525,1352 2570,1349 2615,1346 2659,1358"/>
                <TextEquiv>
                    <Unicode>manden, und die Andern kümmern sich nicht um ihn</Unicode>
                </TextEquiv>
            </TextLine>
            <TextLine id="tr_2_tl_7" custom="readingOrder {index:6;}">
                <Coords points="1059,1660 1082,1657 1111,1680 1137,1666 1211,1675 1237,1663 1255,1669 1269,1657 1324,1675 1329,1577 1301,1571 1280,1586 1255,1565 1174,1551 1154,1562 1096,1531 1065,1528"/>
                <Baseline points="1077,1656 1110,1653 1155,1650 1200,1650 1244,1647 1289,1647 1334,1644"/>
                <TextEquiv>
                    <Unicode>Held:</Unicode>
                </TextEquiv>
            </TextLine>
        </TextRegion>
        <TextRegion id="tr_1" custom="readingOrder {index:1;}">
            <Coords points="391,1720 2552,1720 2552,3565 391,3565"/>
            <TextLine id="tr_1_tl_1" custom="readingOrder {index:0;}">
                <Coords points="374,1870 1991,1813 2000,1675 1255,1767 380,1778"/>
                <Baseline points="391,1859 432,1856 477,1853 522,1853 567,1850 611,1847 656,1844 701,1841 746,1838 791,1838 835,1832 880,1830 925,1830 970,1827 1015,1824 1059,1821 1104,1818 1149,1815 1194,1815 1238,1815 1283,1812 1328,1809 1373,1803 1418,1803 1462,1800 1507,1797 1552,1794 1597,1788 1641,1785 1686,1785 1731,1782 1776,1779 1821,1776 1865,1773 1910,1770 1955,1770 2000,1773"/>
                <TextEquiv>
                    <Unicode>Nur soviel sei für jetzt verraten:</Unicode>
                </TextEquiv>
            </TextLine>
            <TextLine id="tr_1_tl_2" custom="readingOrder {index:1;}">
                <Coords points="386,2017 688,2066 1033,1977 2008,1968 2267,1925 2270,1859 1778,1813 1059,1934 786,1865 388,1962"/>
                <Baseline points="400,2012 438,2012 483,2006 528,2003 573,2003 617,2000 662,1997 707,1991 752,1991 797,1988 841,1985 886,1985 931,1982 976,1976 1020,1973 1065,1970 1110,1970 1155,1967 1200,1964 1244,1967 1289,1967 1334,1961 1379,1955 1424,1952 1468,1949 1513,1946 1558,1943 1603,1940 1647,1937 1692,1937 1737,1931 1782,1931 1827,1928 1871,1925 1916,1919 1961,1919 2006,1916 2050,1913 2095,1910 2140,1910 2185,1907 2230,1907 2274,1910"/>
                <TextEquiv>
                    <Unicode>Zu Stimmungen neig' ich, nicht zu Taten,</Unicode>
                </TextEquiv>
            </TextLine>
            <TextLine id="tr_1_tl_3" custom="readingOrder {index:2;}">
                <Coords points="437,2184 2423,2075 2429,1951 1197,2029 1068,2092 446,2078"/>
                <Baseline points="456,2155 459,2155 504,2152 549,2152 594,2149 638,2146 683,2143 728,2140 773,2140 817,2137 862,2134 907,2131 952,2128 997,2125 1041,2125 1086,2122 1131,2119 1176,2116 1221,2113 1265,2110 1310,2107 1355,2104 1400,2101 1444,2098 1489,2098 1534,2095 1579,2092 1624,2089 1668,2086 1713,2083 1758,2080 1803,2080 1847,2080 1892,2077 1937,2071 1982,2071 2027,2065 2071,2062 2116,2059 2161,2056 2206,2056 2250,2050 2295,2050 2340,2047 2385,2047 2430,2047"/>
                <TextEquiv>
                    <Unicode>Ganz einfach, statt eines langen Bericht:</Unicode>
                </TextEquiv>
            </TextLine>
            <TextLine id="tr_1_tl_4" custom="readingOrder {index:3;}">
                <Coords points="409,2328 2348,2244 2524,2224 2532,2103 417,2201"/>
                <Baseline points="423,2313 429,2313 474,2307 519,2304 564,2301 609,2301 653,2298 698,2295 743,2289 788,2286 832,2286 877,2283 922,2280 967,2280 1012,2277 1056,2274 1101,2274 1146,2268 1191,2265 1235,2262 1280,2259 1325,2256 1370,2253 1415,2253 1459,2247 1504,2247 1549,2244 1594,2241 1638,2239 1683,2239 1728,2236 1773,2233 1818,2233 1862,2233 1907,2230 1952,2227 1997,2224 2041,2221 2086,2218 2131,2212 2176,2212 2221,2206 2265,2203 2310,2203 2355,2200 2400,2197 2444,2197 2489,2194 2534,2194"/>
                <TextEquiv>
                    <Unicode>Ich bin der Held dieses Stücka, sonst nichts.</Unicode>
                </TextEquiv>
            </TextLine>
            <TextLine id="tr_1_tl_5" custom="readingOrder {index:4;}">
                <Coords points="411,2483 852,2431 975,2483 1548,2397 1974,2420 1980,2296 414,2380"/>
                <Baseline points="426,2453 459,2453 504,2453 549,2450 594,2447 638,2444 683,2442 728,2439 773,2436 817,2433 862,2430 907,2430 952,2427 997,2427 1041,2424 1086,2424 1131,2421 1176,2418 1221,2415 1265,2412 1310,2409 1355,2409 1400,2403 1444,2403 1489,2400 1534,2397 1579,2394 1624,2391 1668,2388 1713,2388 1758,2385 1803,2385 1847,2385 1892,2382 1937,2382 1982,2385"/>
                <TextEquiv>
                    <Unicode>Und hab' ich dieses Amt erledigt,</Unicode>
                </TextEquiv>
            </TextLine>
            <TextLine id="tr_1_tl_6" custom="readingOrder {index:5;}">
                <Coords points="417,2627 1508,2604 1712,2541 2319,2572 2328,2437 1085,2529 426,2483"/>
                <Baseline points="435,2609 447,2609 492,2606 537,2603 582,2600 626,2597 671,2594 716,2591 761,2591 806,2588 850,2582 895,2579 940,2579 985,2576 1029,2576 1074,2576 1119,2570 1164,2567 1209,2564 1253,2561 1298,2558 1343,2558 1388,2555 1432,2555 1477,2552 1522,2552 1567,2546 1612,2543 1656,2540 1701,2540 1746,2534 1791,2534 1835,2531 1880,2528 1925,2525 1970,2522 2015,2519 2059,2516 2104,2516 2149,2516 2194,2516 2239,2516 2283,2519 2328,2522"/>
                <TextEquiv>
                    <Unicode>So werd' ich, wenn möglich unbeschädigt,</Unicode>
                </TextEquiv>
            </TextLine>
            <TextLine id="tr_1_tl_7" custom="readingOrder {index:6;}">
                <Coords points="435,2762 964,2777 1424,2716 1583,2762 1867,2711 1873,2590 437,2693"/>
                <Baseline points="450,2761 486,2758 531,2755 576,2749 620,2749 665,2746 710,2743 755,2740 800,2737 844,2734 889,2734 934,2731 979,2728 1023,2725 1068,2722 1113,2719 1158,2719 1203,2719 1247,2716 1292,2716 1337,2713 1382,2710 1426,2707 1471,2704 1516,2704 1561,2701 1606,2695 1650,2695 1695,2689 1740,2689 1785,2686 1830,2683 1874,2683"/>
                <TextEquiv>
                    <Unicode>In eine Schachtel grün gelackt</Unicode>
                </TextEquiv>
            </TextLine>
            <TextLine id="tr_1_tl_8" custom="readingOrder {index:7;}">
                <Coords points="435,2912 587,2949 837,2895 958,2938 1116,2883 1931,2875 2000,2854 2003,2774 1882,2711 1678,2713 1145,2814 440,2823"/>
                <Baseline points="450,2907 483,2907 528,2904 573,2904 617,2904 662,2901 707,2895 752,2892 797,2889 841,2886 886,2883 931,2880 976,2877 1020,2874 1065,2874 1110,2871 1155,2871 1200,2868 1244,2868 1289,2865 1334,2862 1379,2859 1424,2856 1468,2853 1513,2853 1558,2850 1603,2850 1647,2848 1692,2845 1737,2842 1782,2839 1827,2836 1871,2833 1916,2833 1961,2830 2006,2833"/>
                <TextEquiv>
                    <Unicode>Mit grösster Sorgfalt eingepackt.</Unicode>
                </TextEquiv>
            </TextLine>
            <TextLine id="tr_1_tl_9" custom="readingOrder {index:8;}">
                <Coords points="449,3082 1796,3001 2008,3042 2014,2901 1712,2863 1289,2947 1206,2898 455,2978"/>
                <Baseline points="465,3054 495,3054 540,3051 585,3051 629,3048 674,3045 719,3042 764,3039 809,3036 853,3033 898,3030 943,3030 988,3024 1032,3024 1077,3021 1122,3021 1167,3018 1212,3018 1256,3015 1301,3012 1346,3009 1391,3006 1435,3006 1480,3003 1525,3000 1570,3000 1615,2997 1659,2994 1704,2994 1749,2994 1794,2991 1838,2991 1883,2988 1928,2988 1973,2988 2018,2994"/>
                <TextEquiv>
                    <Unicode>Nicht neidenswert ist dieses Los,</Unicode>
                </TextEquiv>
            </TextLine>
            <TextLine id="tr_1_tl_10" custom="readingOrder {index:9;}">
                <Coords points="449,3214 2400,3154 2449,3039 1266,3053 1142,3125 455,3090"/>
                <Baseline points="465,3200 483,3200 528,3197 573,3197 617,3194 662,3191 707,3188 752,3185 797,3185 841,3182 886,3176 931,3179 976,3170 1020,3170 1065,3170 1110,3167 1155,3167 1200,3167 1244,3164 1289,3161 1334,3158 1379,3158 1424,3155 1468,3155 1513,3152 1558,3149 1603,3149 1647,3146 1692,3143 1737,3140 1782,3140 1827,3137 1871,3137 1916,3131 1961,3131 2006,3131 2050,3128 2095,3125 2140,3125 2185,3122 2230,3122 2274,3119 2319,3119 2364,3116 2409,3113 2453,3113"/>
                <TextEquiv>
                    <Unicode>Doch hab' ich einen Trost in meiner Truhe:</Unicode>
                </TextEquiv>
            </TextLine>
            <TextLine id="tr_1_tl_11" custom="readingOrder {index:10;}">
                <Coords points="1327,3246 2014,3220 2052,3206 2055,3145 1988,3159 1896,3136 1790,3174 1706,3159 1623,3183 1516,3162 1468,3188 1329,3168"/>
                <Baseline points="1343,3236 1388,3236 1432,3236 1477,3239 1522,3236 1567,3233 1612,3230 1656,3227 1701,3227 1746,3224 1791,3218 1835,3215 1880,3212 1925,3209 1970,3206 2015,3203 2059,3200"/>
                <TextEquiv>
                    <Unicode>hanomatte blos</Unicode>
                </TextEquiv>
            </TextLine>
            <TextLine id="tr_1_tl_12" custom="readingOrder {index:11;}">
                <Coords points="455,3286 691,3266 768,3295 843,3263 975,3280 1082,3246 1232,3269 1234,3197 1013,3180 912,3214 763,3191 647,3229 532,3197 455,3208"/>
                <Baseline points="471,3265 477,3265 522,3262 567,3259 611,3259 656,3259 701,3257 746,3254 791,3251 835,3251 880,3248 925,3248 970,3248 1015,3245 1059,3245 1104,3245 1149,3242 1194,3242 1238,3242"/>
                <TextEquiv>
                    <Unicode>Bie ich auch eine</Unicode>
                </TextEquiv>
            </TextLine>
            <TextLine id="tr_1_tl_13" custom="readingOrder {index:12;}">
                <Coords points="460,3393 1519,3318 1882,3375 2043,3295 2515,3358 2549,3183 463,3283"/>
                <Baseline points="477,3355 492,3352 537,3346 582,3346 626,3346 671,3343 716,3343 761,3340 806,3340 850,3334 895,3334 940,3331 985,3331 1029,3328 1074,3322 1119,3322 1164,3319 1209,3319 1253,3316 1298,3313 1343,3310 1388,3310 1432,3307 1477,3307 1522,3304 1567,3304 1612,3304 1656,3301 1701,3301 1746,3298 1791,3295 1835,3292 1880,3292 1925,3286 1970,3286 2015,3283 2059,3283 2104,3283 2149,3280 2194,3277 2239,3274 2283,3274 2328,3274 2373,3271 2418,3268 2462,3265 2507,3265 2552,3265"/>
                <TextEquiv>
                    <Unicode>Neu ist die Schachtel doch, in der ich ruhe.</Unicode>
                </TextEquiv>
            </TextLine>
            <TextLine id="tr_1_tl_14" custom="readingOrder {index:13;}">
                <Coords points="1116,3559 1275,3568 1485,3545 1525,3562 1649,3559 1655,3465 1594,3462 1545,3488 1445,3467 1338,3493 1315,3473 1119,3482"/>
                <Baseline points="1131,3555 1167,3552 1212,3552 1256,3549 1301,3546 1346,3543 1391,3540 1435,3540 1480,3537 1525,3534 1570,3534 1615,3534 1659,3531"/>
                <TextEquiv>
                    <Unicode>Raisonneur:</Unicode>
                </TextEquiv>
            </TextLine>
        </TextRegion>
    </Page>
</PcGts>
