2859 4296
283 689 1709 905 Herzog! Sie kennen diese hier?
787 967 1145 1133 Herzog:
305 1070 2126 1322 Zur Antwort bin ich nicht verpflichtet.
864 1368 1133 1560 Held:
341 1385 2278 1704 Sprich, Liesl, du! - Sie liegt vernichtet!
346 1649 1709 1829 Hal ahn' ich den Zusammenhang
360 1774 1709 1985 Für meine Liebe das der Dank!
372 1920 2081 2126 Verzeihung, Herzog, nicht so schnell!
374 2102 1814 2309 Jetzt fordre ich Sie zum Duell!
895 2328 1234 2537 Herzog:
396 2474 2014 2671 Es schlägt sich für seine Herzogin,
408 2609 2206 2806 Doch nicht für ein Mädel der von Lawin!
550 2767 2040 2993 :Ab mit den zwei stummen Herren:
982 3053 1243 3170 Held:
434 3149 2282 3360 Hier liegt sie, wie vom Traum umnachtet,
444 3312 2030 3499 In einer Ohnmacht hingeschmachtet,
449 3449 2304 3677 Sieht aus, als könnt' sie bis fünf nicht
2100 3530 2436 3689 zählen,
