3368 4024
2495 346 2901 518 26 - 34
861 436 3046 676 nissen. Ich verliere den Glauben an die Mensch-
858 664 3119 837 heit. Ich glaube auch dir nicht! Du belügst auch
870 824 3071 1009 deine Sekundanten! Wie konnte Herr v. Krögel auf
870 970 3098 1146 die Vermutung kommen, dass du der Liebhaber sei-
858 1112 3065 1270 ner Frau wärst, wenn du es nicht wirklich bist?
876 1310 2952 1452 Ich glaube, schon bemerkt zu haben, dass ich
630 1279 785 1416 Ed:
864 1440 3137 1591 keine Ahnung davon habe! Aber ich verspreche dir,
870 1600 2052 1740 dieser Sache nachzugehen.
888 1737 2946 1922 Was hilft mir dein Versprechen? Morgen Früh
627 1752 858 1895 Alb:
864 1888 1961 2052 bist du ein toter Mann.
870 2049 1143 2173 Aber.
630 2055 794 2179 Ed:
643 2195 2983 2331 Alb: Meine Ahnungen pflegen mich nicht zu trügen.
867 2367 3143 2501 Dann steh' ich da, und Niemand wird mir die Wahr-
864 2510 1413 2658 heit sagen.
637 2637 1858 2804 Ed: Aber ich schwöre dir
640 2846 2434 2958 Alb: Dein Schwur gilt mir gar nichts.
637 2940 3025 3210 Ed: Auf diese Weise kommen wir zu keinem Resultat.
885 3146 1740 3265 Geht doch endlich!
646 3225 2483 3468 Alb: Eine Idee. Versprich mir, Eduard!
643 3434 1746 3610 Ed: Was, zum Kuckuck?!
643 3607 3080 3762 Alb: In der Sterbestunde lügt man nicht. Also höre:
