2963 4056
2328 344 2465 517 35
410 570 2619 803 Und diese Maitresse - mir sträubt sich das Haar!
413 809 1824 944 Mein angebetetes Liesl war...
457 922 1926 1123 Die sah er treten in mein Haus.
1073 1180 1420 1310 Herzog:
421 1315 2297 1494 Kein Zweifel mehr - Sie kennen sich aus.
424 1472 2207 1676 Und da Sie nun Ihr Schicksal verstehn,
435 1656 2080 1830 Gestatten Sie mir endlich abzugehn.
1139 1907 1398 2041 Held:
451 2047 2179 2209 Verzeihung, Herzog, nicht so schnell!
451 2204 1912 2385 Jetzt fordre ich Sie zum Duell!
1100 2432 1436 2561 Herzog;
451 2550 2105 2718 Es schlägt sich für seine Herzogin,
462 2721 2278 2864 Doch nicht für ein Mädel der von Lawin!
746 2864 2237 3015 :Ab mit den zwei stummen Herren:
1023 3114 1549 3249 Raisonneur:
462 3208 2358 3478 Sie meinen, jetzt wär' der rechte Moment,
462 3417 2182 3582 Dass sich die Herzogin melden könnt'.
