2955 4248
2257 348 2350 561 11.
276 553 1333 720 Ich muss ins Geschäft.
1201 788 1464 996 Held:
1447 908 2274 1108 Nur einen Moment!
1188 1136 1535 1335 Liesl:
301 1300 2416 1478 Ja, einen Moment... dann geht’s wie neulich,
304 1398 2323 1666 Und die Küsserei nimmt überhaupt kein End'.
1231 1658 1497 1825 Held:
353 1773 2255 2090 Bist du mir drum bös? :Lange Umarmung:
1237 2071 1592 2241 Liesl:
1357 2142 2329 2364 Jetzt muss ich gehn.
339 2329 2427 2534 Adieu! Und am Sonntag auf Wiedersehn! : ab:
1032 2517 2654 2813 Held: (:allein,ann) Liederti
361 2725 2252 2944 Auf Wiedersehn - und schon ist sie fort,
361 2876 2298 3100 Und ahnt nicht, es war ihr Abschiedswort,
369 3062 2348 3218 Und dass ich niemals mit ihr mehr - acht -
369 3136 2572 3374 Nach Sievring fahr' und nach Weidling am Bach.
939 3412 2594 3664 Der Raisonneur: tritt auf. Er ist
