2947 4216
812 629 1389 856 Raisonneur
1604 717 1959 947 Vorbei!
489 939 1835 1115 Wozu dies ganze Wehgeschrei?
499 1092 2254 1296 Wenn ihr noch weiter Spektakel macht,
492 1232 2357 1439 Legt man euch in die Schachtel und gute
2135 1314 2427 1457 Nacht!
970 1449 2456 1604 Ernster: :mit langsam straffer
722 1633 1659 1809 werdenden Dr채hten:
520 1734 2083 1969 F체r diesmal haben wir kein Gl체ck.
963 2003 1920 2181 Heiterer: :ebenso
546 2158 2181 2342 Getrost! es kommt ein andres St체ck!
1542 2326 2383 2538 Ballade, Melyer
1105 2349 1408 2536 Held:
554 2515 2375 2712 Am gestrigen Abend, wie Mittwoch immer,
554 2691 2631 2870 Ging ich in den Klub, wollt' ins Lesezimmer,
554 2838 2181 3035 Da trat mir entgegen mit einem Mal
559 3007 1977 3206 Der Herzog aus dem Speisesaal.
603 3084 2590 3317 "Sie sind es", sprach er, "den ich erwarte,
600 3252 2647 3478 "Ein Schurke sind Sie, ich bin der Genarrte.
