2955 4024
2239 336 2352 502 45
365 546 2306 741 Als schöner Jungling mit schwarzem Barett,
321 739 1925 901 Als Geiger, Gevatter oder Skelett.
360 910 2002 1048 Doch zuckt am Draht in leisem Tanze
369 1034 1886 1229 Hier Herzog, Raisonneur und Held
324 1222 1799 1350 Und spottet in erborgtem Glanze
331 1362 1613 1526 Gewohnter Lügen diese Welt,
333 1517 1775 1686 Lacht sich heut im eignen Haus
338 1693 1526 1852 Publikum und Dichter aus,
350 1811 1879 1983 Mag sich zum Beschluss im Reigen
348 1968 2152 2149 Ehrlich diesmal auch der Tod erzeigen.
628 2169 1690 2369 :Steht als Wurstel da:
1070 2384 1328 2529 Held:
377 2483 2012 2729 Narrenkappe - Pritsche in der Hand
386 2637 1910 2891 Weh! ist dies dein recht Gewand?
1058 2922 1451 3077 Der Tod:
391 3019 2251 3270 Schneid 't dir der Wurstel den Faden ab -
691 3226 1828 3468 :Schneidet die Fäden ab:
418 3369 1963 3622 So lacht man noch an deinem Grab!
