3019 4120
680 472 1143 648 bekacente
211 488 2599 718 ist eine ausgemachte Sache. Ah, wie wohl könnte dir
172 654 2557 872 sein, wenn ich auf dem Weg hierher einem Leichenzug
204 881 2570 1018 begegnet wäre. Aber ich bin leider einer schwarzen
163 1047 2273 1197 Katze begegnet. Und zwar hier im Stiegenhaus.
227 1137 2691 1341 Ed: Selbstverständlich. Sie sitzt immer da und gehört
176 1274 2605 1500 meinem Portier. Sie wird nicht plötzlich auswandern,
182 1472 2564 1686 weil ich mich morgen mit Herrn - - Aber warten wir,
233 1612 1143 1785 bis Brandis da ist.
198 1679 2762 1951 Alb: Nun, ich bin absolut nicht abergläubisch, aber ein
201 1906 2726 2085 schwarzer Kater - hm! Und du weisst ja, ich glaube we-
249 2085 2123 2241 der an Gott noch an den Teufel, aber....
201 2263 2414 2404 Ed: Aber an den schwarzen Kater im Stiegenhaus.
211 2375 2710 2580 Alb Famos! Haha! Du erinnerst mich an den jungen Gra-
265 2551 1038 2733 fen Hammerstein.
217 2691 725 2889 Ed: Wieso?
233 2781 2746 3026 Alb: Bekannte Geschichte. Er erzählte seinen Sekundan-
236 2963 2618 3173 ten lauter lustige Anekdoten auf dem Weg zum Kampf-
239 3109 2637 3333 platz, und während sie die Pistolen luden, sagte er
297 3304 2800 3467 ihnen: Ach Kinder, ihr müsst mich nachher - das "nach-
291 3390 2749 3608 her" find' ich köstlich! - ihr müsst mich nachher an
