3059 4072
2540 320 2651 626 2
81 565 2580 784 1). Der junge Mann in seinem Zimmer. Koffer packend.
71 770 2533 935 Er ist ein wenig ger체hrt 체ber Lizzia, die ihm hilft.
77 885 1086 1093 2) ein Freund kommt.
1275 1026 1393 1228 1
77 1073 1224 1251 Stehst Du, Generalprobe.
84 1184 1177 1372 / Student, Terestanist
84 1372 2556 1517 Ich will ein Lebemann werden. Gabriele ist in Monte
94 1510 2701 1685 Carlo, Dort ist meine wahre grosse Liebe. Ein Don Juan
87 1685 2792 1816 will ich werden und Herzen brechen. / erk hat dreitausend
94 1823 1608 2022 Gulden geerbt/ en tweder oder/
1753 1793 1864 1944 P.S.
81 1948 2082 2133 Der Lizzie sagt er' ich muss mich erholen.
87 2096 2785 2284 Hat aber ein Verh채ltnis mit Gabriele. Er weiss was Theo
239 2267 1998 2432 dor f체r ein netter kleiner Junge ist.
84 2462 1571 2674 Er nimmt ihm das ganze Geld ab.
