3192 3688
968 692 2715 835 pe- Wald nach ihr das Dienetmädchen Lent, zum
963 825 2834 999 Akoven, steckt zwei herzen in die auf dem Nachf-
965 961 2240 1084 kuetchen befindlichen Leuchter.
968 1067 2832 1229 Baronin: (zum Fenster, sie spricht mit fransbsi-
965 1236 2863 1396 echen Akrent, zu Leni, ohne Scherfel Inner vergee-
963 1358 2813 1500 senie die Jalourien herunterzulaszen. (luest
963 1493 1914 1600 die Salousien herunter)
975 1602 2694 1790 Leni:(zum Fenster, als wolite sie behilflich
965 1771 1229 1912 seinl
987 1847 2846 2035 Baronin: (wehrt abl Richten die grauseren her wie
987 2014 2696 2147 gewöhnlich, damit ie gleic!, das Eesen holen
982 2130 2853 2285 können. (zur Kommode) Dae Waeser ist nicht mehr
1305 2230 1681 2342 welst auf
989 2251 2539 2423 frisch. xhkihr den glüeernen Krugl
991 2394 2903 2577 Leui: (zur Kommode, nimmt das Fablett mit dem Krug.
999 2530 2073 2701 und den zwei Massergläsern)
1003 2649 2789 2817 Baronin:(nte  etoh) Pas besoin de promener
991 2805 1871 2939 les du verres vider.
999 2929 1724 3053 IKlingel drausren)
1003 3062 2021 3212 Zent: thinane mit dem Krugl
991 3160 2794 3348 Deronin: Ihat den Alkoren ineplaiert, zieht die
996 3321 1524 3504 Fortzören zul
