3112 3608
2576 399 2738 523 280
775 495 2703 632 wirft einen raschen Blick in dae Konvexeations-
848 638 2352 792 zimner und verschwindet gleich wieder,
841 762 2708 897 ler Applaue verstärkt sich, hört plötzlich ganz
838 907 1908 1001 auf, bricht dann wieder los.
841 1026 2751 1148 Unruhe dringt in das Konversationszimmer herein.
828 1148 2672 1336 Stamnen uyd dergleichen. - Ein Klingelzeichen
823 1270 2276 1400 dreimal hinterehnander tönt herein).
838 1410 2746 1537 Zwei Schauspielerinnen treten vom Gang aus ein
828 1544 2776 1659 die eine nimet ein Auch, das sie auf dem Tisch hat
828 1654 1392 1768 liegen laszen.
805 1801 2736 1925 Ein Schauspieler holt seinen Hut und seinen Rock
818 1941 2723 2042 und geht wieder. Ein zweiter kommt hierein,zündet
820 2057 2383 2222 sich eine Zigaretie an und geht wierer.
805 2197 2685 2383 Die Garderoblöre mit einer zmeiten Garderobière.
790 2319 1072 2451 kommt.
1996 2403 2380 2512 nicht eine
790 2438 2593 2588 Fr. Wentzler: Oben haben wir ja gar kein Sofa.
808 2560 2753 2725 zwelte Gard. Ist sie noch nicht zu sich gekommen?
787 2687 2682 2842 Fr. Wentzler: (schü ttelt den Kopf. Beide wieder
800 2835 975 2939 ao).
790 2924 2807 3106 Dagelmann: (Hut, Ueberzieher und Stock, mit ihm John.)
782 3106 2822 3274 Wes ist denn eigentlich geschehent Ich habe von der
