3208 3672
1029 737 1956 884 Frahli: Calmant. Danke.
1019 898 1876 1036 Baronin: Marm genug P.
1026 1009 2960 1151 Franzi: Aber wunderpar.a ohier nous a la mall
1016 1127 2563 1269 son la temperature -(kann nicht weiter)
1016 1262 2770 1416 Baronin: Sie dürfen auch deutech reden, Frau-
1009 1409 1243 1542 lein.
1007 1510 2828 1664 Franzi: Wenn es bei uns zuhaus je so warm wer-
1168 1614 1431 1705 möcht
1448 1650 2756 1811 trückt einen Stuhl zum Ofen, setzt
990 1681 1433 1773 den würde.
988 1758 2168 1939 eich, wärmt die Riese am Ofenl
1004 1884 2645 2057 Baronin: Mir iet es nie warm genug. Quand
1004 2004 2674 2180 1staie jeune -m- möre, youessarez, stait
1669 2122 2315 2211 pelandhande
990 2165 2864 2329 pcoptietaire d'un hetg iee. (erklärend l.
2026 2269 2206 2346 tit
980 2300 2888 2464 Uizza. Vous connaiexez la xiriere, mademoidellet
983 2416 2074 2589 Franz1i(schüttelt den Kopfl
985 2553 2760 2717 Baronin: Hafe 11 faut y aller, madedoiselle -
978 2698 1908 2828 auf der Hochzeitereise.
978 2785 2715 2982 Franzl: Ach Gott. Je ne mi marieraif jamaie.
968 2960 2787 3093 Baronin: Ce, sont des choses, qui arrivent sam
1433 3045 1585 3107 den
968 3062 1835 3223 nêne qu od appergolde
966 3187 1660 3372 Trauel:(wehrt ebl
