3096 3480
2684 398 2830 498 222
970 412 1198 563 Wort.
985 551 1653 678 Franzi:(schweigt,
1021 693 2729 879 Gregor: Nun, Fraulein? - Was haben. Sie denn?
987 817 2911 1021 ranzi: Nichts.. (sie nimmt das Buch wieder,lieft
970 956 2828 1160 teilnahmelos) Grausam, grausam-das ist schon das
966 1078 1133 1184 Wort
1224 1114 2854 1325 (wiederholt mit stärkeren Ausdruckl Grau-
954 1232 2449 1419 sam,-grausam - das ist schon das Wort.
949 1373 2813 1582 Gregor: (1.d. H.) Was war es, -das mich so zittern
925 1495 2763 1716 machtef, als ich mit einem Mal wusste. Sind es
913 1627 2808 1836 die alten Vorurteile, die in mir lebendig werden?
901 1771 2787 1991 Nein, mit denen habe ich abgerechnet. Keine Vor-
901 1898 2758 2137 urteile. Etwas anderes, irgend etwas -. Was ha-
896 2013 2825 2236 tenje denn? Sie sind ja ganz blass. Ist Ihnen-
879 2154 2626 2391 verzeihen Sie - Sie haben wohl - oh, Ech will
865 2300 2662 2528 nicht indiskret sein - eine unangenehme Nach-
855 2439 1232 2569 richt --
853 2542 2701 2792 Franz1:lsich immer mehr fassend, gekünsteit) was
827 2698 2655 2916 fällt Ihnen ein, Herr Gregor? Im Gegenteil, eine
805 2813 1900 3010 höchst angenehme Nachricht.
798 2950 2619 3177 Grexor: Unso besser. Darf ichmeiter sprechen?
