3176 3592
1103 578 1677 735 Hgchard: Auch.
1123 718 2535 882 Franzl: Fraulein Veith zum Beiepiel?
1083 868 2986 1066 Richard: Ee iet kein Anlaes gerade, die besondere
1086 983 1606 1098 zu erwähnen.
1417 1081 1726 1157 zemunt
1076 1086 2861 1307 Franzli Die wirst du heiraten. Ludwig hat mir
1064 1260 2863 1434 schon seinerzeit erzühlt, dass du sie heiraten
1066 1370 1331 1493 wiret.
1091 1493 2459 1669 Richard: Da weier er mehr als ich.
1061 1620 2915 1802 Franzlilachselzuckend) Die oder eine andere, mir
1047 1770 2991 1963 kann ee gleich sein,an wen ich dich verlieren wer-
1047 1900 1184 1998 des
1025 1981 2946 2221 Richard: Und das weiest du ganz bestimmt, dass du
1025 2137 1860 2280 mich verlieren wirst?
1066 2280 2890 2478 ränzi: (achselzuckend) Nachetes Jahr bin ich in
1007 2397 2086 2544 Hamburg oder weiss Gotr wo.
1005 2535 2976 2748 Uzoherd: Mer zwingt dich dazu? Du kannst doch hief
1005 2672 2081 2834 am Residenztlieater bleiben.
998 2790 2576 2986 Franzl: Und rieder Sgubennadeln spielen.
980 2915 2917 3113 Richerd: Ich habefemetnt,se ist dir gleschgiktig.
980 3035 1596 3194 was du splelrt.
