3192 3688
941 800 2824 908 weil Herr Dokter neulich mit dem Rössel" nicht
948 936 1839 1041 recht zufrieden waren.
952 1060 2824 1172 Richard:(etwee ungeduldig) Also bleiben wir bei
957 1189 1886 1289 der "Silbernen Glocker.
950 1306 2602 1423 Franzi: (wie für sich) la clüche dargent.
971 1455 1799 1549 (Barofin und Leni ab)
950 1580 1575 1713 Franzi, Richard.
959 1666 1233 1732 Franzl
959 1715 2286 1811 ur: Ein bielviel redet sie.
959 1816 2258 1949 Eichard: Das kann man wohl sagen.
948 1963 2754 2115 Franzi: Aber ich ih mich im Französischen mit
948 2104 1133 2216 ihr.
952 2197 2778 2377 Hichard: Sehr vernünftig. Du vartest dach hof-
952 2359 1956 2476 fentlich noch nicht lang?
948 2485 2740 2623 Franzi: kaum fünf. Kinnten. Hei solchem Wetter
950 2588 2742 2750 fangen wir immer später an wegen der Auffahrt
943 2724 2827 2885 zum Theater. nd denn dauert's auch länger. (na-
943 2857 1563 2993 her zu ihm) Naz
948 2939 2815 3133 Eschard, (erkemta darin die Aufforderung zu ei-
943 3133 2827 3232 ner zärtlicheren Begriksung und nimnt sie etwas
941 3248 1823 3381 reretreut in die Aruel
