3080 3544
474 560 821 697 Sutelaiue
445 692 807 826 übeleitt roch
2334 457 2487 574 300
950 560 2518 728 Karl Bern: Weiss man'e denn noch nicht?
948 699 1965 809 Helene: Um Himmelswillenl
953 826 2008 936 Karl Bern: Ja, sie ist tot.
960 934 2499 1108 (Zudwig und Mathilde stehen auch dabei)
946 1092 1716 1221 Ludwig: Heraachla-?
941 1199 1642 1352 Karl Bern: Gift.!
938 1336 2293 1496 Endrig: (vor sich hin) Entsetzlicht
924 1475 2767 1628 Karl Bern: (zu Helene)Wir sind gar zu gescheidt.
931 1611 1594 1721 gewesen, Helene.
914 1719 1862 1860 Helene: Wo ist Pichard?
914 1860 2753 1992 Karl Bern: (weist zum Bühnene ingang) Bei ihr.
902 1987 1731 2106 Helene: (will hinauf)
910 2130 2834 2272 Karl Bern:Nein, bleib doch, es hat gar keinen Sinn,
914 2253 2039 2399 Ludwig: Richard ist bei ihr?
898 2355 2152 2535 Helene: Mussten Sie denn nicht?
898 2513 1874 2645 Agx Ludwig: So also --
898 2616 1855 2750 Gregor:(aus dem Theater)
888 2762 1745 2889 Ein Ruf: Hoch Gregort
888 2868 1805 3007 (Man verweist zur Ruhe)
883 3014 2679 3165 Gregor: (zu Dregulein) Ee ist nicht zu fassen.
