3144 3608
2428 496 2585 630 279
859 645 2185 805 Iregulein: Was iet denn pasziert?
847 788 2336 948 Franzi: &x iet da. Er ist im Thaater.
870 901 2614 1082 Fregulein: Dae ist alles? Dae iet doch nicht
837 1068 2635 1216 so merkwürdig.. Regen Sie sich nur nicht auf,
1590 1181 2759 1322 Ein Henanie et Deldete. Ich hoff, in
835 1202 1560 1322 um Himmelswillen.
1670 1284 2381 1379 netet sah nit e e son
1376 1306 1520 1393 nit
828 1336 2569 1466 Franzi: Jetzt/hab ich ihn bemerkt. (Offenber
1496 1426 1781 1527 in de S.
842 1466 2717 1644 ist er rückwärtg geseesen zueret. Aber jetzt...
837 1600 2614 1760 Dasr er mir das auch noch antut( Oben in der
852 1750 2489 1913 ege sitzt er -(aushrechend) - mit seiner
828 1875 1254 2028 Brautlul-
833 1993 2640 2157 Dregulein: (ch beechwöre Sie f regen Sie eich
814 2136 2672 2284 nicht aufl Friesell Müdell Kindl Sei doch ver-
805 2261 2668 2430 nünftigl Das iet doch vollkommen gleichgültig.
814 2409 2703 2585 ob der feine Herr da ist oder nicht. Nihm dich
814 2545 2597 2719 zusammen, Mädel! Jetzt kommt ja gleich dein
805 2679 1181 2828 Auftritt.
805 2795 1981 2945 Franzi: Nein, der kommt nicht.
802 2934 2562 3112 Dregulein1 So kommen Sie doch zur Beeinnung!
786 3070 2564 3206 Franzl1 Für mich lkommt kein Auftritt mehr.
