3128 3608
2456 480 2607 595 289
836 615 2300 744 ganzen Geschichte nichts verstanden.
856 724 2646 900 Sohn:Noch mindestene eine Viertelstunde hätte
841 861 1527 990 es dauern sollen.
836 990 2158 1149 Dögelmann: Es war noch nicht aus?
832 1115 2012 1219 Der Baron und Löblein kommen.
832 1251 2407 1363 Barop: Das hat uns gerade noch gefehlt.
834 1346 2675 1512 Esblein: Ger Doktor Braun hat gemeint, man soll
832 1517 2592 1656 sie vorläufig hier ins Konversationszimmer-
836 1649 1732 1792 Baron: Warum? Weshalb?
841 1749 2675 1924 Eybadin: Die Feltungsgesellschaft ist.verstän-
836 1922 1054 2044 digt.
846 2010 2566 2183 Baron: Bis zum Schlusse hätte sie wohl noch
1656 2114 2278 2214 Melcher Worgel
844 2188 2239 2300 durchhalten können.ketne Disziplin!
834 2268 2678 2439 Roreda:(tritt ein) Guten Abend, Herr Jaron. Das
834 2409 2795 2551 Fraulein hat sich noch nicht erholt,wie ich höre?
844 2514 2770 2724 Iöch zwei Schauspieler kommen ins Konversations-
836 2678 2517 2822 zimmer und entfernen sich gleich wieder)
1985 2770 2400 2861 im tae
829 2797 2685 2966 Dr. Braun: (komnt rasch) Eefet unmögtich sie auf
834 2912 2741 3056 der Bühne liegen zu lassen. Li di Relfe ichti
1814 3009 2239 3107 noch immer
834 3053 2478 3214 Löblein: (zu Breun) Sie ietlnicht erwachtt
827 3190 2522 3370 Dr. Braun: Der Kommiesär ist auf der bühne.
