3224 3576
806 613 2573 820 Antoinette: (tritr rasch zu Richard) Hae habt
815 779 2205 948 Ihr denn für Geheimnigsé, Ihr Zwei?
806 892 2383 1123 Richardiber4ett0s Nicht sch. ih wüsel.
815 1034 2725 1205 Anteinette: Ee scheint doch. Splötzlich) iollen
815 1171 2092 1349 2ie mir was versprechen, Richardr
806 1328 1251 1436 Richard: -7
813 1429 2453 1582 Enteinette: Dass Sie sein Freund bleiben.
810 1546 2605 1758 Richard: Dae muse ich Ihnen eret verenrechen?
815 1686 2679 1881 Antoingtte: Ee komnt vor, daes Freundschaften in
818 1804 2744 2011 die Früels gehen, wenn einer der Freunde heiratet,
810 1970 2523 2126 meist jet allerdinge die Frau daran Schuld.
813 2068 2749 2268 Riohard: (konventionel1) dann hinge ef ja nur von
813 2246 1688 2379 Ihnen ab, gnädige Frau-
801 2326 2566 2532 Antoinette: Sie sollen mir Entoinette sagen.
803 2480 2280 2650 Richardi(verneigt sich konvantionell)
801 2581 2677 2792 Antolnette: Ie kognte ja der Fall sein, dass Sie
815 2722 2689 2920 wir nicht empathioch waren oder dase ich Ihnen
806 2864 2674 3030 mit der Zeit allzu eympathiech würde.-Oh,halten
803 2970 2557 3167 ie nich nicht ferfokett: - ich liebe lndnig.
801 3105 2653 3290 Aishard: Er wird sich seines Gldcke eicher in
