3128 3624
2167 417 2378 578 286
677 591 2488 774 Dregulein: Machen Sie sich am Ende Vorwürfe?
696 688 2743 920 Wahrscheinlich hatte er Sie nicht gebraucht. Er ist
711 891 1956 1050 ja mit seiner Braut im Theater.
709 985 2652 1180 Karl Bern: Braut - das ist auch so einWort.Wenn
724 1115 2355 1334 er sich's aber wieder andere überlegte...
729 1224 2647 1454 regulein: Das muss unter jeder Bedingung vermie-
729 1451 1177 1581 den werden.
729 1464 2686 1685 Karl Bern: Dieser Ansicht war ich vor kurzem noch
740 1584 2722 1842 selbet. Aber wer weiss, ob ich Recht habe? Die Din-
753 1808 1766 1954 ge sind nicht so einfach.
753 1847 2842 2141 dreglein: Ganz einfach sind sie.Man mus: nur wissen.
766 2087 1302 2214 was man will.
774 2110 2636 2402 Tarl Dern: Kann man aber auch wir sen.. Man hat
787 2264 2884 2509 wahrecheinlich nicht das Recht Schickeal zu spielen.
844 2394 2793 2641 regulein: Das habe ich Ihnen ja auch gesagt. Ader
797 2529 2751 2777 wenn man es einmal schon getan hat, dann darf man
800 2634 2886 2915 nachner nicht Angst kriegen. Und was diesen Fall an-
818 2873 1110 3030 belangt.
