3144 3528
2648 407 2800 519 236
929 512 1655 672 auch nicht,Helene.
919 664 2677 807 Helene: Schade. Mir ist er sehr eympathisch.
931 786 1803 926 Fricke: Das merke ich.
914 924 2350 1069 Helene, Ich habe sogar die Abeicht-
922 1045 1495 1198 Fricke: (Blick)
910 1169 2781 1343 Helene: (mit übertriebener Beetimmtheit ). - eine
902 1295 2053 1445 Stellung bei ihm anzunehmen.
910 1424 1400 1548 Fricke: Wiez
898 1555 2807 1724 Helene: (mit übertriebener Stcherkelt) Als Sekre-
902 1688 2800 1841 tärin.- Ich bekäme einen ganz anständigen Gehalt
898 1807 2677 1984 und hätte höchstens drei bie vier Stunden täg
898 1955 1386 2074 lich zu tun.
888 2072 2736 2238 Fricke: Du bist wohl nicht ganz bei Trost,mein
886 2212 1100 2343 Kind.
867 2324 2638 2474 Helene: Volikommen. Ich kann diese miseige
857 2462 2072 2593 Exietenz nicht mehr vertragen.
876 2579 2160 2743 Frickei Wierigl - dun: Mich
874 2707 2772 2867 Helene: Ich sag’e ja nicht zum ereten Mal, Vater.
869 2834 2479 2998 Ich kann nicht.-Dieses mürdige Leben--
872 2993 2662 3131 Fricke: Wasßeprichet du dennt Müseig? Du bist
