2936 3496
2461 332 2616 459 304
661 439 2598 693 von dem grossen Schukten - ich bitte um Entschul-
663 586 2658 818 digung, -wehrscheinlich gibte auch noch einen klei-
671 746 2516 945 neren. Ee ist ja kein Wunder, es wimmelt ja von
663 910 1606 1042 Schuften auf der Welt.
681 1005 2032 1204 Ludwig: Was fallt Ihnen ein,Herr -
691 1112 2641 1327 Pregulein: Dregulein ist mein Name, erster Trauer-
686 1337 903 1434 gast.
686 1387 2569 1584 Ludwig: Sie scheinen ein Narr zu sein,Herr Dre-
696 1586 995 1728 gulein.
698 1618 2698 1810 treg lein: Wahrscheinlich. Auch von der Sorte gibt
708 1800 1888 1920 es viele. Ich habe die Ehre.,
718 1915 2142 2092 (Baron und Löblein aus dem Theaterl
708 2007 2536 2242 Baron: Es bleibt fatal. (vorbei an der Roredal
711 2157 2357 2367 Roveda: Nochmals, mein Beileid, Herr Baron.
726 2284 2676 2449 Baron: Ich danke Ihnen, gnädige Frau. Wie war. Ihr
723 2431 2237 2569 Eindruck? War es ein Erfolg bie dahin?
723 2516 2648 2691 Roveda: Meine ehrliche Meinung,Herr Baron,so an-
736 2668 2671 2850 fechtbar die Leistung der Dame auch war, zu die-
731 2795 2571 3005 ser Verzweiflungetat war kein Grund vorhanden.
728 2940 2541 3135 Fortier: Vorfahren der Wegen für Frau Roreda.
723 3052 2688 3279 Roreka: Er kann dort stehen blelden. Guten Abend,
