3224 3640
889 641 2609 799 Elsbleinsiet aufgestanden,spricht jetzt mit
884 799 2702 923 dem Requisiteur, der Ihm einige Bilder zeigt).
916 916 2809 1079 ie können doch nicht in jedes Stück die, Toten-
875 1023 2646 1172 ineelhineinhängen. Nehmen Sie das, Spiel der
858 1152 1130 1303 Mogen!
867 1311 1408 1435 Deyatetteurxx
867 1420 2636 1613 Karl Bern:(zu Dggelmann) Das ist entschieden
855 1571 1333 1686 eine Lange.
841 1683 2741 1873 Dogelmann: (in der Kolle lesend) "Endlich müssen
843 1832 2738 1964 wir x wieder in unseren Kreis zurück. Unsere
833 1956 2772 2137 kleinen Erlebnisse führen une alle tiefer hinab.
848 2071 1211 2200 edatax
845 2168 2758 2334 Rfuelteur:(zu Loblein) Das haben wir erst neu-
831 2295 2224 2434 lich gehabt im "Freund der Frauen“.
823 2429 2638 2612 Egblein: So nehmen Sie die helländische Land-
819 2575 1128 2702 schaft.
821 2685 2263 2814 Karl Bern: Komrt es Ihnen darauf an?
814 2809 2770 2931 Dogelmann: Ich find gerade diese Stelle immenent.
816 2911 2741 3104 Esblein: Geheh wir weiter, meine Herren, gehen wir
806 3060 1121 3238 weiter.
