3240 3576
1026 694 2945 923 Ratte: Ee komnt inmer auf die Gedankenverbindun-
1024 850 1320 966 gen an.
1017 964 2701 1160 Fr.Elderhof: bann richtig.. Ich denke bei,
1458 1069 1773 1167 ntweret
2064 1093 2778 1210 Reil ster Hin int
1009 1105 2801 1279 Lochzelten an gar richte. inun den nindert
1009 1207 2794 1413 Gradel: (ihr antrinkend) Auf die Gedanken, Gnä-
1002 1355 2124 1515 digete,sie Sie nicht denkent
1007 1499 1735 1623 Pr.Elderhof: Pfuil
993 1615 2749 1799 Antoinette:(ist zu Kethilde getretent farkte
993 1737 2751 1947 Artmtrdaxznat se, Kind Jetzt wirde ernst.
978 1895 2584 2038 Mathilde: Wie lang bleibt Ihr denn fortt
2229 2009 2589 2100 etn capt
978 1993 2778 2193 antolnette: Drei Wochen, eo welt ven Überhaupt
983 2136 2632 2317 ein Frograum machen kenn. fud gar tat esw
1802 2257 2112 2327 mein le
976 2269 2785 2448 Ar2t du weseet, dese Richard ihn in der Frarts
966 2389 2790 2587 vertreten wird? Er hat'e dir gar nicht gesagt?
954 2489 2742 2718 Kottttorf dr segt wir Überhaupt picht so viel
1110 2622 2622 2759 marid iet e mis Mieo sucis reclote
943 2673 2768 2849 Arteinstzllachelnd) Ne - Eigentlich hatt ich
1019 2749 1219 2835 edacht
1040 2818 1260 2940 ae
1312 2780 2751 2985 se de ete erle rena ordien cesn
933 2906 2644 3167 vird. auf ienn gebegretest, werd er aere
1530 3038 1821 3131 fori de
1935 3052 2183 3155 ten ber
935 3062 1766 3257 eton er pgersoorn.
