3272 3576
1307 555 3171 722 Dogelmann: (zu Karl. Bern) Nur eine Frage, die Ich
1319 718 3169 846 ohne Drchweife zu beantworten bitte, Finden si
1298 832 2367 1007 mich zu alt fr den Witte?
1307 953 2458 1088 Karl Bern: Wer behauptet das?
1307 1102 3159 1275 Dogelmann: (auf Dregulein neizend) Dieser neunte
1305 1251 2824 1379 Landeknecht, dieser zwölfte Berittene..
1298 1328 3166 1556 preguletn: der Jeherfalis ereter Nagel zu desn
1291 1494 2267 1647 Sarg. lepielt) 44,45,46.
1293 1605 3166 1785 Karl Berusfzn Dogelmann) Sie zu alt für den Mit.
1291 1743 3166 1922 tet Ich konnte mir überhaupt keinen Bersern den
1286 1873 3022 2032 ken fürdte Helie. Nicht auf ein paar Jahre
1293 2018 3092 2193 mehr oder weniger kommt es an, sondern darauf-
1421 2116 1894 2200 (mit selbitivon
1288 2162 3122 2300 dass die Immanente Idee der Figur herauekommt.
1279 2260 3143 2442 Osgelmenn: Rast das gehört, Treguletnstmenent-
1237 2395 2442 2577 neb ich ihr auch angelegt.
1284 2537 3125 2712 Dregnlein: Mit andern Norten. Die Jugend haet
1272 2666 3113 2847 an nicht, aber eo das Euidere, dee zn der Pigur
1286 2810 1589 2943 gehort.
1291 2926 1918 3092 Kerl Bernisinte
2127 2912 3078 3099 ertl tet Innen die Piger
1706 3027 1883 3120 dur
1275 3062 2442 3264 so rurider, der Abtter Mitter
