3224 3560
2526 406 2695 547 103
957 571 1781 690 der groszen Phrasen.!
969 690 2777 862 Daron; (scharf) Danke. Diese Art von Probieren-
967 848 1898 972 ist vollkommen wertloe.
962 950 2765 1113 Dogelmann: Heir Baron, er iet unmöglich - wäh-
955 1082 2810 1213 rend der Text noch nicht einmal festeteht, wäh-
967 1220 2798 1342 rend der Herr Regisseur und der Herr Autor im-
960 1335 2738 1497 mer streihen und modeln und während xknak-
972 1487 2731 1640 berzeihen Herr Baron - Privatunterhaltungen
972 1655 2096 1781 auf der Rihne stattfinden...
965 1757 2724 1912 Bazon: (echarf) Ich danke, Herr Dggelmann. Wir
967 1915 2741 2046 wollen andere Szenen durchprobieren, in denen
960 2032 2770 2165 wir auf Ihre geschätzte Hitwirkung nicht an-
957 2165 2851 2325 gewiesen sind,He r Dogelmann.Ich möchte endlich
967 2290 2595 2430 einmal die Hauptekenen hören - zwischen-
962 2423 2882 2595 (Karl Fern: (ihm helfend) - Fedor und Fannl. Herr.
979 2569 1886 2710 regor und Frau Roveda.
955 2681 2715 2867 Baron: Ist Frau Roveda vielleicht indese er-
957 2827 2653 2987 schienen? (stille) Herr Loblein,vielleicht
950 2944 2727 3144 bringen Sie die Stichworte. Oder könnte eine
953 3089 1884 3271 der anwexenden Danen...
