3208 3560
2543 412 2706 626 88
786 523 2866 743 Mathilde: Er,sagt mir überhaupt nicht so viel. Warum
784 675 1429 822 sollte er auch..
770 789 2950 1006 Antornette:(Tachelnd) Und eigentlich hatte ich gebacht.
765 944 2885 1144 dass du die Erete von uns Dreien sein wirst. Nun, wenn
770 1057 2719 1288 du hetrateet, so wird ee wenigetene für immer sein
748 1196 1573 1345 oder doch für lange.
756 1323 2920 1551 Kathilde: Wie kenn men en seinem Nochieftstag so epre-
751 1486 981 1592 chen?
746 1586 2923 1836 Antolnette: Ee ist ein Tagwie ein anderer. FBlick zu
740 1735 2128 1887 Frau Elderhof) Das mer seine letzte
