3112 3576
964 630 2900 773 gen. Er fürchtet, -daek- du am Ende einen gewiesen
959 776 1894 890 Schwur halten könnteet.
979 910 1537 1014 Franzli(Blick)
982 969 2965 1160 4ichard: Du wiret dich wohl erinnern?. Er bat mich
974 1140 2613 1289 sogar ihm nach Venedig zu telegraphieren.
972 1291 1534 1430 Franzi: (Bickl
969 1396 2960 1549 Kiolard: - ob du dich zurzeit noch am Leben befin-
977 1557 1192 1661 dest.
1309 1554 1458 1703 Und
974 1653 2808 1812 Franzl:/ Das erzühlet du mir mit der ernetesten
964 1775 2722 1958 Hiene der Welt? Biet du xrrn tol1? Oderserz
979 1901 2935 2100 Richard: Warum denn ? Haet du etwa nicht geschwo-
974 2065 1170 2181 ren?
977 2179 1475 2340 Franzi: Nas?
979 2285 2853 2447 tichard: Dass du dich umbringen wirst an seinem
982 2432 2940 2603 Hochzeltstag. Oder in seiner Hochzeitenacht - ich
969 2553 2883 2719 weiss nicht genau. In letzterem Falle wäre Übri-
974 2694 2774 2836 gens noch Zeit. Du könntest vil leicht selbet
1594 2801 2318 2917 deuit- nitt recri¬
977 2831 1581 2957 telegraphieren.
987 2937 2613 3103 kranzi: Du biet wieder einmal wahneinnig.
979 3066 2221 3250 Richard: kann ich nicht finden.
977 3190 2779 3376 Franal:(ruhig, hart) Was haet du ihm erwiderte
