3224 3560
1043 606 2886 850 verfelde: Wie kann hag en eoinen etzeger Hoch-
1045 798 1893 986 rotfetes od sprechent
1033 900 2898 1092 wiprnette (her ene dhreso deessesser
1852 1038 2035 1112 nit
1052 1040 2940 1226 verseren  18110k in Fr. Eiaerndkt Us ner.
1031 1180 1572 1342 essne Leseten
1033 1318 2484 1475 Hathilder Ach, man epricht so viel...
1031 1442 2890 1586 Anteinette: Mueet mich nicht beruhigen. Vergan-
1038 1572 2950 1741 gener ist vergangen. Aber wir haben uns auch für
1033 1710 2936 1862 die Zukunft volle Freiheit zugestanden. I. geh
1233 1798 1553 1879 Nuuidt
1016 1834 2764 2009 Hathilde: Ich kann dich gar nicht anhören.-
1024 1964 2822 2166 Endrig:(zan dafzet) dak gehte sa hoch her,bin
1021 2092 1477 2237 auch dabei.
1031 2209 2658 2361 (Mener reicht ihm ein Glne Champarner).
1014 2330 2850 2508 Zudrig: (amrtasnundz Karl Dern zutrinkend) auf
1021 2477 1976 2636 Ihre Eränidre Meieter!
993 2601 2603 2757 Gradel:(neben ihm ) Er iet kein Meister.
1000 2746 2764 2921 Egantg: Ee tut wir ehettek leid, dase ich bst
1784 2867 2097 2938 aumre
993 2876 2833 3045 Ihrer Freuldre nicht dabsi sein kann. Hoffent-
993 3004 2864 3211 lich habe ich bei meiner Rückkehr Gelegenheit-
