3064 3496
2557 496 2706 618 310
905 595 2701 764 in dieser Stunde mein Herz zurückwiesest, weil
908 739 2703 870 du es noch niemals so wenig verdient hast,ich
903 875 2626 1012 bringe es dir doch wieder entgegen, -weil du
1220 955 2061 1032 dieses Herziso sehr
2110 962 2356 1044 (geb it
903 1017 2334 1126 noch niemxe bedurft hast.
1805 1091 1989 1178 Iete etr
905 1123 2716 1247 Richard: Ich danke dir. Aber das kann uns bei-
900 1272 2614 1401 den nicht mehr helfen. Ich sehne mich nicht
900 1386 2683 1535 nach Glück, nach Gerechtigkeit sehne ich mich.
1024 1463 1476 1557 di hes teeu ehe
1577 1476 1880 1555 v e k
895 1520 2649 1637 Dae einzig Anständige, das einzig Vernünftige
905 1649 2758 1788 war ja doch nur, dass ich ein Ende mit mir mach-
893 1796 1039 1900 te.
895 1887 2691 2068 Mathilde: Ich glaube nicht, dass ich dich dann
885 2031 2683 2207 hoher achten,x aber ich fürchte, dass ich
885 2160 2160 2282 dich dann weniger lieben würde.
888 2279 2812 2443 Tichard: Du sollst mich nicht lieben. Ich liebe
893 2406 2800 2564 ja dich nicht. Ich habe auch sie nicht geliebt..
1049 2505 1848 2587 dis Sii tcui, de lict a.
1984 2502 2423 2594 trs ca sict
858 2579 2716 2703 und ich bin deiner so wenig wert, als ich ihrer
890 2673 1587 2817 wert gewesen bin.
880 2788 2874 2966 Mathilde: Wer ist jemgle des Andern wert oder un-
878 2921 2797 3095 wertt behen Reöhnungen zwischen Menechen so ein-
880 3043 2644 3212 fach aufz Mit dem Recht iet es nicht bemeit
1029 3182 2790 3343 auf der Welt. Ee lebt eicher irgendwo einer,
