3240 3544
1074 557 1332 662 wenig)
1083 632 2767 828 Fr. Eiderhof-ttt Melancholischt
1072 796 2884 975 Eidon: die werden das begreifen,gnädige Frafu.
1067 931 2806 1086 Fr.Eiderhof: Sie muesten doch darauf gefangt.
1056 1079 2884 1254 sein. Eine Techter hat man ja nicht auf ewig.-
1053 1219 1895 1346 Auch sonst niemanden.
1053 1313 2884 1509 Siden: Man wird eich sein Leben eben ein wenig
1053 1497 2061 1608 andere einrichten müeren.
1051 1566 2721 1739 Fr. Elderhof: Dae iet nicht so schlimm. Ich
1037 1725 2670 1932 riohte mir mein Leben alle fank acht Tage
1046 1831 2781 2077 fest andere sin und fühle nich sehr wohl de
1028 1962 1214 2116 be1.
1023 2052 2820 2277 sidon: Ran, guldige Frau,kenk genz leicht wed
1037 2229 2613 2371 es Ihnen heute auch nicht ums Herz sein.
1023 2358 2852 2537 Fr. Elderhof: (undurchdringlich) iesol Mas wie-
1021 2496 2459 2663 gen Sie Überhaupt von meinem Herzen?
1012 2604 2019 2765 Srdoni Lelder nicht viel.
1021 2744 2875 2949 tr. Elderhof: Von meinen Herzen hat wehrschein.
998 2875 2597 3038 Iich noch nimand das Geringete gemert.
1005 2997 2401 3174 Aden und auf beldiger Niederretient
