3272 3528
2893 306 3020 417 83
1327 422 3045 551 Richard, Sie haben Recht - mit jedem Wort.
1329 572 3154 715 Karl Bern, (beinahe erschrocken) Ein Abschleds-
1343 694 2974 853 brieft lschüttelt den Kopf) Dae würde ich
1329 828 3036 973 mir doch noch überlegen.- Keinerfalle Über-
1336 957 2459 1103 nehme ich die Verantwortung.
1343 1112 3058 1196 Richard, Verlange ich gar nicht von Ihnen.
1345 1218 3120 1366 he mues Ihnen wohl ganügen, dase Sie mich über
1336 1382 1826 1488 zeugt haben.
1327 1470 3029 1661 Karl Bern: Komiech,-mich-selber eigentlich
1334 1633 1865 1763 nicht vollig.
1345 1742 3013 1913 Richard: (nimmt eeinen Brief ferter in die
1325 1881 1543 2042 Kendl
1329 2019 3133 2162 Karl Bern: Aber - geben Sie mir den Brief für-
1336 2162 1792 2289 alle Falle.
1336 2287 2289 2384 Richard: (etwar erstannt)
1327 2396 3117 2550 Karl Bern. Ich möchte ihn doch der Sicherheit
1334 2550 2609 2693 halber selber ine Kartel werfen.
1339 2679 2031 2825 Richar di (abgertl.
1329 2813 3154 2979 Karl Bernt Sie sind alse doch nicht entschlos-
1329 2965 1513 3095 enr
