3160 3704
2374 473 2533 601 278
771 622 2535 860 ren konnent Ich hab s ja gemusst.. Die Gan-
790 771 2505 1021 ze. Zelt über hab ich ’e Ja gewusst, dass das
785 890 2474 1153 Stuck nicht fertig lst. Aber immer wieder
802 1072 2675 1265 schwindelt man sich sälber etwas vor und hoftt,
802 1193 2495 1433 dass die Andern auch auf den Schwindel/hi-
825 1347 2521 1570 neinfallen werden. Und was man davon schon
825 1542 1757 1685 hatte? Nichts - nichte.
855 1673 1410 1815 Franzi: kommt)
850 1745 2453 1953 Karl Bern: Was ist denn geschehen? Wiese
846 1904 2402 2076 sind Sie denn schon wieder daf Antxmun
869 2015 2551 2253 regulein: Es wer jetzt nur der kurze Auf-
878 2244 1146 2372 tritt.
876 2346 1810 2495 Karl Bern: Ja richtig.
883 2388 2710 2656 Tregulein: Sie sind der koniecheste Antor, der
2304 2507 2717 2605 hrrbe wir
1920 2530 2174 2614 Von vorl
2395 2556 2666 2682 coccur
895 2589 2365 2761 mir je vorgekommen ist.( Konnen Siel)
913 2693 2717 2912 Franzlif zu sregulein)) Ich möchte ein Wort mit
918 2840 1813 3013 Ihnen reden, Dregulein.
916 3003 1568 3148 Karl Bern:(geht)
974 3152 1657 3304 dregulein, Branzt.
