3080 3480
2255 281 2412 461 305
687 413 2698 588 Anten Herr Baron. O, Gregor. Ich kann Sie in meinem
699 588 1819 709 Wagen mitnehmen,Herr Gregor.
694 679 1573 806 Gregor: (Uentschlossen)
1976 702 2696 867 Auh den Irmermir
684 818 2620 978 Roveda: Kopf hoch, mein Freund 1 Du machst sie je
684 948 2240 1095 doch nicht wieder lebendig.(mit ihm abl
699 1100 2387 1201 (Loplein und Baron nach der anderen Seite )
687 1196 2605 1343 oveda: (entweder früher zum Baron oder jetzt zu
717 1348 2521 1475 regor) Der Tod ist ein Element, gegen das sich
682 1475 1465 1594 nichts sagen lüest.
697 1586 2057 1723 (Richard mit Bern aus dem Theater)
699 1700 2724 1857 (Indessen haben sich die Gruppen aufgelöst, zum Teil
682 1852 2605 2035 neu gebildet, im Ganzen wird esfeerer in der Nahe
684 1997 1219 2085 des Theaters)
1908 2068 2149 2164 Doktor
682 2090 2714 2232 Karl Bern:Niemand ist Schuld.Sie, am allerwenigsten.
684 2242 2207 2425 Ee musete kohl so kommen." de m..Be
679 2374 1728 2536 Richard: .. Mueste ...
684 2448 2711 2663 Karl Bern: Hier iet Ihre Schwester und Fräulein Ma-
684 2645 978 2780 thilde.
684 2714 2519 2929 Eichard: Man sollte mich lieber allein lassen.
671 2886 1644 3048 Karl Bern: kommen Siel
666 3025 2475 3195 Karl Bern, Es würde Ihrer Schweeter moh tun-
