3272 3576
702 692 988 961 d 4
634 2532 1032 2676 la cupa
683 2640 1005 2737 di in
675 2728 934 2833 Meet
1182 582 2970 751 Karl der: Aber wenn sie es tun, dann sind sie
2424 697 2918 790 mehreenl
1186 714 3102 905 eben sehr altmodisch, kongen sich wohl selber lü-
1186 861 2923 1013 cherlich ver,haben ein schlechtes Gewiesen.
1182 971 3148 1182 Richard: Von alldem merkt man in Ihrem Stücke gar
1174 1120 1490 1238 nichte.
1169 1233 3011 1397 Karl Dern: Was die Leute in meinem Stücke tun
1186 1370 2965 1534 lunterbricht sich, plötzlich) Woher kennen die
2065 1482 2838 1556 eicit g. Mamusung
1177 1509 3043 1678 übrigene mein Stückt(Ihr Fraulein Schwester het
2177 1612 2693 1739 liis aos
1174 1615 1945 1774 Ihnen doch nicht--
1169 1766 1813 1906 Richard: C nein.
1162 1874 3038 2062 Karl Bern: (veretehend) Ach so -Fraglein Frie-
1155 2006 3043 2202 sel hat Sie dae Stück lezen lasten...Der Laufer
1152 2150 1734 2292 ist in Gefahr.
1152 2263 1962 2439 Richard: Nicht mehr.
1150 2419 2999 2551 Karl Dern: Nar eigentlich naheliegend. So also
1142 2527 3095 2696 steht die Sache. Entschuldigen Sie, lieber Doktor.
1138 2652 3026 2855 dser ich er so epät erraten hebet o alss - ler
1130 2781 3021 2984 weoht wieder einen Lugi plotzlichl Ich din kein
1125 2928 2938 3099 Dipianat, Herr dokter. Lein ich aufrichtig mit.
1130 3048 1734 3231 Innen sprechent
