<?xml version="1.0" encoding="UTF-8" standalone="yes"?>
<PcGts xmlns="http://schema.primaresearch.org/PAGE/gts/pagecontent/2013-07-15" xmlns:xsi="http://www.w3.org/2001/XMLSchema-instance" xsi:schemaLocation="http://schema.primaresearch.org/PAGE/gts/pagecontent/2013-07-15 http://schema.primaresearch.org/PAGE/gts/pagecontent/2013-07-15/pagecontent.xsd">
    <Metadata>
        <Creator>prov=READ-COOP:name=PyLaia@TranskribusPlatform:version=2.7.0:model_id=50870:lm=none:date=22_01_2024_14:24</Creator>
        <Created>2023-09-27T14:32:28.393+02:00</Created>
        <LastChange>2024-01-22T14:24:45.126+01:00</LastChange>
        <TranskribusMetadata docId="1589025" pageId="60122282" pageNr="178" tsid="145612180" status="IN_PROGRESS" userId="40391" imgUrl="https://files.transkribus.eu/Get?id=ZLHUIIULKIGBGPPVPTLVLSDJ&amp;fileType=view" xmlUrl="https://files.transkribus.eu/Get?id=XZLDMRTRSGSFIRKLKHVGSTYK" imageId="48547360"/>
    </Metadata>
    <Page imageFilename="1589025_0178.jpg" imageWidth="3144" imageHeight="3624">
        <ReadingOrder>
            <OrderedGroup id="ro_1711796775565" caption="Regions reading order">
                <RegionRefIndexed index="0" regionRef="tr_1"/>
            </OrderedGroup>
        </ReadingOrder>
        <TextRegion orientation="0.0" id="tr_1" custom="readingOrder {index:0;}">
            <Coords points="862,449 862,3232 2826,3232 2826,449"/>
            <TextLine id="tr_1_tl_1" custom="readingOrder {index:0;}">
                <Coords points="2539,511 2573,523 2582,518 2594,523 2602,516 2614,523 2636,516 2645,523 2682,521 2684,402 2667,400 2628,378 2604,388 2594,378 2578,390 2541,397"/>
                <Baseline points="2552,510 2578,512 2605,512 2632,511 2659,509 2686,507"/>
                <TextEquiv>
                    <Unicode>284</Unicode>
                </TextEquiv>
            </TextLine>
            <TextLine id="tr_1_tl_2" custom="readingOrder {index:1;}">
                <Coords points="882,707 1039,688 1151,727 1567,659 1870,722 1960,683 2309,695 2376,649 2592,678 2592,540 2369,591 2098,557 1991,591 1892,550 1735,606 1502,564 882,598"/>
                <Baseline points="895,650 980,653 1065,658 1150,656 1235,652 1320,651 1405,652 1490,653 1575,653 1660,653 1746,653 1831,650 1916,650 2001,648 2086,648 2171,646 2256,647 2341,646 2426,646 2511,641 2597,641"/>
                <TextEquiv>
                    <Unicode>Dr. Braunz Ereteunlicherweise hat man nichte</Unicode>
                </TextEquiv>
            </TextLine>
            <TextLine id="tr_1_tl_3" custom="readingOrder {index:2;}">
                <Coords points="877,838 1013,833 1078,855 1102,838 1112,848 1172,836 1228,853 1226,722 1112,739 996,727 964,739 952,727 875,741"/>
                <Baseline points="889,791 915,793 941,794 968,794 994,794 1020,794 1047,796 1073,797 1100,795 1126,795 1152,797 1179,798 1205,800 1232,803"/>
                <TextEquiv>
                    <Unicode>bemerkt.</Unicode>
                </TextEquiv>
            </TextLine>
            <TextLine id="tr_1_tl_4" custom="readingOrder {index:3;}">
                <Coords points="882,986 2568,962 2568,875 2476,848 1827,887 1560,855 1473,891 1412,845 882,865"/>
                <Baseline points="895,925 978,928 1062,928 1146,931 1230,931 1314,925 1398,928 1482,928 1566,926 1650,928 1734,928 1817,928 1901,928 1985,928 2069,926 2153,925 2237,925 2321,925 2405,925 2489,925 2573,922"/>
                <TextEquiv>
                    <Unicode>Karl Bern: Mer hat denn eigentlich Klavier</Unicode>
                </TextEquiv>
            </TextLine>
            <TextLine id="tr_1_tl_5" custom="readingOrder {index:4;}">
                <Coords points="879,1122 964,1100 996,1119 1047,1107 1078,1122 1117,1102 1165,1107 1199,1085 1260,1097 1260,1000 1214,1010 1143,991 1122,1005 1017,996 998,1010 971,998 930,1022 879,1027"/>
                <Baseline points="892,1068 918,1070 945,1068 971,1068 998,1068 1025,1066 1051,1065 1078,1065 1105,1066 1131,1068 1158,1066 1185,1066 1211,1067 1238,1067 1265,1065"/>
                <TextEquiv>
                    <Unicode>gespielte</Unicode>
                </TextEquiv>
            </TextLine>
            <TextLine id="tr_1_tl_6" custom="readingOrder {index:5;}">
                <Coords points="875,1240 1097,1260 1422,1197 1892,1255 2151,1238 2151,1156 1923,1090 1393,1156 1325,1117 1126,1148 875,1119"/>
                <Baseline points="889,1197 952,1198 1015,1200 1079,1200 1142,1200 1206,1203 1269,1198 1333,1200 1396,1196 1460,1196 1523,1197 1586,1197 1650,1197 1713,1199 1777,1197 1840,1197 1904,1197 1967,1200 2031,1200 2094,1200 2158,1200"/>
                <TextEquiv>
                    <Unicode>Dr. Braun: Der John ale Moritzky.</Unicode>
                </TextEquiv>
            </TextLine>
            <TextLine id="tr_1_tl_7" custom="readingOrder {index:6;}">
                <Coords points="882,1369 1209,1364 1301,1412 1456,1361 1957,1359 2045,1395 2318,1332 2687,1369 2687,1257 2602,1238 2355,1282 2149,1235 2079,1267 1175,1240 1042,1277 882,1240"/>
                <Baseline points="895,1328 984,1331 1074,1331 1164,1331 1254,1334 1344,1331 1434,1328 1523,1331 1613,1328 1703,1331 1793,1328 1883,1334 1973,1331 2063,1331 2152,1328 2242,1331 2332,1331 2422,1328 2512,1331 2602,1331 2692,1328"/>
                <TextEquiv>
                    <Unicode>Dregulein: Die Geleteegegenwart hätte ich ihm</Unicode>
                </TextEquiv>
            </TextLine>
            <TextLine id="tr_1_tl_8" custom="readingOrder {index:7;}">
                <Coords points="879,1492 923,1483 971,1512 1042,1480 1221,1485 1277,1507 1349,1483 1422,1509 1533,1487 1533,1420 1454,1420 1371,1383 1214,1432 1071,1398 981,1422 947,1400 879,1432"/>
                <Baseline points="892,1468 924,1468 956,1469 989,1471 1021,1471 1054,1471 1086,1470 1118,1468 1151,1470 1183,1471 1216,1470 1248,1468 1280,1470 1313,1471 1345,1471 1378,1471 1410,1469 1442,1469 1475,1471 1507,1473 1540,1471"/>
                <TextEquiv>
                    <Unicode>nicht zugetraut.</Unicode>
                </TextEquiv>
            </TextLine>
            <TextLine id="tr_1_tl_9" custom="readingOrder {index:8;}">
                <Coords points="882,1621 2641,1628 2641,1555 2212,1514 2011,1563 1616,1507 1446,1550 882,1538"/>
                <Baseline points="895,1597 982,1600 1070,1600 1157,1600 1245,1600 1333,1601 1420,1599 1508,1598 1595,1595 1683,1600 1771,1599 1858,1603 1946,1602 2033,1600 2121,1600 2209,1601 2296,1603 2384,1604 2471,1604 2559,1603 2647,1603"/>
                <TextEquiv>
                    <Unicode>Dr. Braun: Ee hatt' es seiner Frau nicht ge-</Unicode>
                </TextEquiv>
            </TextLine>
            <TextLine id="tr_1_tl_10" custom="readingOrder {index:9;}">
                <Coords points="1311,1679 2171,1684 2171,1630 2066,1645 2008,1601 1931,1645 1771,1611 1565,1613 1514,1645 1311,1628"/>
                <Baseline points="1325,1677 1367,1677 1410,1677 1452,1674 1495,1674 1537,1672 1580,1667 1622,1663 1665,1666 1707,1668 1750,1668 1793,1668 1835,1669 1878,1672 1920,1675 1963,1676 2005,1674 2048,1674 2090,1674 2133,1674 2176,1674"/>
                <TextEquiv>
                    <Unicode>de Prrolelt mit ein Sarel</Unicode>
                </TextEquiv>
            </TextLine>
            <TextLine id="tr_1_tl_11" custom="readingOrder {index:10;}">
                <Coords points="882,1764 2798,1778 2798,1684 2570,1664 2188,1713 882,1674"/>
                <Baseline points="895,1737 990,1734 1085,1734 1181,1732 1276,1733 1372,1731 1467,1734 1562,1734 1658,1734 1753,1734 1849,1737 1944,1734 2039,1737 2135,1738 2230,1740 2326,1740 2421,1743 2516,1743 2612,1743 2707,1744 2803,1746"/>
                <TextEquiv>
                    <Unicode>gonnt.(Noch eine Stunde hätte er weitergespielt.</Unicode>
                </TextEquiv>
            </TextLine>
            <TextLine id="tr_1_tl_12" custom="readingOrder {index:11;}">
                <Coords points="867,1902 1243,1923 1720,1875 1967,1923 2253,1875 2345,1919 2735,1882 2735,1812 1655,1831 1429,1766 1328,1841 867,1759"/>
                <Baseline points="880,1856 973,1865 1066,1862 1159,1866 1252,1868 1345,1866 1438,1868 1531,1868 1624,1869 1717,1870 1810,1871 1903,1871 1996,1871 2089,1874 2182,1874 2275,1874 2368,1875 2461,1877 2554,1879 2647,1880 2740,1874"/>
                <TextEquiv>
                    <Unicode>Karl Hern: Und das Publikum hatte gemeint, das</Unicode>
                </TextEquiv>
            </TextLine>
            <TextLine id="tr_1_tl_13" custom="readingOrder {index:12;}">
                <Coords points="870,2032 1095,2052 1226,2008 1473,2008 1531,2047 1579,2016 1841,2013 1841,1921 1681,1897 1618,1931 1398,1892 1291,1931 1017,1897 870,1928"/>
                <Baseline points="883,2006 931,2003 979,1997 1027,1998 1075,2000 1124,1999 1172,1998 1220,1998 1268,1999 1316,2000 1365,1998 1413,2000 1461,2000 1509,2000 1557,2000 1606,2000 1654,2001 1702,2003 1750,2004 1798,2006 1847,2009"/>
                <TextEquiv>
                    <Unicode>gehört zu meinem Stück.-</Unicode>
                </TextEquiv>
            </TextLine>
            <TextLine id="tr_1_tl_14" custom="readingOrder {index:13;}">
                <Coords points="865,2163 2718,2163 2694,2066 1785,2098 1584,2023 1303,2074 865,2064"/>
                <Baseline points="877,2125 969,2125 1061,2128 1154,2131 1246,2129 1339,2132 1431,2133 1523,2134 1616,2134 1708,2137 1801,2136 1893,2137 1985,2139 2078,2140 2170,2140 2263,2137 2355,2140 2447,2140 2540,2140 2632,2144 2725,2143"/>
                <TextEquiv>
                    <Unicode>Dr. Braun: la jetzt ist ja alles in Ordnung.Ich</Unicode>
                </TextEquiv>
            </TextLine>
            <TextLine id="tr_1_tl_15" custom="readingOrder {index:14;}">
                <Coords points="865,2294 2086,2289 2054,2163 1708,2207 1546,2151 1441,2197 865,2202"/>
                <Baseline points="877,2274 937,2267 998,2265 1059,2265 1120,2268 1180,2268 1241,2268 1302,2268 1363,2271 1423,2268 1484,2268 1545,2271 1606,2271 1666,2273 1727,2274 1788,2271 1849,2271 1909,2271 1970,2274 2031,2276 2092,2283"/>
                <TextEquiv>
                    <Unicode>geh wieder in die Loge hinauf.</Unicode>
                </TextEquiv>
            </TextLine>
            <TextLine id="tr_1_tl_16" custom="readingOrder {index:15;}">
                <Coords points="872,2435 1214,2461 1311,2408 1541,2401 1899,2456 2406,2415 2667,2442 2665,2360 2527,2321 870,2321"/>
                <Baseline points="886,2382 975,2394 1064,2397 1154,2400 1243,2397 1333,2397 1422,2403 1511,2400 1601,2403 1690,2403 1780,2400 1869,2403 1958,2403 2048,2406 2137,2406 2227,2406 2316,2409 2405,2409 2495,2409 2584,2412 2674,2415"/>
                <TextEquiv>
                    <Unicode>tregulein: Wär'e nicht vielleicht beeser,Herr</Unicode>
                </TextEquiv>
            </TextLine>
            <TextLine id="tr_1_tl_17" custom="readingOrder {index:16;}">
                <Coords points="853,2551 1032,2585 1165,2544 1269,2580 1773,2541 2691,2565 2670,2476 2471,2461 2287,2510 2161,2435 1344,2432 1051,2481 853,2452"/>
                <Baseline points="865,2522 956,2525 1048,2525 1139,2528 1231,2531 1323,2531 1414,2531 1506,2532 1598,2534 1689,2534 1781,2534 1873,2535 1964,2536 2056,2539 2148,2540 2239,2540 2331,2539 2423,2541 2514,2543 2606,2540 2698,2537"/>
                <TextEquiv>
                    <Unicode>Doktor, Sie bleiben auf der Bühne, in der Nähe-</Unicode>
                </TextEquiv>
            </TextLine>
            <TextLine id="tr_1_tl_18" custom="readingOrder {index:17;}">
                <Coords points="875,2662 1267,2708 1400,2667 1478,2704 2471,2682 2594,2716 2645,2679 2817,2699 2822,2624 2587,2585 2502,2631 2217,2619 1994,2556 1824,2604 1705,2553 1451,2607 872,2570"/>
                <Baseline points="889,2653 985,2662 1082,2662 1179,2662 1276,2661 1373,2664 1470,2665 1566,2668 1663,2669 1760,2668 1857,2671 1954,2669 2051,2671 2148,2674 2244,2677 2341,2677 2438,2677 2535,2680 2632,2680 2729,2683 2826,2689"/>
                <TextEquiv>
                    <Unicode>4r. Braun: Sie haben recht. Ee ist ja eh bald auf.</Unicode>
                </TextEquiv>
            </TextLine>
            <TextLine id="tr_1_tl_19" custom="readingOrder {index:18;}">
                <Coords points="870,2834 1914,2822 1914,2677 1681,2742 870,2730"/>
                <Baseline points="883,2797 934,2797 986,2794 1038,2794 1090,2794 1142,2796 1193,2794 1245,2794 1297,2797 1349,2798 1401,2798 1452,2797 1504,2800 1556,2803 1608,2803 1660,2802 1711,2800 1763,2800 1815,2800 1867,2803 1919,2809"/>
                <TextEquiv>
                    <Unicode>(zu Karl Bern) Nicht wehre</Unicode>
                </TextEquiv>
            </TextLine>
            <TextLine id="tr_1_tl_20" custom="readingOrder {index:19;}">
                <Coords points="853,2982 1865,2929 1938,2970 2016,2931 2582,2982 2582,2880 2485,2863 853,2861"/>
                <Baseline points="865,2919 951,2922 1037,2922 1123,2925 1209,2926 1295,2923 1381,2925 1467,2926 1553,2928 1639,2927 1725,2926 1811,2928 1897,2928 1983,2928 2069,2931 2155,2931 2241,2935 2327,2936 2413,2937 2499,2938 2585,2940"/>
                <TextEquiv>
                    <Unicode>Dregulein: Den dürfen Sie nicht fragen,Herr</Unicode>
                </TextEquiv>
            </TextLine>
            <TextLine id="tr_1_tl_21" custom="readingOrder {index:20;}">
                <Coords points="848,3115 1172,3074 1306,3110 1550,3057 1778,3103 1989,3072 2251,3103 2251,3009 2151,2987 1805,2997 1451,2934 1146,3014 848,2989"/>
                <Baseline points="862,3053 931,3053 1001,3053 1071,3056 1140,3053 1210,3055 1280,3053 1349,3056 1419,3056 1489,3056 1559,3058 1628,3059 1698,3059 1768,3059 1837,3059 1907,3060 1977,3062 2046,3062 2116,3065 2186,3065 2256,3068"/>
                <TextEquiv>
                    <Unicode>Doktor. Der kennt sein Stück nicht.</Unicode>
                </TextEquiv>
            </TextLine>
            <TextLine id="tr_1_tl_22" custom="readingOrder {index:21;}">
                <Coords points="848,3268 984,3232 1063,3266 1122,3232 1231,3266 1337,3234 1439,3290 1584,3234 1681,3256 1681,3098 1429,3132 1340,3096 1265,3132 1170,3077 848,3115"/>
                <Baseline points="862,3182 903,3185 944,3185 985,3185 1026,3185 1068,3187 1109,3188 1150,3188 1191,3188 1232,3188 1274,3188 1315,3188 1356,3188 1397,3188 1438,3188 1480,3188 1521,3190 1562,3191 1603,3193 1644,3193 1686,3203"/>
                <TextEquiv>
                    <Unicode>Dr. Brann: (rarch abl</Unicode>
                </TextEquiv>
            </TextLine>
            <TextEquiv>
                <Unicode></Unicode>
            </TextEquiv>
        </TextRegion>
    </Page>
</PcGts>
