3096 3480
2585 467 2755 620 212
871 563 2779 730 Zuerst eine Weile nur das Klappern der Nähmaschi
861 723 1424 820 ne vernehmbar.
835 847 2616 983 Mutter: Sehn S' denn noch genug, Fräuln Mili?
1445 944 1698 1026 dan
851 971 2452 1150 Mili: Es ist ja hell vom Schnee. (Pause)
840 1114 2652 1235 Mutter: Halb vier ist'’s schon. Die Probe heut
851 1183 1786 1362 nimmt wieder kein End.
847 1357 2726 1512 4i11: Was erzählt denn des Fräulein Franzif-von
847 1481 1820 1638 dem neuen Stückz d kin
840 1641 2652 1805 Mutter: Ich hab sie nicht gefragt.Kann ihr ja
837 1767 2740 1918 auch egal sein,ob’s durchfallt oder nicht. (legt
828 1908 2707 2027 die Handarbeit fert.zu Mili,besichtigt ihre Ar-
818 2030 2507 2175 beit) Tragt man jetzt noch solche Volants?
820 2173 2032 2309 Mili: Sind wieder ganz modern.
813 2294 2628 2461 Mutter: Für so eine Schmarrnrolle gleich zwei
813 2442 1152 2561 Kleider.
797 2519 2650 2728 Mil1: Das erste ist nur ein bisl hergerichtet,
804 2688 1786 2836 wird nicht teuer kommen.
799 2805 2714 2965 Mutter: (zum Ofen hin,setzt einen Augenblick die
792 2979 2678 3124 Casserole abl Jeden Tag muss ich das Essen auf-
