3208 3576
2543 497 2668 585 97
1084 592 2706 739 sefort noch einmal an. Ich -lasse Frau
1080 693 2844 872 oreda zum Telefon bitten und zwar unverzüg-
1093 865 1301 985 lich.
1084 974 2753 1141 Dogelmann: (immer in der Rolle lesend) "Das
1077 1125 2891 1269 Junggerellenleben hat doch immer etwas Meschi-
1062 1256 1238 1360 nes.
1053 1364 2751 1509 Karl Bern: (korrigierend) enktn Ueschines.
1053 1470 2835 1649 Dogelmann: UeeEhinee. Ich möchte mir nur hof-
1059 1604 1859 1699 Herr Baron werden mi.
1053 1633 2805 1814 Lchet zu bemerken erlaubenganst KölhHenech
1039 1780 2796 1922 das Wort meschin verstehen dürfte. Sagen wir
1021 1897 1873 2053 doch einfach misogin.
1023 2053 2787 2225 Karl Bern: Das ist leider nicht ganz dassel-
1016 2173 2776 2351 be - Wenn Ipnen das. Wort meskin Mühe macht-
1012 2284 2747 2498 Egelmann: Ich nein. Ich kann an Ende auch
996 2426 2028 2577 mexkin eegen - freilich-
1001 2566 1809 2706 Baron: Bitte weiter.
994 2699 2787 2873 Degelmann: (wieder in der Rolle lecend) "Diege
989 2819 2787 3022 erigen Liebschaften leseen einen doch niemels
971 2966 2442 3185 zum richtigen Lebencernet gelangen.!
