3112 3528
2570 365 2721 457 234
1075 443 2843 572 eventuellen Miesfallen auf die übliche Heiee
1077 576 2811 737 Anedruck zu geben. Nicht unmöglich, dass ich.
1059 680 2836 879 mich - allerdinge lautioe - daran beteiligen
1068 852 1336 964 werde.
1059 939 2795 1137 Fricke: (anie fert) Marum laesen Sie ee dann
1068 1123 1474 1251 aufführen?
1045 1206 2843 1405 Kari Bein: Ee bleibt ihmer ein intereeeantes
1049 1359 2896 1525 Erlebnie sein eigener Stück zu sehen, auch wenn
1047 1476 2753 1665 man länget nichte mehr davon wieren möchte.
1042 1644 2799 1793 Helene: Herr Karl Bern ist ziemlich unnach-
1042 1766 2645 1943 sichtig gegenüber seinen eigenen Herken.
1042 1901 2730 2062 Fricke: Ob diese Strenge nicht vielleicht.
1020 2039 2785 2200 Sie entschuldigen,Herr Bern - eine besondere
1020 2172 2508 2305 raffinierte Art von Hochmut bedeutet?
1458 2255 1784 2354 tratenten
2361 2262 2799 2418 vielleicht,
1015 2287 2744 2471 Karl Dern:/ Jugend an und für eich Etkohen
1010 2439 1366 2579 Lechnut.
1006 2542 2730 2751 delens: Ihre Aphoriemen eind wie gewöhnlich
1010 2707 1704 2854 etwas fragwürdig.
1006 2817 2790 3003 Karl, Bern: Der ist Ihre einzige Lebensberich-
1003 2941 1268 3109 tigans
1502 2964 2446 3130 srest wer muahlein
2478 2997 2652 3130 hat
