3128 3624
400 873 601 1011 Net.
2500 488 2643 648 285
761 641 2565 856 Kari Bern: War jedenfalle seltean dieeer Zwi-
758 853 1214 948 schenfall.
778 921 2380 1089 Ireguleln: Vielleicht nicht gar. so sehr.
781 1064 1211 1154 Fr. Wentzler
813 1069 1962 1201 Der Fortter tritt wieder einl
1924 1166 2105 1241 efer.
801 1189 1239 1286 Fr. Wentzler
778 1166 2715 1359 tertler: Da ist gnad ein Ertef(für das Fraulein
788 1304 2748 1512 Friesel abgegeben worden. Mein Mann hat mir ihn
783 1496 1837 1597 in die Garderobe gebracht.
791 1574 2733 1784 Dregulein: Warum haben sie ihn nicht lieber, oben
793 1687 2680 1912 gelassenDie Friesel hat ja bie zum Schluse auf
798 1892 1486 2025 der Bühne zu tun.
791 1984 2422 2172 Fr. Wentzler: (mill abgehen mit dem Briefl
826 2117 2708 2297 Carl Bern: Vielleicht könnte man den Krief noch
806 2250 1897 2425 auf die Bühne (xpedieren
801 2367 2793 2588 Pregulein: Jetzt - während sie spielt? Was so ein
1226 2505 1489 2605 prizi nell
806 2505 2790 2738 Autor für (Ideen hat, wenn er nicht grad dichtetl-
798 2655 2808 2828 Karl Bern, (nimmt Fr. Wentzler den Brief ab) Das ist
821 2818 1486 2953 ja die Schrift-
821 2920 2387 3086 Pregulein: Lassen Sie den Brief nur da.
828 3051 1491 3231 Fr. kentzler labl
