3240 3560
905 599 2761 740 Karl Bern: Ich bin kein Heikter-und die Haupt-
910 747 1905 903 rolle spielt, Frau Roveda!
898 858 1311 1019 Autre: onl
886 990 1625 1173 Karl Bern:(Blickl
893 1118 2741 1306 Erasel: befährlich, die Roredafhie pflegt schon
1934 1244 2412 1331 si rict su vetere
891 1272 2882 1460 zun Frühstuck einen Nator zu verzehren, wenlgetene.
878 1378 1573 1591 wenn er sung iet.
876 1620 2857 1801 Fran Velth mit ihrer Tochter Kathilde vom meiten
873 1806 2644 1979 Zimüer in den Salon- Siden tritt auf sie eu.
868 1915 2800 2103 sidont Sie wolien doch noch nicht geben, meine De-
858 2053 1054 2184 men?
856 2165 2409 2338 Fr.Veith: Wir eind beinahe die Letzten.
863 2306 2674 2503 luothilde iet weitergegangen, Frau Veith bleibt
841 2447 1173 2597 stehenl
871 2585 2766 2746 idon: Noch lange nicht. Sie sehen, meine Tochter
831 2669 2743 2904 tenst nochseie ist doch die Frautlmenuz
829 2813 2165 2998 tein sie em Vorsedeige draue
829 2954 2778 3124 Tr.felth: Dieee Stepe und Stope, die wurde ichntr
1806 3053 1996 3147 Tochte
819 3082 2538 3280 bet der Rochzeit meiner Heckreft verbieten.
