3112 3576
2366 409 2528 535 293
822 542 2760 728 Soll das Eift schon länzere Zeit bei sich getra-
847 726 1255 842 gen haben.
851 815 1795 941 Dregulein: Armes Mädel.
866 943 2769 1067 (Bewegung auf dem Ganr, die darauf hindeutet, dasse
851 1074 2061 1209 die Bahre herbeigetragen wird)
861 1195 2789 1321 Gregor: (schlägt plötzlich der Länge nach auf den
873 1367 1282 1509 zoden hinl.
863 1417 2707 1628 Vregulein: Gregor - aber! Das macht man ja nur
871 1616 1802 1727 mehr auf dem Thester!
873 1686 2753 1872 (Entsprechende Bewegung im Konversationszimmer.
859 1846 2760 1983 lan gruppiert sich,als wenn man die Bahre for-
880 1976 2714 2162 betlassen wollte. Das Sofa istzun Empfang be-
883 2145 1088 2286 reit1
888 2233 2774 2421 Komnissàr: Der Leichnam ist selbstverständlich
897 2392 1483 2532 beschlagnahmt.
890 2426 2842 2690 Fregulein: Der Leiohnam. Vor fünf Minuten war sie
893 2617 2733 2791 noch das Fräulein Franzieka Friesel,Sohauspie-
897 2791 1913 2919 lerin am Residenztheater.
909 2893 2148 2999 (Die Bahre wird hereingetragen)
905 2982 2542 3173 Dreguleln: Folchnan - g'sohnind gedt das.
