3224 3640
888 659 1876 814 reck und Stock abnimmt..
897 802 2397 961 Loblein: 8ie haben drauesen abgelegt.
888 959 2813 1077 Dogelmann: Pardon. ex war soprrangiert, dass iich
880 1094 2663 1224 dem Diener meinen Winterrock übergebe-meinen
873 1207 1242 1345 Stock--
900 1352 2697 1512 regulein: lereche int plötzlich an der rechten
873 1480 1972 1608 Türe, grüest privat) Stimmt.
863 1598 2786 1753 Dygelmann: Ki. Herr Dregulein...ist es denn mög-
861 1736 2788 1871 lich? eibt es denn drei Diener in diesem Haue?
846 1871 2592 2001 Herr Dregulein als ereter Diener, fabelhaftl
851 1999 2825 2159 Dregulein: In einem Haus, wo uxxxxk du verkehret,
853 2134 2419 2289 Degelmann, sptele Ich auch den wwElften.
851 2269 2712 2434 Löblein: Wir brauchen überhaupt keinen Diendr.
848 2392 2675 2545 e gibt doch ein ge ganz falsches Bild.
846 2501 2542 2695 Feder ist ja kein Ui-lliontr. Hen zu.
834 2655 2771 2825 Karl Bern: Ich weier nicht,ich habe das Bankkon-
836 2791 2083 2941 to meines Helden nicht gesehen.
809 2919 2761 3096 Loblein: (ungeduldig, zu Dggelmann) Der Diener hat
853 3054 2646 3258 ie schon früher gemeldet. Indessen haben sie
