<?xml version="1.0" encoding="UTF-8" standalone="yes"?>
<PcGts xmlns="http://schema.primaresearch.org/PAGE/gts/pagecontent/2013-07-15" xmlns:xsi="http://www.w3.org/2001/XMLSchema-instance" xsi:schemaLocation="http://schema.primaresearch.org/PAGE/gts/pagecontent/2013-07-15 http://schema.primaresearch.org/PAGE/gts/pagecontent/2013-07-15/pagecontent.xsd">
    <Metadata>
        <Creator>prov=READ-COOP:name=PyLaia@TranskribusPlatform:version=2.7.0:model_id=50870:lm=none:date=22_01_2024_14:24</Creator>
        <Created>2023-09-27T14:32:18.415+02:00</Created>
        <LastChange>2024-01-22T14:24:27.889+01:00</LastChange>
        <TranskribusMetadata docId="1589025" pageId="60121812" pageNr="75" tsid="145612075" status="IN_PROGRESS" userId="40391" imgUrl="https://files.transkribus.eu/Get?id=RBCYAQCXHKMCNNVFXYIXIQMS&amp;fileType=view" xmlUrl="https://files.transkribus.eu/Get?id=PMUNYPIZMWDXCSGEEIFCRQXQ" imageId="48546891"/>
    </Metadata>
    <Page imageFilename="1589025_0075.jpg" imageWidth="3093" imageHeight="3576">
        <ReadingOrder>
            <OrderedGroup id="ro_1711796631348" caption="Regions reading order">
                <RegionRefIndexed index="0" regionRef="tr_1"/>
            </OrderedGroup>
        </ReadingOrder>
        <TextRegion orientation="0.0" id="tr_1" custom="readingOrder {index:0;}">
            <Coords points="692,363 692,3291 2943,3291 2943,363"/>
            <TextLine id="tr_1_tl_1" custom="readingOrder {index:0;}">
                <Coords points="964,434 1411,410 1677,471 2295,434 2732,498 2769,490 2766,397 2471,367 2306,269 2119,333 1893,242 1504,391 958,288"/>
                <Baseline points="976,397 1066,399 1156,405 1246,405 1336,411 1426,417 1516,420 1606,423 1696,429 1786,432 1876,435 1966,438 2056,441 2146,444 2236,441 2326,441 2416,451 2506,454 2596,463 2686,469 2776,477"/>
                <TextEquiv>
                    <Unicode>Im Staete wehebe solle . Iu ertlünklar</Unicode>
                </TextEquiv>
            </TextLine>
            <TextLine id="tr_1_tl_2" custom="readingOrder {index:1;}">
                <Coords points="863,493 990,479 1070,532 1172,487 1286,525 1688,517 2061,583 2391,567 2561,655 2631,642 2620,471 2396,517 2181,445 1968,493 1049,407 860,447"/>
                <Baseline points="877,468 964,465 1052,474 1140,485 1228,494 1316,492 1404,500 1491,508 1579,515 1667,519 1755,523 1843,528 1931,532 2019,533 2106,538 2194,545 2282,553 2370,559 2458,565 2546,578 2634,586"/>
                <TextEquiv>
                    <Unicode>utrgen. diecollde Particnsfagiert</Unicode>
                </TextEquiv>
            </TextLine>
            <TextLine id="tr_1_tl_3" custom="readingOrder {index:2;}">
                <Coords points="919,562 2034,679 2157,636 2314,676 2380,663 2378,618 1893,551 1816,583 1688,517 1342,548 1185,493 1081,527 980,479 916,501"/>
                <Baseline points="934,549 1006,551 1079,558 1151,563 1224,573 1297,583 1369,593 1442,597 1515,599 1587,601 1660,605 1733,610 1805,615 1878,617 1951,622 2023,624 2096,629 2169,633 2241,645 2314,649 2387,647"/>
                <TextEquiv>
                    <Unicode>heg. d.ginmebih u. Velahe: slch</Unicode>
                </TextEquiv>
            </TextLine>
            <TextLine id="tr_1_tl_4" custom="readingOrder {index:3;}">
                <Coords points="682,738 711,748 746,732 761,748 812,727 844,738 868,719 895,722 897,618 881,618 857,588 849,596 796,564 764,564 740,580 690,567"/>
                <Baseline points="698,695 723,689 748,687 774,686 799,684 824,683 850,683 875,683 901,683"/>
                <TextEquiv>
                    <Unicode>Sat.</Unicode>
                </TextEquiv>
            </TextLine>
            <TextLine id="tr_1_tl_5" custom="readingOrder {index:4;}">
                <Coords points="980,748 1342,719 1499,775 1560,738 1763,780 1842,748 1944,799 2111,748 2167,791 2300,761 2348,796 2788,785 2939,825 2934,732 2665,663 2362,690 2218,647 2149,692 1952,655 1795,690 974,618"/>
                <Baseline points="991,707 1088,707 1186,711 1283,716 1381,719 1479,722 1576,725 1674,732 1771,735 1869,740 1967,740 2064,746 2162,749 2259,755 2357,756 2455,758 2552,764 2650,767 2747,773 2845,777 2943,779"/>
                <TextEquiv>
                    <Unicode>nun wird sie wahl nicht sehr seine Geliebte sein.</Unicode>
                </TextEquiv>
            </TextLine>
            <TextLine id="tr_1_tl_6" custom="readingOrder {index:5;}">
                <Coords points="671,852 692,855 722,833 732,839 743,841 748,836 759,841 780,828 796,831 804,783 791,783 777,775 769,780 761,777 727,740 700,759 684,753"/>
                <Baseline points="692,814 721,814 750,808 779,804 808,802"/>
                <TextEquiv>
                    <Unicode>1r.</Unicode>
                </TextEquiv>
            </TextLine>
            <TextLine id="tr_1_tl_7" custom="readingOrder {index:6;}">
                <Coords points="977,873 1233,916 1590,865 1755,905 1834,873 2162,921 2785,913 2780,804 2639,841 2524,788 2335,844 2226,799 1904,817 1736,756 1688,801 1539,812 974,748"/>
                <Baseline points="993,832 1082,835 1172,838 1262,844 1352,847 1442,853 1532,850 1621,859 1711,859 1801,865 1891,868 1981,871 2071,874 2161,877 2250,883 2340,889 2430,889 2520,895 2610,898 2700,898 2790,901"/>
                <TextEquiv>
                    <Unicode>Karl Bern: Dch kann mgl plcht wissen. Kauxhnt.</Unicode>
                </TextEquiv>
            </TextLine>
            <TextLine id="tr_1_tl_8" custom="readingOrder {index:7;}">
                <Coords points="980,1028 1177,993 1491,1009 1568,1052 1997,1017 2058,1065 2351,1030 2388,1065 2692,1038 2820,1073 2844,945 2543,980 2042,892 1968,937 1818,892 1544,927 974,900"/>
                <Baseline points="991,964 1084,970 1177,970 1270,977 1364,980 1457,983 1550,988 1643,992 1737,995 1830,998 1923,1001 2016,1005 2110,1011 2203,1017 2296,1017 2389,1021 2483,1023 2576,1025 2669,1030 2762,1034 2856,1032"/>
                <TextEquiv>
                    <Unicode>xngaansdxtkratur</Unicode>
                </TextEquiv>
            </TextLine>
            <TextLine id="tr_1_tl_9" custom="readingOrder {index:8;}">
                <Coords points="785,1164 953,1132 1715,1198 2921,1182 2918,1113 2796,1089 2644,1108 2447,1062 2239,1105 1928,1030 974,1046 780,1009"/>
                <Baseline points="799,1113 905,1105 1011,1098 1118,1095 1224,1101 1331,1110 1437,1113 1544,1120 1650,1125 1757,1128 1863,1130 1969,1137 2076,1142 2182,1146 2289,1149 2395,1154 2502,1161 2608,1165 2715,1169 2821,1170 2928,1170"/>
                <TextEquiv>
                    <Unicode>Rutt Die Schächspiel geht weiter) Man täte vielleicht</Unicode>
                </TextEquiv>
            </TextLine>
            <TextLine id="tr_1_tl_10" custom="readingOrder {index:9;}">
                <Coords points="966,1249 1094,1270 1161,1249 1608,1265 1605,1174 1526,1156 1422,1187 1321,1148 964,1158"/>
                <Baseline points="982,1223 1013,1225 1044,1227 1076,1229 1107,1229 1139,1231 1170,1233 1202,1235 1233,1235 1265,1236 1296,1238 1327,1236 1359,1238 1390,1241 1422,1244 1453,1246 1485,1247 1516,1247 1548,1245 1579,1243 1611,1241"/>
                <TextEquiv>
                    <Unicode>ein gutes Herk-</Unicode>
                </TextEquiv>
            </TextLine>
            <TextLine id="tr_1_tl_11" custom="readingOrder {index:10;}">
                <Coords points="977,1416 1291,1427 1369,1408 1494,1435 1547,1398 1574,1408 1571,1313 1520,1297 1488,1313 1392,1275 1318,1315 1169,1267 1078,1289 972,1275"/>
                <Baseline points="988,1358 1017,1358 1046,1358 1076,1358 1105,1360 1135,1360 1164,1358 1193,1362 1223,1364 1252,1364 1282,1364 1311,1365 1340,1367 1370,1369 1399,1370 1429,1370 1458,1373 1487,1376 1517,1376 1546,1377 1576,1376"/>
                <TextEquiv>
                    <Unicode>Gschardi Riesor</Unicode>
                </TextEquiv>
            </TextLine>
            <TextLine id="tr_1_tl_12" custom="readingOrder {index:11;}">
                <Coords points="953,1496 1739,1566 2063,1539 2351,1608 2378,1480 2058,1432 1864,1454 1789,1406 1605,1435 1544,1398 1379,1459 1246,1411 948,1414"/>
                <Baseline points="967,1486 1038,1485 1109,1489 1180,1491 1251,1495 1322,1498 1393,1500 1464,1505 1535,1509 1606,1509 1677,1513 1748,1518 1819,1522 1890,1522 1961,1528 2032,1531 2103,1534 2174,1537 2245,1542 2316,1544 2387,1543"/>
                <TextEquiv>
                    <Unicode>Karl Dern: Sie verlieren den Bauer.</Unicode>
                </TextEquiv>
            </TextLine>
            <TextLine id="tr_1_tl_13" custom="readingOrder {index:12;}">
                <Coords points="943,1656 1076,1677 1142,1661 1214,1693 1270,1667 1353,1701 1427,1640 1558,1685 1547,1534 1424,1576 1158,1542 935,1552"/>
                <Baseline points="955,1605 985,1607 1015,1610 1045,1614 1076,1616 1106,1618 1136,1620 1167,1620 1197,1621 1227,1623 1258,1623 1288,1624 1318,1626 1348,1628 1379,1630 1409,1632 1439,1634 1470,1637 1500,1639 1530,1641 1561,1638"/>
                <TextEquiv>
                    <Unicode>Richard: Ditte.</Unicode>
                </TextEquiv>
            </TextLine>
            <TextLine id="tr_1_tl_14" custom="readingOrder {index:13;}">
                <Coords points="937,1789 1110,1824 1206,1784 1600,1829 2069,1813 2063,1720 2000,1709 932,1667"/>
                <Baseline points="949,1737 1005,1742 1061,1748 1117,1749 1173,1752 1229,1756 1285,1758 1341,1760 1397,1761 1453,1764 1510,1766 1566,1767 1622,1770 1678,1774 1734,1778 1790,1779 1846,1782 1902,1783 1958,1787 2014,1790 2071,1793"/>
                <TextEquiv>
                    <Unicode>Karl Bern:Mnimmt den Bauer)</Unicode>
                </TextEquiv>
            </TextLine>
            <TextLine id="tr_1_tl_15" custom="readingOrder {index:14;}">
                <Coords points="932,1925 1518,1898 1741,1957 1920,1914 2138,1952 2130,1810 1787,1850 1539,1797 1488,1829 927,1795"/>
                <Baseline points="943,1871 1003,1872 1063,1876 1123,1880 1183,1881 1243,1881 1303,1886 1363,1890 1423,1894 1483,1898 1543,1899 1603,1903 1663,1907 1723,1905 1783,1909 1843,1910 1903,1913 1963,1915 2023,1916 2083,1919 2143,1925"/>
                <TextEquiv>
                    <Unicode>Richerd: Wieso ein gutes Werke</Unicode>
                </TextEquiv>
            </TextLine>
            <TextLine id="tr_1_tl_16" custom="readingOrder {index:15;}">
                <Coords points="921,2010 1496,2037 1627,2085 1885,2047 2101,2109 2324,2066 2431,2109 2841,2098 2838,2005 2580,1930 2138,1981 1965,1936 919,1922"/>
                <Baseline points="937,1999 1032,2002 1128,2006 1223,2014 1319,2017 1414,2021 1510,2028 1605,2029 1701,2035 1796,2036 1892,2042 1987,2048 2083,2052 2178,2058 2274,2062 2369,2065 2465,2069 2560,2074 2656,2077 2751,2082 2847,2086"/>
                <TextEquiv>
                    <Unicode>Kerl Bern: Eine neue Rolle in einem neuen Stück-</Unicode>
                </TextEquiv>
            </TextLine>
            <TextLine id="tr_1_tl_17" custom="readingOrder {index:16;}">
                <Coords points="919,2151 1797,2218 1861,2186 2037,2244 2226,2197 2838,2226 2833,2157 2457,2157 2306,2103 2218,2135 1965,2066 1850,2114 1741,2061 1507,2050 1273,2114 1145,2061 913,2061"/>
                <Baseline points="931,2128 1026,2134 1122,2143 1217,2147 1313,2149 1408,2154 1504,2160 1599,2164 1695,2167 1790,2173 1886,2177 1981,2180 2077,2184 2172,2189 2268,2196 2363,2199 2459,2208 2554,2209 2650,2212 2745,2212 2841,2211"/>
                <TextEquiv>
                    <Unicode>das kann allerlet bedenten für eine Junge Kunst-</Unicode>
                </TextEquiv>
            </TextLine>
            <TextLine id="tr_1_tl_18" custom="readingOrder {index:17;}">
                <Coords points="911,2300 1717,2306 1805,2354 2093,2316 2300,2378 2532,2354 2628,2415 2750,2391 2748,2295 1502,2165 1416,2213 1286,2175 905,2186"/>
                <Baseline points="922,2262 1013,2265 1105,2271 1197,2272 1289,2281 1381,2284 1472,2291 1564,2295 1656,2300 1748,2305 1840,2310 1931,2312 2023,2315 2115,2318 2207,2324 2299,2330 2390,2334 2482,2340 2574,2343 2666,2346 2758,2355"/>
                <TextEquiv>
                    <Unicode>lerin: Aufetieg, Erfolg, höhere Gege, einen neuen</Unicode>
                </TextEquiv>
            </TextLine>
            <TextLine id="tr_1_tl_19" custom="readingOrder {index:18;}">
                <Coords points="908,2420 1094,2450 1161,2452 1209,2426 1440,2439 1438,2327 1318,2354 1262,2316 1203,2332 1036,2292 908,2332"/>
                <Baseline points="922,2390 948,2392 974,2393 1000,2395 1026,2398 1052,2401 1078,2402 1104,2402 1130,2402 1156,2403 1183,2404 1209,2405 1235,2405 1261,2405 1287,2405 1313,2405 1339,2405 1365,2405 1391,2405 1417,2405 1444,2402"/>
                <TextEquiv>
                    <Unicode>Lgebhaber --</Unicode>
                </TextEquiv>
            </TextLine>
            <TextLine id="tr_1_tl_20" custom="readingOrder {index:19;}">
                <Coords points="905,2559 2721,2633 2716,2500 2545,2556 2348,2505 2226,2551 2016,2463 900,2444"/>
                <Baseline points="916,2522 1006,2528 1097,2534 1187,2537 1278,2543 1369,2546 1459,2549 1550,2552 1640,2561 1731,2565 1822,2570 1912,2574 2003,2579 2093,2584 2184,2588 2275,2591 2365,2593 2456,2597 2546,2600 2637,2606 2728,2617"/>
                <TextEquiv>
                    <Unicode>Richand: Den wird eie hoffentlich schon haben.</Unicode>
                </TextEquiv>
            </TextLine>
            <TextLine id="tr_1_tl_21" custom="readingOrder {index:20;}">
                <Coords points="2383,2673 2426,2668 2447,2678 2473,2665 2484,2673 2516,2665 2559,2681 2580,2670 2607,2681 2686,2676 2684,2628 2665,2623 2623,2636 2572,2612 2540,2620 2473,2601 2439,2609 2380,2601"/>
                <Baseline points="2396,2662 2422,2660 2449,2660 2476,2661 2503,2662 2530,2662 2557,2662 2584,2663 2611,2664 2638,2666 2665,2668 2692,2671"/>
                <TextEquiv>
                    <Unicode>N.an</Unicode>
                </TextEquiv>
            </TextLine>
            <TextLine id="tr_1_tl_22" custom="readingOrder {index:21;}">
                <Coords points="868,2694 1230,2718 1305,2673 1571,2745 1731,2694 1864,2756 2173,2729 2718,2790 2841,2777 2833,2620 2750,2607 2662,2681 2559,2681 1917,2583 1715,2623 1486,2609 1398,2556 1222,2599 860,2559"/>
                <Baseline points="880,2653 978,2654 1076,2659 1174,2664 1272,2671 1371,2677 1469,2683 1567,2689 1665,2692 1763,2696 1862,2701 1960,2704 2058,2711 2156,2716 2254,2724 2353,2728 2451,2734 2549,2738 2647,2741 2745,2745 2844,2749"/>
                <TextEquiv>
                    <Unicode>Berl verr. Hertstcht nicht den Rchttfeh. Preger</Unicode>
                </TextEquiv>
            </TextLine>
            <TextLine id="tr_1_tl_23" custom="readingOrder {index:22;}">
                <Coords points="887,2828 1443,2822 1765,2891 1989,2857 2868,2926 2860,2782 2820,2774 2439,2780 2173,2732 1861,2758 1733,2700 1478,2758 1294,2694 881,2716"/>
                <Baseline points="898,2796 996,2803 1095,2806 1193,2812 1292,2813 1391,2820 1489,2824 1588,2830 1687,2835 1785,2838 1884,2844 1983,2848 2081,2854 2180,2858 2279,2867 2377,2874 2476,2880 2575,2881 2673,2888 2772,2892 2871,2889"/>
                <TextEquiv>
                    <Unicode>nere ger nicht übel. Ren hat noch keine stasteten-</Unicode>
                </TextEquiv>
            </TextLine>
            <TextLine id="tr_1_tl_24" custom="readingOrder {index:23;}">
                <Coords points="855,2931 964,2955 1065,2907 1310,2966 1416,2939 1496,2993 1605,2945 1699,2985 1909,2958 2396,3022 2450,2982 2830,3009 2825,2910 2588,2886 2505,2929 1946,2857 1669,2894 1440,2822 1089,2857 849,2822"/>
                <Baseline points="868,2898 966,2905 1064,2906 1163,2915 1261,2921 1359,2922 1458,2929 1556,2935 1654,2942 1753,2945 1851,2952 1949,2955 2048,2959 2146,2966 2244,2970 2343,2976 2441,2981 2539,2990 2638,2995 2736,2999 2835,2999"/>
                <TextEquiv>
                    <Unicode>deu. das nef dann möglscherweiee aich wieder von</Unicode>
                </TextEquiv>
            </TextLine>
            <TextLine id="tr_1_tl_25" custom="readingOrder {index:24;}">
                <Coords points="1925,3062 2508,3070 2636,3126 2764,3081 2758,3025 2702,3001 2532,3017 2436,2982 2383,3030 2316,2993 2138,3003 2093,2966 2024,2993 1920,2974"/>
                <Baseline points="1937,3038 1978,3038 2019,3041 2061,3041 2102,3043 2143,3046 2185,3049 2226,3051 2267,3053 2309,3054 2350,3056 2391,3056 2433,3056 2474,3059 2515,3064 2557,3070 2598,3071 2639,3075 2681,3079 2722,3080 2764,3077"/>
                <TextEquiv>
                    <Unicode>etrnet Kalser</Unicode>
                </TextEquiv>
            </TextLine>
            <TextLine id="tr_1_tl_26" custom="readingOrder {index:25;}">
                <Coords points="849,3073 1030,3096 1153,3057 1512,3139 1779,3091 2181,3144 2173,3057 2130,3043 1882,3081 1691,2993 1353,3011 1187,2931 1044,2979 841,2929"/>
                <Baseline points="862,3023 928,3029 994,3033 1060,3038 1126,3042 1192,3047 1258,3050 1325,3050 1391,3059 1457,3061 1523,3063 1589,3067 1655,3071 1721,3075 1788,3076 1854,3094 1920,3101 1986,3106 2052,3113 2118,3122 2185,3125"/>
                <TextEquiv>
                    <Unicode>vorteil für frern Stack. Zer Aue</Unicode>
                </TextEquiv>
            </TextLine>
            <TextLine id="tr_1_tl_27" custom="readingOrder {index:26;}">
                <Coords points="844,3240 1081,3251 1206,3323 1283,3299 1342,3328 1627,3235 1805,3264 1805,3073 1675,3134 1478,3136 1411,3104 1291,3123 1214,3073 1100,3115 833,3067"/>
                <Baseline points="853,3167 901,3161 949,3167 997,3171 1045,3175 1093,3174 1141,3176 1189,3178 1237,3183 1285,3186 1333,3185 1381,3186 1429,3192 1477,3196 1525,3196 1573,3199 1621,3203 1669,3209 1717,3211 1765,3211 1814,3208"/>
                <TextEquiv>
                    <Unicode>Monere, Hef em Hen</Unicode>
                </TextEquiv>
            </TextLine>
            <TextLine id="tr_1_tl_28" custom="readingOrder {index:27;}">
                <Coords points="1861,3315 1994,3333 2111,3256 2239,3302 2348,3259 2580,3336 2567,3155 2468,3184 2178,3139 2130,3166 2026,3134 1850,3158"/>
                <Baseline points="1868,3214 1903,3219 1939,3222 1975,3224 2010,3227 2046,3229 2082,3231 2117,3235 2153,3239 2189,3241 2225,3241 2260,3246 2296,3249 2332,3251 2367,3253 2403,3253 2439,3258 2474,3259 2510,3260 2546,3262 2582,3265"/>
                <TextEquiv>
                    <Unicode>Hentern Frievet</Unicode>
                </TextEquiv>
            </TextLine>
            <TextEquiv>
                <Unicode></Unicode>
            </TextEquiv>
        </TextRegion>
    </Page>
</PcGts>
