3208 3560
2639 513 2761 652 18
1033 570 1855 765 ver mürdig erwelzen.
1036 716 2782 909 Antolnette:llacht) Sie sprochen wie ein Luck
1036 861 2860 1078 aus den vorigen Jahrhundert. Ich will Sie nas
1014 984 2340 1177 tragen. Rioherd.-Iet aller vorbel?
1007 1109 1473 1292 Richerai -7
1850 1179 2973 1351 frahte. (nor meine Pel¬
1014 1266 2213 1436 antoinette: - war verlair ner?
1003 1393 2326 1565 Richerd: Wie konnen ie enelfelnt
996 1528 2855 1714 Anteinette: Ich, ich denke nicht an die Frau Ei-
979 1641 1290 1786 verhof.
991 1777 2690 1989 Tr.Eiderhofiliet im öeenrach mit Gradel und
979 1909 1271 2043 Rattel
956 2022 2789 2236 antotnette: Die nur inner belanglor. Ich denke
814 2109 1007 2234 Ab
977 2151 2398 2351 in trausl. Ist er wirklich zu Ender
960 2285 2817 2528 Moherd: Ee ner zu Bale, noch bevor er sich of-
956 2434 2161 2589 fiztell mit Innen rerlobt hat.
958 2547 2850 2761 Antoinett: Sie hatte für den Nerbet ein Engeger
939 2683 2377 2893 vent dur nach Renburg in besicht.
932 2801 2161 2977 Broherd: Er wer die Rede davon.
913 2930 2516 3159 antornette: Aer eie ist hier geblieben.
916 3058 2631 3262 Rioherd: Fermutlich hat sich die Sache mit!
918 3175 2613 3385 burg verschlagen. Ich weise nithte Neheren.
