3203 3592
2820 334 2968 491 68
1248 489 3034 665 Dogelmann, (an den Schachtiech hin) kommen die
1243 632 3102 776 mit Meietert Und du, vierundzwanzigeter Billard-
1250 773 1589 895 spieler?
1246 907 2136 1018 Dregulein: Wohin denn?
1246 1008 3074 1166 Gregor: Dieser Mietling will noch in ÄtexRexke
1248 1163 2338 1316 AEExX irgend eine Bar.
1191 1267 2778 1403 "Karl Bern: Ich merke mir die Stellung
1248 1403 3060 1582 Riohard: (hat seinen Brief beendet, ine Courert
1255 1551 2644 1694 gesteckt und schreibt die Adresse.1
1241 1668 2298 1793 Karl Bern: kommen Sie mit.
1243 1812 2888 1969 x Richard: Ich gehe nach Hause.
1236 1958 2369 2106 Hogelmann: Nan, meine Herren?
1241 2047 3064 2197 (Dregulein, Dogelmann, John und Gregor verlarzen
1241 2209 3076 2355 altmählich das Kafrsehaue. Kellner bringt auch
1243 2319 2947 2437 fr Hichard und Karl Bern die Ueberkleiden)
1213 2460 3104 2625 Karl Berni(au Richard) Aiso, um in unserem Gespr
1236 2585 2261 2735 von früher fortzufahren-
1224 2719 3034 2881 Richard, Ee let nicht mehr nötig. Meine Ent-
1208 2862 2244 2987 echeidung let getroften.
1224 3029 2341 3182 Karl Bernilgragender Blick)
