<?xml version="1.0" encoding="UTF-8" standalone="yes"?>
<PcGts xmlns="http://schema.primaresearch.org/PAGE/gts/pagecontent/2013-07-15" xmlns:xsi="http://www.w3.org/2001/XMLSchema-instance" xsi:schemaLocation="http://schema.primaresearch.org/PAGE/gts/pagecontent/2013-07-15 http://schema.primaresearch.org/PAGE/gts/pagecontent/2013-07-15/pagecontent.xsd">
    <Metadata>
        <Creator>prov=READ-COOP:name=PyLaia@TranskribusPlatform:version=2.7.0:model_id=50870:lm=none:date=22_01_2024_14:24</Creator>
        <Created>2023-09-27T14:32:16.667+02:00</Created>
        <LastChange>2024-01-22T14:24:24.476+01:00</LastChange>
        <TranskribusMetadata docId="1589025" pageId="60121736" pageNr="57" tsid="145612054" status="IN_PROGRESS" userId="40391" imgUrl="https://files.transkribus.eu/Get?id=ZYMSWYGPVFHNXTDGUFBFWNYB&amp;fileType=view" xmlUrl="https://files.transkribus.eu/Get?id=WWICMZOFQYJEHXCYHVYUIVER" imageId="48546814"/>
    </Metadata>
    <Page imageFilename="1589025_0057.jpg" imageWidth="3112" imageHeight="3592">
        <ReadingOrder>
            <OrderedGroup id="ro_1711796604617" caption="Regions reading order">
                <RegionRefIndexed index="0" regionRef="tr_1"/>
            </OrderedGroup>
        </ReadingOrder>
        <TextRegion orientation="0.0" id="tr_1" custom="readingOrder {index:0;}">
            <Coords points="838,360 838,3119 2920,3119 2920,360"/>
            <TextLine id="tr_1_tl_1" custom="readingOrder {index:0;}">
                <Coords points="2425,433 2456,436 2474,428 2497,431 2507,423 2514,428 2522,423 2532,431 2553,423 2550,316 2491,321 2466,298 2423,303"/>
                <Baseline points="2440,414 2469,412 2499,412 2529,414 2559,414"/>
                <TextEquiv>
                    <Unicode>52</Unicode>
                </TextEquiv>
            </TextLine>
            <TextLine id="tr_1_tl_2" custom="readingOrder {index:1;}">
                <Coords points="820,662 1052,614 1337,642 1480,591 1926,588 1903,504 1078,558 828,502"/>
                <Baseline points="838,620 892,617 947,614 1002,614 1057,613 1111,609 1166,608 1221,605 1276,604 1330,600 1385,597 1440,596 1495,595 1549,590 1604,587 1659,584 1714,584 1768,583 1823,581 1878,581 1933,581"/>
                <TextEquiv>
                    <Unicode>doch scon Eift verechaftt.</Unicode>
                </TextEquiv>
            </TextLine>
            <TextLine id="tr_1_tl_3" custom="readingOrder {index:2;}">
                <Coords points="830,818 1169,795 1271,731 1776,754 1872,711 2502,731 2746,685 2749,609 2660,588 1742,665 1274,634 836,673"/>
                <Baseline points="847,748 942,749 1037,743 1132,740 1228,733 1323,730 1418,727 1514,724 1609,719 1704,714 1800,714 1895,705 1990,704 2085,701 2181,692 2276,690 2371,687 2467,681 2562,677 2657,674 2753,677"/>
                <TextEquiv>
                    <Unicode>Tranztitör einen Jahr. Ich leugne es ja nicht.</Unicode>
                </TextEquiv>
            </TextLine>
            <TextLine id="tr_1_tl_4" custom="readingOrder {index:3;}">
                <Coords points="846,889 1307,909 1513,856 1633,889 1773,846 2196,864 2262,823 2390,869 2716,820 2718,752 848,810"/>
                <Baseline points="859,883 952,876 1045,873 1138,868 1231,865 1325,865 1418,857 1511,856 1604,850 1697,847 1791,844 1884,840 1977,832 2070,831 2163,826 2257,823 2350,822 2443,814 2536,812 2629,808 2723,808"/>
                <TextEquiv>
                    <Unicode>Ich hab das Eift längst nicht mehr. Er. weies er</Unicode>
                </TextEquiv>
            </TextLine>
            <TextLine id="tr_1_tl_5" custom="readingOrder {index:4;}">
                <Coords points="848,1055 1029,1009 1197,1039 2828,935 2800,869 853,950"/>
                <Baseline points="865,1017 963,1010 1061,1007 1159,999 1258,999 1356,993 1454,989 1553,987 1651,979 1749,975 1848,972 1946,967 2044,965 2142,960 2241,957 2339,951 2437,947 2536,945 2634,942 2732,940 2831,924"/>
                <TextEquiv>
                    <Unicode>ganz gut. Wenn er heute von diesem Schwur gespro-</Unicode>
                </TextEquiv>
            </TextLine>
            <TextLine id="tr_1_tl_6" custom="readingOrder {index:5;}">
                <Coords points="2165,1027 2260,1011 2293,1037 2323,1019 2364,1037 2443,999 2507,1022 2596,988 2637,1004 2639,950 2593,971 2532,948 2412,976 2395,958 2344,958 2227,991 2168,981"/>
                <Baseline points="2183,1014 2208,1010 2234,1009 2260,1007 2285,1005 2311,1003 2337,1002 2363,1000 2388,998 2414,997 2440,996 2465,996 2491,994 2517,993 2543,991 2568,989 2594,987 2620,984 2646,981"/>
                <TextEquiv>
                    <Unicode>im gemangel</Unicode>
                </TextEquiv>
            </TextLine>
            <TextLine id="tr_1_tl_7" custom="readingOrder {index:6;}">
                <Coords points="848,1141 1585,1146 2328,1085 2491,1123 2795,1072 2784,1001 2293,1039 2091,988 1623,1065 1297,1037 851,1078"/>
                <Baseline points="862,1139 964,1136 1066,1132 1168,1130 1270,1125 1372,1118 1474,1114 1576,1110 1678,1106 1780,1102 1882,1097 1984,1094 2086,1091 2188,1084 2290,1082 2392,1077 2494,1074 2596,1070 2698,1068 2801,1062"/>
                <TextEquiv>
                    <Unicode>chen hat,so war ee natürlich nicht die Spur einer</Unicode>
                </TextEquiv>
            </TextLine>
            <TextLine id="tr_1_tl_8" custom="readingOrder {index:7;}">
                <Coords points="853,1307 1236,1297 1350,1253 2255,1251 2415,1208 2897,1233 2881,1093 2670,1154 859,1185"/>
                <Baseline points="871,1264 972,1264 1074,1261 1175,1257 1277,1253 1378,1250 1480,1249 1581,1241 1683,1235 1784,1235 1886,1231 1988,1227 2089,1221 2191,1217 2292,1215 2394,1208 2495,1208 2597,1203 2698,1199 2800,1194 2902,1199"/>
                <TextEquiv>
                    <Unicode>wirklichen Sorge um mich. Eitelkeit war ex, Zyniemud.</Unicode>
                </TextEquiv>
            </TextLine>
            <TextLine id="tr_1_tl_9" custom="readingOrder {index:8;}">
                <Coords points="866,1422 1414,1422 1559,1371 1916,1401 2183,1353 2313,1414 2481,1350 2767,1337 2769,1269 2716,1261 1024,1348 871,1292"/>
                <Baseline points="883,1396 977,1393 1072,1390 1166,1390 1261,1386 1355,1383 1450,1380 1544,1373 1639,1370 1733,1369 1828,1366 1923,1360 2017,1360 2112,1357 2206,1350 2301,1347 2395,1343 2490,1340 2584,1337 2679,1333 2774,1330"/>
                <TextEquiv>
                    <Unicode>und eine Lust dir weh zu tun. Dein Glück, unser</Unicode>
                </TextEquiv>
            </TextLine>
            <TextLine id="tr_1_tl_10" custom="readingOrder {index:9;}">
                <Coords points="881,1572 1111,1518 1195,1559 1353,1551 1411,1518 1641,1521 1643,1450 1590,1437 1327,1439 1111,1493 887,1422"/>
                <Baseline points="897,1521 934,1524 971,1521 1009,1521 1046,1519 1084,1517 1121,1515 1159,1515 1196,1515 1234,1517 1271,1516 1308,1514 1346,1512 1383,1512 1421,1509 1458,1507 1496,1506 1533,1505 1571,1503 1608,1503 1646,1506"/>
                <TextEquiv>
                    <Unicode>Gluck zu vergiften.</Unicode>
                </TextEquiv>
            </TextLine>
            <TextLine id="tr_1_tl_11" custom="readingOrder {index:10;}">
                <Coords points="874,1669 1248,1641 1401,1676 1918,1620 2224,1653 2316,1610 2683,1620 2685,1549 2178,1582 2046,1539 1590,1546 1343,1602 876,1577"/>
                <Baseline points="889,1655 983,1652 1078,1652 1173,1646 1267,1643 1362,1642 1457,1636 1551,1632 1646,1627 1741,1622 1835,1619 1930,1616 2025,1612 2119,1613 2214,1610 2309,1603 2403,1596 2498,1596 2593,1593 2688,1584"/>
                <TextEquiv>
                    <Unicode>Richard; "x hat ja keine Ahnunge rin un jur</Unicode>
                </TextEquiv>
            </TextLine>
            <TextLine id="tr_1_tl_12" custom="readingOrder {index:11;}">
                <Coords points="1531,1712 1574,1692 1773,1707 1847,1679 1923,1702 1992,1689 1995,1638 1964,1620 1918,1643 1880,1625 1814,1628 1781,1651 1755,1630 1722,1646 1692,1625 1653,1651 1620,1633 1534,1651"/>
                <Baseline points="1548,1685 1573,1684 1598,1682 1623,1684 1648,1686 1673,1687 1698,1686 1723,1683 1748,1681 1773,1679 1798,1677 1823,1676 1848,1678 1873,1678 1898,1674 1923,1673 1948,1673 1973,1670 1998,1667"/>
                <TextEquiv>
                    <Unicode>glaubst de ab</Unicode>
                </TextEquiv>
            </TextLine>
            <TextLine id="tr_1_tl_13" custom="readingOrder {index:12;}">
                <Coords points="866,1834 1047,1862 1447,1763 1913,1799 2084,1745 2277,1781 2550,1720 2634,1763 2718,1722 2914,1763 2904,1630 2716,1676 2632,1638 2568,1679 2295,1638 1916,1702 871,1722"/>
                <Baseline points="883,1787 984,1782 1086,1781 1188,1777 1290,1770 1392,1763 1494,1763 1595,1762 1697,1754 1799,1751 1901,1747 2003,1743 2105,1739 2207,1739 2308,1732 2410,1728 2512,1724 2614,1718 2716,1715 2818,1715 2920,1715"/>
                <TextEquiv>
                    <Unicode>Franzl: Warum btet da anvon Überzeugt? Er wäre dock</Unicode>
                </TextEquiv>
            </TextLine>
            <TextLine id="tr_1_tl_14" custom="readingOrder {index:13;}">
                <Coords points="879,1959 1154,1967 1264,1916 1671,1954 1964,1883 2331,1908 2392,1865 2517,1893 2675,1857 2912,1911 2917,1783 2802,1745 2708,1793 2448,1763 2069,1834 1760,1783 1093,1880 881,1855"/>
                <Baseline points="892,1918 993,1915 1094,1911 1196,1906 1297,1903 1399,1903 1500,1897 1601,1895 1703,1889 1804,1885 1906,1882 2007,1876 2108,1873 2210,1870 2311,1863 2413,1862 2514,1858 2615,1855 2717,1855 2818,1853 2920,1846"/>
                <TextEquiv>
                    <Unicode>kehr gut möglich trotz deiner groezen Vobeicht, dass</Unicode>
                </TextEquiv>
            </TextLine>
            <TextLine id="tr_1_tl_15" custom="readingOrder {index:14;}">
                <Coords points="884,2058 996,2061 1042,2084 1126,2048 1210,2061 1315,2041 1399,2066 1432,2051 1437,1951 1307,1985 1246,1951 1182,1992 1078,2005 887,1987"/>
                <Baseline points="897,2049 924,2049 951,2049 978,2049 1005,2049 1032,2049 1059,2046 1087,2043 1114,2043 1141,2042 1168,2040 1195,2038 1222,2037 1249,2037 1277,2037 1304,2037 1331,2035 1358,2034 1385,2032 1412,2028 1440,2022"/>
                <TextEquiv>
                    <Unicode>er: vermutet -</Unicode>
                </TextEquiv>
            </TextLine>
            <TextLine id="tr_1_tl_16" custom="readingOrder {index:15;}">
                <Coords points="922,2219 2848,2125 2851,2035 1714,2107 1590,2058 1238,2135 927,2084"/>
                <Baseline points="939,2177 1034,2172 1130,2171 1226,2169 1322,2165 1418,2162 1513,2159 1609,2154 1705,2150 1801,2146 1897,2145 1992,2142 2088,2139 2184,2133 2280,2133 2376,2130 2471,2124 2567,2122 2663,2122 2759,2118 2855,2109"/>
                <TextEquiv>
                    <Unicode>ichard: Nichts. Dass du eifen Geliebten haet, ir-</Unicode>
                </TextEquiv>
            </TextLine>
            <TextLine id="tr_1_tl_17" custom="readingOrder {index:16;}">
                <Coords points="894,2336 2879,2255 2881,2183 2751,2170 2713,2204 2206,2186 2069,2229 1472,2181 1340,2249 897,2265"/>
                <Baseline points="912,2315 1010,2309 1109,2302 1207,2300 1306,2295 1405,2291 1503,2288 1602,2286 1700,2282 1799,2279 1898,2273 1996,2273 2095,2266 2193,2262 2292,2261 2391,2255 2489,2255 2588,2249 2686,2247 2785,2244 2884,2243"/>
                <TextEquiv>
                    <Unicode>gend einen, das freilich, das vermutet er schon.Aber</Unicode>
                </TextEquiv>
            </TextLine>
            <TextLine id="tr_1_tl_18" custom="readingOrder {index:17;}">
                <Coords points="902,2451 1062,2441 1116,2479 1200,2435 1500,2420 1635,2461 2405,2456 2499,2402 2861,2395 2891,2318 2532,2295 2418,2334 2305,2305 2237,2341 1689,2334 1620,2374 904,2377"/>
                <Baseline points="915,2440 1013,2434 1112,2430 1211,2428 1310,2425 1409,2420 1508,2419 1607,2415 1706,2410 1805,2409 1904,2407 2002,2401 2101,2396 2200,2395 2299,2390 2398,2389 2497,2383 2596,2380 2695,2378 2794,2375 2893,2371"/>
                <TextEquiv>
                    <Unicode>er denkt nicht an mich. (unheherrecht) Er zweifelt</Unicode>
                </TextEquiv>
            </TextLine>
            <TextLine id="tr_1_tl_19" custom="readingOrder {index:18;}">
                <Coords points="907,2578 1513,2596 1740,2550 2163,2601 2782,2550 2784,2443 2680,2433 2242,2484 2127,2443 1921,2489 1623,2456 1516,2502 1348,2476 1258,2509 1057,2443 912,2471"/>
                <Baseline points="921,2568 1014,2564 1108,2562 1201,2559 1295,2559 1388,2551 1482,2550 1575,2545 1669,2541 1762,2538 1856,2538 1950,2531 2043,2529 2137,2528 2230,2520 2324,2517 2417,2517 2511,2514 2604,2512 2698,2509 2792,2514"/>
                <TextEquiv>
                    <Unicode>nicht im geringeten daran, dase du länget wieder</Unicode>
                </TextEquiv>
            </TextLine>
            <TextLine id="tr_1_tl_20" custom="readingOrder {index:19;}">
                <Coords points="881,2761 1847,2685 1956,2736 2104,2680 2359,2705 2481,2657 2593,2700 2861,2690 2863,2560 2820,2558 2514,2611 2249,2573 1923,2626 1809,2563 1664,2634 1141,2606 1065,2647 887,2637"/>
                <Baseline points="897,2705 995,2704 1094,2698 1192,2695 1291,2693 1389,2688 1488,2687 1586,2684 1685,2680 1783,2674 1882,2673 1980,2669 2079,2667 2177,2665 2276,2661 2374,2658 2473,2658 2571,2654 2670,2654 2768,2647 2867,2646"/>
                <TextEquiv>
                    <Unicode>einen Geliebten hast und noch zehn oder noch hun-</Unicode>
                </TextEquiv>
            </TextLine>
            <TextLine id="tr_1_tl_21" custom="readingOrder {index:20;}">
                <Coords points="917,2861 1666,2807 1867,2840 2109,2787 2481,2820 2553,2777 2868,2761 2871,2698 2471,2675 1613,2772 1460,2708 1309,2769 920,2751"/>
                <Baseline points="930,2831 1027,2826 1124,2822 1221,2819 1319,2815 1416,2813 1513,2810 1610,2804 1708,2798 1805,2792 1902,2788 1999,2785 2097,2781 2194,2777 2291,2771 2388,2768 2486,2767 2583,2761 2680,2756 2777,2753 2875,2753"/>
                <TextEquiv>
                    <Unicode>dert haben wiret. Aber nebetbei ist er volikommen</Unicode>
                </TextEquiv>
            </TextLine>
            <TextLine id="tr_1_tl_22" custom="readingOrder {index:21;}">
                <Coords points="909,2986 1225,3016 1562,2955 1615,2988 1819,2942 2048,2981 2374,2930 2542,2950 2685,2899 2835,2925 2871,2818 2726,2774 2555,2840 2412,2802 2023,2861 1630,2846 1541,2891 1409,2833 1154,2907 912,2879"/>
                <Baseline points="924,2959 1021,2959 1119,2956 1216,2953 1314,2947 1411,2944 1509,2943 1606,2933 1704,2929 1801,2923 1899,2920 1997,2919 2094,2914 2192,2909 2289,2908 2387,2902 2484,2901 2582,2896 2679,2892 2777,2888 2875,2884"/>
                <TextEquiv>
                    <Unicode>überzeugt, dasr er dich wiederhaben kann, sobald ee</Unicode>
                </TextEquiv>
            </TextLine>
            <TextLine id="tr_1_tl_23" custom="readingOrder {index:22;}">
                <Coords points="925,3172 1192,3179 1246,3151 1320,3167 1381,3123 1414,3131 1416,3006 1365,3009 1315,2978 1228,3026 1182,3001 1134,3004 1101,3034 930,3021"/>
                <Baseline points="942,3093 967,3093 992,3092 1017,3090 1042,3088 1067,3087 1092,3087 1118,3086 1143,3085 1168,3085 1193,3087 1218,3084 1243,3081 1269,3079 1294,3078 1319,3078 1344,3078 1369,3078 1394,3077 1420,3075"/>
                <TextEquiv>
                    <Unicode>Ihm beliebt.</Unicode>
                </TextEquiv>
            </TextLine>
            <TextEquiv>
                <Unicode></Unicode>
            </TextEquiv>
        </TextRegion>
    </Page>
</PcGts>
