<?xml version="1.0" encoding="UTF-8" standalone="yes"?>
<PcGts xmlns="http://schema.primaresearch.org/PAGE/gts/pagecontent/2013-07-15" xmlns:xsi="http://www.w3.org/2001/XMLSchema-instance" xsi:schemaLocation="http://schema.primaresearch.org/PAGE/gts/pagecontent/2013-07-15 http://schema.primaresearch.org/PAGE/gts/pagecontent/2013-07-15/pagecontent.xsd">
    <Metadata>
        <Creator>prov=READ-COOP:name=PyLaia@TranskribusPlatform:version=2.7.0:model_id=50870:lm=none:date=22_01_2024_14:24</Creator>
        <Created>2023-09-27T14:32:19.155+02:00</Created>
        <LastChange>2024-01-22T14:24:29.096+01:00</LastChange>
        <TranskribusMetadata docId="1589025" pageId="60121849" pageNr="82" tsid="145612082" status="IN_PROGRESS" userId="40391" imgUrl="https://files.transkribus.eu/Get?id=SESCSPLAKMUTMTCCEVIGOWWX&amp;fileType=view" xmlUrl="https://files.transkribus.eu/Get?id=FVSPAGBNLTFPLQLORVFDXATP" imageId="48546928"/>
    </Metadata>
    <Page imageFilename="1589025_0082.jpg" imageWidth="3219" imageHeight="3592">
        <ReadingOrder>
            <OrderedGroup id="ro_1711796642392" caption="Regions reading order">
                <RegionRefIndexed index="0" regionRef="tr_1"/>
            </OrderedGroup>
        </ReadingOrder>
        <TextRegion orientation="0.0" id="tr_1" custom="readingOrder {index:0;}">
            <Coords points="1205,592 1205,3177 3156,3177 3156,592"/>
            <TextLine id="tr_1_tl_1" custom="readingOrder {index:0;}">
                <Coords points="1227,684 3056,701 3056,583 2817,521 2417,552 2362,598 1227,583"/>
                <Baseline points="1241,650 1336,647 1432,647 1528,651 1623,650 1719,650 1815,651 1911,652 2006,653 2102,653 2198,653 2294,650 2389,650 2485,650 2581,650 2677,647 2772,650 2868,650 2964,647 3060,647"/>
                <TextEquiv>
                    <Unicode>kemnt es darauf an den kritischen Hement nicht</Unicode>
                </TextEquiv>
            </TextLine>
            <TextLine id="tr_1_tl_2" custom="readingOrder {index:1;}">
                <Coords points="1224,824 3090,793 3090,709 2784,725 2699,684 2398,737 1224,728"/>
                <Baseline points="1238,781 1330,780 1423,781 1516,779 1609,778 1702,781 1795,784 1888,784 1981,781 2074,781 2167,780 2259,779 2352,778 2445,778 2538,778 2631,778 2724,780 2817,776 2910,778 3003,778 3096,775"/>
                <TextEquiv>
                    <Unicode>zu verpassen. Und ein selcher kritischer Mement-</Unicode>
                </TextEquiv>
            </TextLine>
            <TextLine id="tr_1_tl_3" custom="readingOrder {index:2;}">
                <Coords points="1256,981 1446,935 2147,991 2511,940 3099,981 3080,803 2931,865 2769,812 2593,868 2029,829 1752,865 1653,824 1571,860 1398,807 1256,853"/>
                <Baseline points="1270,912 1361,912 1453,909 1545,909 1637,909 1728,909 1820,910 1912,911 2004,910 2095,911 2187,908 2279,909 2371,906 2462,909 2554,910 2646,911 2738,910 2829,911 2921,912 3013,912 3105,915"/>
                <TextEquiv>
                    <Unicode>ist für Sie und auch für Fraulein Friesel eben</Unicode>
                </TextEquiv>
            </TextLine>
            <TextLine id="tr_1_tl_4" custom="readingOrder {index:3;}">
                <Coords points="1234,1068 1289,1084 1371,1072 1415,1104 1499,1075 1733,1075 1730,957 1620,995 1571,971 1533,995 1432,969 1301,988 1234,971"/>
                <Baseline points="1247,1041 1272,1041 1298,1041 1324,1041 1350,1043 1376,1046 1402,1046 1428,1044 1454,1042 1480,1041 1505,1041 1531,1042 1557,1044 1583,1044 1609,1044 1635,1044 1661,1044 1687,1044 1713,1045 1739,1047"/>
                <TextEquiv>
                    <Unicode>eingetreten.</Unicode>
                </TextEquiv>
            </TextLine>
            <TextLine id="tr_1_tl_5" custom="readingOrder {index:4;}">
                <Coords points="1232,1234 1513,1256 1964,1200 2227,1246 2400,1212 3061,1232 3061,1077 2841,1111 2687,1063 2506,1109 1232,1106"/>
                <Baseline points="1244,1166 1335,1166 1426,1169 1517,1169 1608,1169 1699,1169 1790,1169 1881,1171 1972,1172 2063,1169 2155,1169 2246,1169 2337,1169 2428,1169 2519,1170 2610,1169 2701,1171 2792,1169 2883,1169 2974,1169 3066,1166"/>
                <TextEquiv>
                    <Unicode>Klohard: Nehnen Sie zur Kenntnis, dass Sie sich</Unicode>
                </TextEquiv>
            </TextLine>
            <TextLine id="tr_1_tl_6" custom="readingOrder {index:5;}">
                <Coords points="1222,1330 1562,1362 1995,1326 2085,1366 2236,1330 2350,1391 2596,1350 2692,1386 3053,1366 3053,1227 3017,1224 1222,1241"/>
                <Baseline points="1235,1300 1326,1300 1417,1300 1508,1300 1600,1297 1691,1300 1782,1295 1873,1297 1965,1298 2056,1300 2147,1299 2238,1300 2330,1297 2421,1297 2512,1299 2603,1302 2695,1303 2786,1300 2877,1300 2968,1300 3060,1309"/>
                <TextEquiv>
                    <Unicode>in einem Irrtum befinden. Uipxind gliskltet</Unicode>
                </TextEquiv>
            </TextLine>
            <TextLine id="tr_1_tl_7" custom="readingOrder {index:6;}">
                <Coords points="1219,1470 3015,1487 3015,1369 2952,1352 2355,1391 2147,1345 1959,1379 1219,1359"/>
                <Baseline points="1232,1432 1321,1429 1411,1429 1500,1429 1590,1429 1679,1432 1769,1429 1858,1429 1948,1429 2037,1429 2127,1429 2216,1429 2306,1429 2395,1429 2485,1429 2574,1429 2664,1429 2753,1426 2843,1429 2932,1429 3022,1440"/>
                <TextEquiv>
                    <Unicode>Wir lieben einander, Fräule in Friesel und ich.</Unicode>
                </TextEquiv>
            </TextLine>
            <TextLine id="tr_1_tl_8" custom="readingOrder {index:7;}">
                <Coords points="1219,1593 1566,1566 2138,1615 2302,1559 2490,1610 2685,1564 2820,1615 3087,1600 3087,1489 3037,1470 2928,1504 2530,1475 2480,1509 1219,1489"/>
                <Baseline points="1232,1554 1325,1554 1418,1556 1511,1556 1604,1557 1697,1555 1790,1554 1883,1557 1976,1557 2069,1557 2162,1557 2255,1556 2348,1557 2441,1558 2534,1560 2627,1557 2720,1559 2813,1561 2906,1560 2999,1557 3093,1551"/>
                <TextEquiv>
                    <Unicode>Kar) gegn. Auch das Berun ebeneien steen-</Unicode>
                </TextEquiv>
            </TextLine>
            <TextLine id="tr_1_tl_9" custom="readingOrder {index:8;}">
                <Coords points="1224,1742 1432,1704 1511,1745 1752,1769 1885,1723 2058,1774 2393,1701 2465,1747 3010,1759 3010,1615 2974,1605 2844,1641 2559,1600 2352,1644 2217,1598 2092,1641 1962,1605 1759,1644 1224,1634"/>
                <Baseline points="1238,1691 1326,1688 1415,1685 1504,1682 1593,1685 1682,1691 1771,1688 1860,1688 1949,1682 2038,1687 2127,1688 2215,1685 2304,1686 2393,1687 2482,1691 2571,1689 2660,1687 2749,1687 2838,1688 2927,1688 3016,1691"/>
                <TextEquiv>
                    <Unicode>ader im Pgee Und die weren seheltb bat er</Unicode>
                </TextEquiv>
            </TextLine>
            <TextLine id="tr_1_tl_10" custom="readingOrder {index:9;}">
                <Coords points="1227,1873 1470,1829 1800,1899 2085,1851 2328,1875 2473,1820 2449,1704 2058,1774 1991,1735 1885,1764 1810,1730 1750,1771 1227,1745"/>
                <Baseline points="1241,1813 1302,1815 1364,1813 1426,1813 1488,1811 1550,1813 1612,1814 1674,1814 1736,1813 1798,1813 1860,1813 1921,1814 1983,1814 2045,1813 2107,1813 2169,1813 2231,1816 2293,1815 2355,1816 2417,1816 2479,1822"/>
                <TextEquiv>
                    <Unicode>enn inner nur sehrianer welden</Unicode>
                </TextEquiv>
            </TextLine>
            <TextLine id="tr_1_tl_11" custom="readingOrder {index:10;}">
                <Coords points="1212,2005 1899,1979 2383,2029 2656,1979 2861,2024 2861,1877 2825,1863 1795,1897 1441,1841 1212,1894"/>
                <Baseline points="1226,1945 1307,1942 1389,1943 1471,1944 1553,1944 1635,1942 1717,1945 1799,1947 1881,1945 1963,1945 2045,1945 2126,1945 2208,1945 2290,1945 2372,1945 2454,1945 2536,1945 2618,1945 2700,1948 2782,1948 2864,1948"/>
                <TextEquiv>
                    <Unicode>Earl Bern: Und quälen einander noch mehr.</Unicode>
                </TextEquiv>
            </TextLine>
            <TextLine id="tr_1_tl_12" custom="readingOrder {index:11;}">
                <Coords points="1222,2118 1759,2130 1935,2087 2106,2128 2347,2089 2347,2010 1222,2005"/>
                <Baseline points="1235,2070 1290,2070 1346,2071 1402,2073 1458,2076 1514,2070 1570,2070 1626,2072 1682,2073 1738,2073 1794,2073 1849,2075 1905,2079 1961,2075 2017,2073 2073,2071 2129,2073 2185,2073 2241,2073 2297,2073 2353,2073"/>
                <TextEquiv>
                    <Unicode>Eicherd: Wir sind glücklich.</Unicode>
                </TextEquiv>
            </TextLine>
            <TextLine id="tr_1_tl_13" custom="readingOrder {index:12;}">
                <Coords points="1219,2232 1444,2270 1641,2200 1776,2232 1856,2203 2027,2224 2104,2280 2198,2241 2362,2280 2550,2222 2902,2268 3097,2227 3082,2128 1504,2159 1219,2118"/>
                <Baseline points="1232,2195 1325,2195 1419,2198 1512,2198 1606,2199 1699,2198 1793,2198 1886,2198 1980,2203 2073,2203 2167,2204 2260,2204 2354,2204 2447,2201 2541,2206 2634,2205 2728,2206 2821,2204 2915,2204 3008,2204 3102,2204"/>
                <TextEquiv>
                    <Unicode>Karl Bern: Auch dae. Sonet wäre, er ja nicht so</Unicode>
                </TextEquiv>
            </TextLine>
            <TextLine id="tr_1_tl_14" custom="readingOrder {index:13;}">
                <Coords points="1550,2280 1595,2263 1660,2263 1694,2287 1795,2263 1921,2280 2012,2265 2012,2229 1964,2236 1899,2205 1839,2208 1791,2236 1660,2198 1550,2217"/>
                <Baseline points="1563,2264 1588,2261 1613,2261 1639,2263 1664,2264 1689,2262 1715,2261 1740,2261 1765,2261 1791,2261 1816,2262 1841,2264 1867,2262 1892,2261 1917,2259 1943,2258 1968,2258 1993,2258 2019,2258"/>
                <TextEquiv>
                    <Unicode>Aber mihlen</Unicode>
                </TextEquiv>
            </TextLine>
            <TextLine id="tr_1_tl_15" custom="readingOrder {index:14;}">
                <Coords points="1215,2379 1865,2371 2008,2417 2104,2350 2415,2398 3121,2352 3121,2282 3027,2258 1940,2290 1338,2244 1215,2287"/>
                <Baseline points="1229,2333 1323,2330 1418,2333 1513,2331 1608,2332 1703,2330 1798,2330 1892,2331 1987,2330 2082,2333 2177,2331 2272,2333 2367,2332 2462,2332 2556,2335 2651,2333 2746,2335 2841,2333 2936,2333 3031,2333 3126,2335"/>
                <TextEquiv>
                    <Unicode>schlimm. 2te steheg einander im Wege. Sie wissen</Unicode>
                </TextEquiv>
            </TextLine>
            <TextLine id="tr_1_tl_16" custom="readingOrder {index:15;}">
                <Coords points="2873,2396 2887,2396 2914,2415 2940,2408 2955,2417 2962,2410 2988,2422 3000,2422 3020,2408 3041,2408 3039,2357 2988,2364 2976,2352 2962,2350 2957,2355 2940,2355 2933,2347 2914,2355 2909,2350 2902,2355 2873,2352"/>
                <Baseline points="2887,2395 2913,2395 2939,2395 2965,2395 2991,2396 3017,2398 3043,2398"/>
                <TextEquiv>
                    <Unicode>aun</Unicode>
                </TextEquiv>
            </TextLine>
            <TextLine id="tr_1_tl_17" custom="readingOrder {index:16;}">
                <Coords points="1215,2499 1692,2485 2051,2543 2437,2475 2767,2550 3152,2535 3133,2400 2726,2415 2567,2374 2383,2415 2280,2374 2198,2432 2102,2383 2000,2439 1764,2379 1215,2398"/>
                <Baseline points="1229,2458 1325,2458 1421,2461 1518,2459 1614,2459 1710,2458 1807,2461 1903,2461 1999,2459 2096,2461 2192,2461 2288,2461 2385,2461 2481,2461 2577,2458 2674,2462 2770,2463 2866,2461 2963,2464 3059,2464 3156,2461"/>
                <TextEquiv>
                    <Unicode>es beide und wiesen auch, dese er immer nur nehlin</Unicode>
                </TextEquiv>
            </TextLine>
            <TextLine id="tr_1_tl_18" custom="readingOrder {index:17;}">
                <Coords points="1207,2632 3075,2649 3075,2540 2892,2521 1207,2528"/>
                <Baseline points="1220,2589 1313,2592 1406,2589 1499,2589 1592,2589 1685,2592 1778,2592 1871,2594 1964,2592 2057,2592 2150,2589 2243,2592 2336,2592 2429,2595 2522,2595 2615,2591 2708,2590 2801,2593 2894,2592 2987,2596 3081,2598"/>
                <TextEquiv>
                    <Unicode>der werden kann. Sie iet eine junge Künetlerin,</Unicode>
                </TextEquiv>
            </TextLine>
            <TextLine id="tr_1_tl_19" custom="readingOrder {index:18;}">
                <Coords points="1219,2759 1894,2788 2142,2728 2762,2788 2849,2743 3012,2764 2986,2641 2444,2682 2227,2620 1820,2668 1530,2627 1219,2649"/>
                <Baseline points="1232,2720 1321,2720 1410,2720 1500,2720 1589,2720 1678,2723 1768,2717 1857,2717 1946,2723 2036,2726 2125,2720 2214,2726 2304,2726 2393,2729 2482,2723 2572,2723 2661,2723 2750,2726 2840,2726 2929,2726 3019,2729"/>
                <TextEquiv>
                    <Unicode>viettetott eteie, an Epfang einer Carrikre</Unicode>
                </TextEquiv>
            </TextLine>
            <TextLine id="tr_1_tl_20" custom="readingOrder {index:19;}">
                <Coords points="1215,2904 1270,2868 1403,2916 1694,2875 1979,2926 2118,2885 2379,2899 2465,2945 2612,2899 2938,2955 3147,2916 3147,2808 3102,2786 2962,2812 2709,2757 2538,2808 2003,2774 1540,2803 1215,2767"/>
                <Baseline points="1229,2837 1325,2853 1421,2854 1517,2855 1613,2854 1710,2855 1806,2855 1902,2855 1998,2855 2094,2855 2191,2857 2287,2858 2383,2855 2479,2858 2575,2858 2672,2859 2768,2860 2864,2860 2960,2863 3056,2861 3153,2861"/>
                <TextEquiv>
                    <Unicode>eie ein zu den echöneten Hofrnungen berechtigende</Unicode>
                </TextEquiv>
            </TextLine>
            <TextLine id="tr_1_tl_21" custom="readingOrder {index:20;}">
                <Coords points="1200,3027 1769,3005 2003,3066 2280,3032 2367,3073 2499,3039 2562,3080 2685,3034 3044,3066 3041,2955 2600,2904 2142,2943 1827,2931 1682,2878 1622,2916 1200,2931"/>
                <Baseline points="1214,2995 1305,2989 1397,2989 1488,2983 1580,2986 1672,2986 1763,2986 1855,2989 1946,2986 2038,2992 2130,2992 2221,2994 2313,2995 2404,2993 2496,2995 2588,2998 2679,3000 2771,3003 2862,3007 2954,3007 3046,3004"/>
                <TextEquiv>
                    <Unicode>junger Aret, Ordinatien von enef bie vier,einge</Unicode>
                </TextEquiv>
            </TextLine>
            <TextLine id="tr_1_tl_22" custom="readingOrder {index:21;}">
                <Coords points="1191,3229 1477,3135 2302,3237 2579,3164 2849,3167 3051,3227 3049,3061 2673,3092 2499,3039 2355,3087 1938,3034 1747,3082 1424,3025 1188,3066"/>
                <Baseline points="1205,3123 1297,3120 1390,3123 1482,3123 1575,3127 1668,3128 1760,3129 1853,3127 1945,3132 2038,3134 2131,3135 2223,3138 2316,3138 2408,3141 2501,3141 2594,3141 2686,3142 2779,3146 2871,3147 2964,3146 3057,3150"/>
                <TextEquiv>
                    <Unicode>ardnet in die bürgerliche, gegen wir nenechlich.</Unicode>
                </TextEquiv>
            </TextLine>
            <TextEquiv>
                <Unicode></Unicode>
            </TextEquiv>
        </TextRegion>
    </Page>
</PcGts>
