3064 3464
791 410 2624 605 Gregor: (lächelt, dann in der Kolle) Nein, nein,
802 542 2766 716 es ist nicht wahr, sag mir doch, dass es nicht wahr
807 708 2844 885 ist. (faset, wie es in der Kolle vorgeschrieben ist.
812 867 1259 1002 ihre Händel
823 973 2808 1090 Franzi: (i.d.R.) Ee ist nicht wahr. Ich habe nichts
817 1100 2779 1248 erlebt. Ich erinnere mich nicht mehr - Träume, bö-
815 1233 2743 1386 se Traume, ich bitte dich, stoss mich nicht wieder
820 1355 2805 1536 hinab. (plötzlich als Franzi, lachend) Ist das eine
1342 1497 2099 1656 Gesr T. I.I1
825 1534 1118 1637 Gans...
810 1622 2639 1801 Eregor. anderree sieht sie befrendet an)
856 1762 2854 1884 ranzi: Verzeihen) Sie, das steht nicht in der Rolle.
1170 1832 2847 2006 ater cus des cnclortutra do sam in delle sesolt
833 1902 2701 2040 (1. d.R.) Stoss mish nicht wieder hinab. Verlass
820 2011 2260 2151 mich nicht - ich habe nichts erlebt.
1528 2089 2574 2211 Petider hute cunsangedentet
828 2151 2818 2297 Gregor: Schön. Sid ist wirklich eine Kans, aber Ih-
708 2250 1557 2336 mai in Tie vortimite
820 2278 2857 2437 nen glauht man's bfinche. Ja, Jugend ist kein leerer
815 2408 2896 2590 Wahn. Habenie eifentlich schon die Luise gespielt?
820 2572 1362 2717 Franzi: Nein.
820 2655 2901 2836 Gregor: Mit I,nen könnte der Baroy vielleicht aller-
825 2821 2717 2953 lei Klassik versuchfn. Und man dürfte wieder in
823 2940 2761 3140 reineren Regionen afmen. Ich werde mit dem Baren
