3192 3608
718 2221 887 2402 John:
965 510 2759 734 Ahmentheatere die Soufleuee, die also ihr be-
943 713 2651 877 sicht dem Publikum zugewandt hat. (Am Regie-
946 847 2799 1068 viech der Regiaseur) Loblatd. (Der Schaspfeler
946 993 2244 1115 Greger auf der Bühné hin und her.
925 1117 2757 1284 Ixepizient(hinter der Szene rufend) rnletn
927 1249 1882 1379 Frau Rgreda,Frau Rovedal
915 1332 2037 1520 Esblein: Nan, woran liegt eel
915 1491 2759 1689 Exepisient: (von linke, zu Esbleinl Freu Rovela
899 1609 1642 1764 ist noch nicht da-
889 1724 2628 1969 tobletn: (zum Inepizientent ethausen sie
889 1906 1931 2042 noch einmal telefonieren.
877 2009 1491 2138 Inepizient:(abl
885 2124 2736 2317 breger: der Releson dürfte auegeschaltet sein.
1068 2258 2141 2414 nilauz die Bunne treten)
889 2298 1254 2402 estaln:
1546 2291 2658 2480 pertraut ull don ditten des
856 2378 1169 2522 Hauees.
866 2498 2698 2757 Loblein. Ner probiren aleo vorlenfig die Sre-
842 2670 2736 2858 ne drel. Feder und Witte. Herr Grevor und Herr
833 2764 1915 2950 abgelmenn. Herr Oegelmann-
821 2922 2430 3110 Jenand hinter der Srene: Herr Oggelmenn!
819 3058 1908 3263 Ein melter Rati Dogelamnt
