3112 3512
2546 494 2696 632 237
982 593 2509 736 Helene: Hein ,verlänfig nicht. Eretene
970 714 2647 864 habe ich dich zu gern dazu. Uebrigene habe
970 860 2762 996 ich meinem Vater gesagt - nein, nein erschrick
960 1000 2755 1141 nicht - dass du mich als Sekretärin engagiert
958 1134 1199 1258 hast.
956 1237 2567 1396 Karl Bern: Dee stimnt ja miherte beinel
1415 1370 1560 1434 ene
951 1405 2741 1555 Helene: Hahern.Du ahnet überhaupt gar nicht,
1263 1476 1443 1562 Reiht
944 1541 2584 1673 wie viel du von jetzt an arbeiten wiret.
939 1670 2659 1790 Karl Bern: Ioh würeche mir nichte. Besseres.
939 1773 2722 1944 Wann darf ich Sie morgen Nachmittag erwarten,
928 1919 1511 2033 mein Fraulein?
935 2033 2659 2209 Hglene: Ja, wenn Sie vor Ihrer Première noch
918 2169 2258 2352 Zeit zum Diktieren haben werden-
918 2284 2708 2506 Zerl Bern:(ernethaft) Jainer die Prentére an-
916 2420 2595 2626 belangt - er wäre nicht unmöglich, daes eie
914 2581 2638 2738 vereeloben wird. Die Roveda echeint abeolut
907 2713 2792 2881 nicht spielen zu wollen. Hir haben aurgemraten
895 2825 2626 2996 heute Morgen schon mit einer anderen Schau-
878 2984 1658 3111 spielerin probiert.
864 3090 1733 3258 Belene: Hit nen dennt
