3272 3576
1282 573 3076 830 Priefel und - verzeihen Sie auch diese letzte
1289 721 1932 880 Endiekretion --
1277 844 1882 1023 Rlohard: Pitte.
1265 975 3142 1218 Karl vern: in dem fungen Mädchen, das eigentlich
1261 1130 3135 1330 in gewiesem Sinne immer Ihre Braut war.Sie füh-
1256 1246 3059 1442 len das ja selbst. Daher ist Ihnen nieht wehl
1261 1358 2819 1563 at. uxrkexxxkträxxhn
1277 1487 3042 1770 icherd: Ich fühle, -Ich fühle, dass ich Franzt
1244 1668 1496 1767 liebe.
1230 1727 3080 1993 Kerl dern: Nabe ich keinen konent lang berei-
1232 1893 3038 2093 felt, sonet breuchten wir gar nicht darüber zu
1216 2039 3107 2231 reden. Aher im richtigen Koment Euschled nehmen
1572 2136 2276 2231 iit de. M. hin
1213 2186 3097 2367 können, das ist Liebe-und Klugheit zugleich. Sie
1220 2274 3092 2495 werden anfatmen, lieber Dokter, wenn Ste eich nur
1201 2393 3114 2626 sinmal entschlosren haben. (Und nicht Sie slw-
1208 2552 3004 2788 oregulein:(tritt zu ihnen, wie mit der Abricht
1192 2683 2626 2826 zu kibitzen) Spanische Bröftnung --
1185 2774 3026 3064 Karl fern: Dar heieet spantecht Ich habe keyfe
1175 2940 2110 3116 Annung von der Theorie-
1161 3059 2224 3254 bregalein: Ner Iet an Zugt
