3112 3608
2576 431 2735 539 290
930 569 2777 716 Baron: Was hat der Polizeikommiesär mit dieser
928 725 1471 849 Sache zu tun?
937 844 2189 993 ZrranzxtrdrUrxBrxx
939 960 2774 1098 (Die beiden Garderobieren machen das Sofa zu
939 1128 1254 1229 recht.
939 1226 2788 1380 Dr. Braun: (zum Intendanten) Darf ich Sie bitten
932 1364 2669 1490 mil mir auf die Zuhn- zu. kommen, Herr Beron?
951 1459 2830 1611 Baron: HxEx legt der Herr Kommissär auf meine
939 1627 1632 1762 Anwesenheit Wert?
944 1725 2674 1919 Dr. Braun: Es ist keine Ohnmacht. Es ist ein
949 1905 1676 2033 Sel bst-ordvereuch.
949 2031 1406 2166 Baron: Nie?
935 2117 2763 2289 Dr. Braun: Sie hat versucht sich zu vergiften.
1905 2236 2031 2308 ste
942 2259 2804 2436 Das Aftfläechchen hatte in ihrer verkrampften
946 2406 1182 2553 Hand.
958 2485 2814 2686 Baron: Mit einem Fläschdhen bift lüest man sie
963 2606 2735 2821 auf die sühne gehen? (h Lobli) Ihre Regieihl
958 2786 1520 2898 (rile Drei abl
972 2909 2816 3054 Karl Bern und Pregulein. l6ie begegnen einen-
963 3045 2506 3205 LuxanxtzaxkaxExxDern der in der Türel
979 3175 2818 3352 Dregulein: (zu Bern) Der Baron ist bde auf Sie.
2800 175 2937 331 II
