3128 3416
1055 385 2885 614 Richare: Ee let nifet nett for wirsso über eie
1063 621 1447 744 zu reden.
1070 713 2883 902 Endnig: Da haet Recht. Ias bih ganz überrengt
1060 850 2911 1027 von ihrem Teient. Schade faeg sich Hamburg ver-
1060 989 1743 1131 schlagen hat.
1055 1018 2937 1270 Rrchard: kannt eicher ffe Anderes, ner desceren.
1067 1247 2111 1391 Endnig: Wir wollen hoftfen.
1065 1362 2959 1551 Richard: Und da eie siph nicht eleich ungebracht
1051 1516 1976 1710 hat - in seiner Stehies
1067 1629 1492 1809 inanig: -2
1060 1731 2777 1898 Richard: Ich würge mir kein- soggen machen.
1065 1894 2916 2078 Endnig: Heiert ih. Frauen eind menolmal kehr bi-
1065 2009 2959 2179 aerer Hente At mehr Bochreftsteg.  Heberdin
1067 2146 2859 2319 gen iet alles möglich. Sie konnte seither ein
1055 2295 2935 2439 halber lutzend Lichhaher gehabt haben und doch
1058 2390 2508 2553 Kichard: Und imner noch dich lieben.
1060 2541 2855 2704 Indutg: Ach bott wir haben inner nur dae eine
1065 2687 1299 2805 kort.
1053 2789 2923 2985 Richerd:fangedaldig) Uoghtegt da mir nicht end-
1055 2940 2933 3131 Uch gegen, nae de eigentlich von mir muschertl
