3128 3416
2662 289 2791 477 32
1456 355 1733 489 Ich mohl
1118 438 2504 610 Ludwig: Daee du - dich erkundiget-
1126 574 2973 725 Lichar1:Jlachend) Wie? Wie etefiet du dir das
1114 710 2888 861 eigentlich vor? Wae hätte das für einen Sinnt
1128 829 2932 1004 wenn es geschehen wäre - du entschuldiget, dass
1104 982 2881 1131 ich lache - ich könnte ee so wenig ändern wie
1104 1089 3017 1267 du und eie daran hindern, wenn sie fert entschlos-
1089 1235 3027 1388 sen wäre, -dazu dürfte es wohl schon zu spät sein.
1092 1335 2881 1488 Auch wieste ich beim besten Willen nicht wie.
1388 1442 1901 1544 fillligern reh
2035 1454 2290 1537 lieher
1094 1505 2516 1644 Lndnig:(Du nuest mir telegrephieren.
1092 1602 1780 1777 Klchard: Da höre.
1089 1733 2915 1906 Lndnig: Ja, diesen Freundschafedienet mutst du
1079 1884 2939 2011 mir erweisen. Die Mühe wird doch nicht eo grose
1070 1986 2983 2161 für dich sein mir morgen krüh ein Telegramn nach
1092 2125 2351 2249 Genedig zu senden,Hotel Danieli.
1092 2232 2976 2441 lzcherd: Du 118dsa verrückt (salsefins über der
1075 2390 2893 2526 Befinden deiner verflossenen bellebten auf die
1075 2524 2910 2704 Hochzeitereite - was falit dic denn eigentlich
1058 2643 2832 2823 ein? Wenn etwae geschehen sglite, wird er be-
1055 2757 3010 2961 stimnt in der Zeitung etghen. Und übrigene gleubet
1060 2905 2689 3102 au doch keinen Lügenbisck wirklich daranz
