3224 3656
1069 638 2709 830 Dogelmann:(in der Rolle) Ein halbes Jahr
1064 797 2163 947 lang war ich nicht bei dir".
1055 930 2773 1148 Greger: Man trifft dich überhaupt nirgende
1043 1052 1315 1184 mehr.
1029 1172 2789 1409 Oegelmenn: (in der Kolle, lesend) Ja, sett ich
1027 1310 2714 1523 den grossen Entechluss gefasst habe - mich
1005 1444 2850 1641 zu verheiraten... Du solltest mir's bald nach-
987 1570 2836 1798 machen - in unseren Jahren iet man reif dazu.“
998 1706 1868 1873 leie proiferen weiter!
973 1828 2667 2053 Deron: (zuxsortexn ist Indessen die Stufen
970 1978 2801 2234 vom Farkelt zür Bühne hinaufgekommen., Pta Rih-
947 2128 2770 2323 nenerbeiter rückt einen weiten Sessel en den
928 2236 1411 2398 Regtettach
930 2367 2576 2590 Karl Bernt(will ihm seinen Sitz anbieten)
928 2505 2808 2766 daron: Bitte, bielben Sie nur.(Ir hleibt stehen.
914 2637 2754 2880 rricht Karl dern die Hand; zu Lsblein) sie ist.
900 2770 1474 2897 noch nicht daf
888 2902 2735 3131 Lobleln: Ich habe zweimal telefonteren laseen.
888 3023 2421 3230 Direkttonediendr:1kan eben zu Lobletal
879 3178 2766 3394 Daron:lzum Diener) Kringeln Sie bei Frau Rovede
