3016 3448
2473 351 2628 530 226
707 554 2781 704 Franzl: (in der Rolle) Du selber bittest mich darum--
722 680 2781 825 jetzt kann ich es nicht mehr sagen.- Oder doch? (4a-
701 807 2512 957 her zu ihm) Ich liebe dich für alle Ewigkeitt
704 933 1787 1081 Gregor: (rekst sie an sichl
693 1062 2225 1178 Franzi: Sind 8ie„verrückt,Herr. Gregor?
736 1163 2663 1347 Freg r: (ungeührt) Machen wir die Szene viellefcht
683 1318 1202 1442 noch einmal.
693 1447 1719 1600 Franzi: Heute nicht mehr.
693 1576 2694 1719 Gregor: Nur die Worte,um Missverständnissen vorzu-
691 1724 1020 1837 beugen.
693 1835 2736 1982 Franzi: Ich werde Sie bitten mich allein zu lassen.
717 1969 2560 2135 Gregor: (Zuckt die Achzeln ) »Auf morgen also.
678 2098 2723 2254 Heut Abend vielmehr im Theater. (plätzlich) Mädel,
651 2233 2765 2365 „ich liebe ddch. Kein Spass. Auf Wiedersehenl (küest
680 2362 2736 2515 rasch Franzis Hand,die sie dann starr fallen lässt
680 2502 1210 2636 und geht ab
685 2597 2731 2789 Franzl:lnimmt noch einmal den Brief, fangt plötzlich
662 2755 2734 2913 bitterlich zu schluchzen an,hält inne, trocknet sich
691 2881 2207 3040 aie Augen.Ihr Gesicht verandert sichl.
678 3011 2734 3192 Mutter: (komnt leiese von links) Ee ist plötzlich so
