3144 3560
2600 532 2762 703 238
1056 654 2572 792 Karl Bern: Mit einem Fräulein Friezel.
1047 787 2846 942 Helene: Friesel...? Das wa doch die Geliebte
1054 907 1776 1045 von Dokter Gereld.
1052 1031 1614 1190 Zarl Dern: Ser
1042 1131 2727 1340 Helene: Die hat doch ter nur ganz kleine
1033 1302 1687 1452 Rollen gespieit?
1028 1401 2827 1616 karl Dern: Sie hat talent. Jedesfalle hat sie
1026 1579 2844 1769 einen schrechten Ten. Sie iet echter wie mei-
1014 1691 1394 1829 ne Eigur.
991 1822 2263 1984 Helene: Sei nicht geschmacklee.
1000 1961 2556 2139 Karl Bern: Ale wenn es dir gefiele.--
1598 2066 1740 2155 sule
991 2094 2771 2310 Helene: Er wetkte mir viellelcht genz gut ge-
991 2225 2750 2422 fallen, wenn ee nicht, von dir wäre. Ee Ist so
989 2347 2680 2549 viel orin(ten sirf war ich an dir nicht mag-
965 2504 2574 2685 Karl Bern: Wie kann ich dar nachfühlen.
960 2619 2846 2823 Relene:lscherzend) auf dar eine konnt es i Iu
949 2743 2078 2898 nicht an. Du bist noch jung.
949 2856 2748 3094 herl Dern: Jung -7 ke gibt gresze Dichter, die
937 3012 2696 3221 in neinen diter echen tet neren und nusterb-
