3208 3528
2475 475 2707 623 226
764 574 2686 782 Relene: O de i exefktech stebider retor tot
758 764 2813 896 sether ntcht, aber du Inponterzt ihm oder Ladzinierst
751 839 2803 1023 Ihn, der spüir ich ganz genau und danen gewclten
756 992 2813 1169 Er macht mir Sorge. Offenbar steckt er in irgend ei-
751 1112 2751 1281 ner fatalen Liebeegeschichte, aus der ernicht he-
748 1242 2722 1421 raus kann: Ich kenne das. Bei früheren Gelegenhei-
748 1374 2836 1566 ten hat er sich manchmal mit mir ausgesprochen. Dies-
732 1491 2242 1660 mal verschliesst er sich auch vor mir.
735 1626 2631 1831 Karl Bern: Und du glaubet, dass ich - (verbeesert
732 1779 2553 1951 sich auf ihren Blick) Sie glauben,dass ich --
712 1909 2639 2068 Helens: Ob, du ihm sympathiech bist, das weise ich
722 2013 2670 2200 selber nicht. Aber du imponieretoder faszinieret
730 2146 2704 2335 ihn, das spür ich sehr genau. Under ist sehr beein-
720 2278 2733 2470 flueshar. Eigeneinnig aber schwach. Es ist höchete
704 2403 1600 2556 Zeit, dass er heiratet.
714 2496 1751 2712 Karl der: Frauletn Veithe
678 2647 2691 2868 Helene: da. Seine Hebesgeechichten sind mir echon
