3240 3544
950 604 2397 749 Sidon: Bald ist ein weiter Begriff.
970 749 2860 911 Fr.Eiderhof: Rufen ie mich gelegentlich an,Herr
960 906 1542 1028 komnerzialrat.
953 994 2758 1219 Sidon: belegentlich ist ein noch weiterer Re-
953 1185 1219 1299 griff.
953 1268 2804 1454 Fr. Elderhof:(lacht) Dae ist wahr. Aleo-in emel
950 1442 1333 1544 Stunden.
957 1505 2307 1701 diaon: Mier sie sprechen in Eraett
957 1660 2787 1861 Fr.Elderhof: In Patilion sollen jetzt zwei fa-
943 1823 2845 1968 moee exanische Tänzerinpen auftreten. Wollen Sie
943 1932 2887 2087 mit mir hingehent Ee wäre vielleicht das Vernünft
945 2060 2732 2215 tigete,- für une Beide, heute wenigeten,statt
938 2181 2579 2332 eineen unseren Erinrerungen nachzuhangend
940 2298 2807 2477 e1dopl Sie machen mich glücklich, gnädige Frau.
950 2436 2693 2627 Fr. Eiderhof: Dae tet wieder übertrieben, Herr
936 2557 2693 2732 Kommerzialrät. Lauten Sie einfach um eif Uhr
933 2695 2642 2875 zu mir herauf. Auf Wiedereehen! leie geht.
926 2821 2087 3003 Sidon begleltet sie zur Phrel
933 2959 2860 3146 (Der kiobiet hat Richard letze etwar vorgesptelt!
933 3110 2768 3294 ledrig.lkonnt setzt rarch,tritt na Rleherol do
