3240 3544
1069 566 2785 814 Zelt allerdinge, vor anderthalb Jahren etwa,
1074 790 2883 947 in uneerer glücklicheten Zeit -(mit einem eher
1064 912 2739 1069 lachenden Gesicht) - dass sie sich an ene
1052 1036 2458 1167 meinem Hochzeltetag umbringen wird.
1668 1136 2219 1234 Won der wohg
1050 1167 2832 1355 Piohard:(hurz) So na Ja. Da hast wohl damals
1048 1310 2854 1515 auot mancherist geschnoren - in deiner glück-
1036 1425 1611 1573 licheten Zeitz
1048 1558 2933 1761 lndrig: Wen schnört mancherlet in gewieren Stan-
1021 1678 1196 1818 den.
1024 1835 2699 2014 Richerd: Selbetverständlich. Aber Ihr geld
1009 1945 2844 2126 doch in beeten Einvernehnen geschieden:Lo vtel
1000 2071 2470 2210 ich neter,Freuntscheftttch voweggen
2086 2193 2568 2288 zu ferwes
1002 2195 2766 2372 Zaants. Kan kann erpetnehe so nennen. Dte iet
990 2300 2751 2534 eine tapfereskleine Peresen. Nach den groszen
981 2446 2825 2654 auebruch in Petzten Frußjahr gab er eigentlich
1539 2558 1916 2646 aer nrhe
978 2584 2811 2790 keine drene fehr dange etlerdinge- Stoyhet
974 2692 2405 2906 sich böger Opft verschaftt - denals.
969 2823 2155 3019 Richardi Noher nelert i dasf
964 2971 1818 3121 Inanig: Ich feiee es.
2145 3062 2622 3193 denn gelassen?
954 3073 2873 3388 Rrdherd. Merfe herf oa see her nicht veggenoment
