3272 3592
2897 484 3022 600 64
2350 554 2484 643 mo
1327 575 2797 775 Dogelmann: Besondere, wennseie loaftst.
1327 709 3120 873 Gregor: Hören Sie, Dektor, entweder ist eie ge-
1329 852 3150 1016 sund oder krank, entweder kann die spielen oder
1320 968 3084 1120 nicht. Heut Abend im "Freund der Frauen" hat
1323 1093 3113 1282 man ihr nichte von einer Krankheit angemerkt.
1329 1241 3009 1402 Dr. Breun: Ist doch nicht das Gleiche. Eine
1332 1373 2875 1525 Première etellt gech Anforderungen --
1379 1504 3097 1666 regor: fleo, ich spiel im "Freund der Frauen!
1320 1611 3084 1798 nicht mehr weiter. Ich halt dae nicht länger
1329 1766 3157 1911 aus. Achtundelebzig Mall Ich verkomme. Ich ver-
1318 1888 3013 2075 biode. (Apend Ax Aend deresibo Dohwarrn) 1
1329 2009 2622 2173 grauet mir schon vor mir selber.
1332 2118 3004 2336 sohn: siht efwirklich kelde andere für die
1327 2284 2168 2432 koile ale die Hovedat
1329 2402 2104 2566 Eggeimenn: Ro denne
1318 2543 3032 2720 Karl Bern: (zn Braunl Nachen Sie sie gerund
1332 2688 1643 2813 oktor.
1754 2684 2384 2852 zum Gerundnochen
1329 2802 3136 2977 Dregalein: d ist doch ein Theaterarzt nicht
1318 2913 3134 3111 de Nah um Aertellung von Krankheltezengnte.
1314 3057 1511 3238 een.
