3048 3448
2611 318 2750 427 223
968 455 1458 569 Franzi: (nickt
935 574 2831 710 regor: (1.d.R.) Irgend etwas, was mit Ueberlegung
925 687 2864 882 und mit vernunft überhaupt nichts zu tun hat. Ir-
925 847 2656 1014 gend etwas, das tief inn meiner Natur steckt.
917 966 2790 1168 Franzi: (i. d. U.1 und immer beteiligter) Ich habe
910 1120 2907 1271 mich ja nie sündiger gefühlt, als seit ich mich von
925 1251 2907 1403 Ihnen geliebt weies. Aber, es ist unabänderlich und
917 1383 2803 1532 ich habe nichts als meine armen Worte,denen Sie
923 1524 2869 1681 glauben müssen. Hören ie, Wedor,müssen. Vertrauen
945 1656 2856 1800 ie mir nur und Sie werden alles verstehen. Frage
917 1782 2869 1939 denn ich nach Ihrer Vergangenheit. Auch ie haben
910 1928 2778 2073 schon geliebt.. Warum zweifle ich keinen Augen-
902 2057 1559 2191 blick an Ihnen.
910 2158 2929 2338 Gregor: (hat mit wachsendem Interesse zugehört) Sehr
917 2333 2778 2444 gut. Ein bischen mehr Ton werden Sie wohl geben
890 2439 2811 2588 müssen. Aber es ist schön,wirklich schön,wie Sie
897 2583 2813 2758 das gesagt haben. Man könnte beinah an-die Liebe
902 2715 1228 2833 glauben.
897 2803 2924 2995 Franzt: (weist ihn mit einem Blick an die Kalle wei-
895 2967 1539 3121 ter zu sprechen)
