3208 3640
995 550 2588 740 Stimne Dögelmenne aus dem Zuschauerrnun-
990 716 2715 865 der Larm, was steht dem Herrn zu Dieneten? (
990 821 2869 1036 tritt durch die Spalte im. Zihnenvorhang auf die
980 948 1234 1068 Zzenel
963 1058 2805 1266 Eyblein: Was machen sie denn im Zuschauerraum,
943 1215 2876 1405 Herr Iygelmann? Wir probieren doch bei geschlos-
941 1334 1535 1471 senem Vorhang.
938 1425 2813 1647 vegelmann: Ich schlage vor, dess wir die Frente-
924 1588 1718 1716 re auch so epielen.
926 1706 2818 1899 (Ein Direktionediener komnt und will-mit Löblein
902 1847 1303 2011 sprechen)
909 1999 2478 2163 Eyblein: Was ist denn schon wieder los?
899 2121 2422 2304 Direktionediener:(rtcht letee zu ihnl
1928 2243 2150 2329 Auten
892 2258 2857 2456 Soufleure: (ans den Karten) Morgen, Herr Dogelmenn.
885 2380 1640 2529 Vogelmenn: iigrgen.
870 2502 2700 2708 Sonfleuee: Sie wissen schon von dem Strich in
865 2627 1970 2803 Ihrer Szene, Herr Dygelmann?
858 2759 2517 2947 Lobletn: Dun, woren liegt er schon wieder?
853 2893 2710 3101 Souflenre: Eitte, Herr Reglereur, Ich wollte den
831 3033 2583 3260 Herrn Iygelmann nur die gestrigen Striche-
