3128 3640
2441 536 2609 641 277
782 672 1608 843 Dregulein: Gch gehe.
792 799 2673 916 Korl Bern: Eitte.. Ich bleibe hierd. Ich halt's
794 948 2651 1116 unten nicht aus. Jeden Moment möchte man sel-
797 1074 2753 1211 ber auf die Bühne springen und unterbrechen. Je-
806 1223 2568 1369 des Wort, das die Herrschaften auf der Bühne
802 1350 2504 1547 reden, kommt einem so (beiläuftgvor oder so
794 1508 1620 1644 Falsch. -en teleit
794 1635 2631 1805 Dregulein: Und wenn Ihnen die richtigen einge-
792 1791 2446 1917 falien waren, die da drunten tüten'e erst
797 1939 1586 2049 recht nicht merken.
792 2039 1596 2193 Karl Bern: Aber ich.
797 2149 1652 2336 Dregulein: Wer welse
780 2310 2556 2483 Karl Bern: Wenigstene hätte igh nicht ein so
792 2458 1623 2585 schlechtes Gewissen.
1764 2463 2076 2612 Su stuhert
794 2543 2673 2758 Trsgulein: (kommen 8ie. Ee(iet wirklich nicht so
784 2738 1038 2833 arB..
784 2811 2694 2989 Karl Dern: für die Andern nicht, - aber für michl
784 2989 2197 3082 Dregulein: Reden Sieskeinen Unsinn.
770 3111 2682 3255 Karl Dern: Hätte ich mir dae nicht alles erepa-
