3208 3544
2767 456 2894 583 14
1092 529 2849 758 Also Helène, wenn du so lange warten willet-
1094 701 2858 915 ich möchte nur noch Mathilde Adieu sagen.(zu
1092 819 1503 965 ihnen hinl
1073 965 2854 1197 Intoinette: (zu Helene mit Blick auf Methildel
1056 1099 2927 1301 Sofort fängt sie zu strahlen an. Ee ist gerade-
1059 1216 2955 1433 zu rührend. Warum heiratet er sie nicht endlich
1045 1341 2865 1602 Richard: Hast da mir schon verzlehen, Mathilde.
1030 1477 1884 1649 und Tr,grdtge Pre
1023 1619 1795 1762 Mathilde: Was denn?
1016 1736 2811 1960 Richard: Dass ich vorgester Abend dech nicht
1204 1835 1727 1955 gekommen bin.
1009 1887 2767 2068 Mer kExxExLExxLExLahxdan
1000 1990 1720 2153 xxxxxxxhnEx
993 2087 1557 2185 Werin alb ihbee
2164 2113 2395 2244 Spitat
983 2120 2847 2369 Usthidde; du hasf plötzlich den Dienst überneh-
969 2268 1423 2416 men müssen?
1308 2362 1908 2475 de vit cosa cres.
962 2376 2792 2635 Richard: Letter. Darf ich vielleicht morgen...
955 2529 2748 2736 Fr. Telth: kommen Sie doch Sanstag in unsere
941 2618 2828 2929 Toge zur Prentöre Lhner von dern und Nelene ne-
913 2774 1468 2941 türlich auch.
936 2891 2555 3181 1sio treten zu Rolsne und Antofnette hinl
