3160 3576
2496 539 2646 651 281
858 668 2751 791 gehört7 Sie sollten schon auf der Bühne stehen.
865 808 2075 990 Fr. Mentzler: Fraulein Friesell
873 960 2793 1100 Tregulein: (ergreift sie beim Arml Geschwindl Ge-
858 1097 1199 1222 schwindl
855 1227 2222 1359 Franzt:(schuttelt den Kopf) Heinl
885 1329 2584 1504 Eneplzient: Wenn Sie nicht sofort auftreten
850 1481 1838 1626 muss der Vorhang fallen.
855 1618 2416 1773 Dregulein: Franzi 1 Bedenken Sie doch-
863 1728 2711 1903 Inepiaient: Sowas ist ja noch nie da gewesen.
850 1870 2743 2042 Esblein: (in höcheter Erregung) Um Himmele 111-
855 1985 2688 2172 lenl Was ist denn geschehen? Sind Sie krank?
880 2110 2656 2242 ind Sie totz (zu den Andern) Ist sie krank?
858 2267 2676 2464 Inspizient: Wir müssen den Vorhang fallen lae-
848 2414 1032 2536 sen.
845 2484 2544 2698 (von der Dihne her Klarlerepiel) Elh mit
890 2653 2446 2813 ixpizient: Eie wollen den Gotteeidankl
835 2778 2840 2938 Eyblein: Da hat einer eine gute Idee gehabt.(Viel-
833 2905 2646 3027 lzieht haben es die Leute noch nicht bemerkt.
833 3012 2524 3202 En iet noch Zeit, Friesell (aber nicht lang.
833 3152 2658 3359 Proguleln: Franzl, Ihre Carrier- steht auf dem
