3112 3512
2433 413 2613 579 230
865 528 2030 679 In diesem Angenhlick Telefon.
855 564 2777 747 Mederd. Truckt zuannen, en Detpeet son OINAtekt
850 735 2780 872 zuhause. Wer innerer fet,tol Oin Mcht enhauser
848 862 1321 999 Hetend: (ab)
835 943 2762 1160 Mathilde: Da sollteet dich nicht verleugnen las-
828 1114 1348 1246 sen,Richard.
848 1236 1932 1390 Richard: Man muss manchmal.
838 1363 2794 1549 Mathilde: Nie muss man. Ee gibt keine Angelegen-
826 1490 2753 1678 heit auf der Welt, die sich nicht besser mit Auf-
835 1646 1991 1778 richtigkeit erledigen liesse.
821 1724 2780 1915 Fichard: Ach Gott, Mathilde, wenn das Leben so ein-
813 1898 1319 2025 fach wäre...
813 1991 2726 2196 Mathilde: Ee ist ganz einfach. Man muss nur wis-
811 2127 1507 2281 sen, was man will.
808 2254 2765 2472 Richard: Glaubet duz (nervde) Was telefoniert sie
801 2428 1705 2540 denn daf drin so lang?
799 2504 2689 2704 Mathilde: ac Vernünftigete wäre wohl, du gingst
789 2648 2758 2841 selber ane Telefon etatt nervös im Zimmer hin und
784 2760 1373 2919 her zu rennen.
789 2885 2665 3102 Riohard, Mer sagt dir denn, dass ich nerrds bin.
772 3024 2704 3236 vethilde: Dir liest man sa alles von der Stirne
769 3200 928 3302 ab.
