3208 3576
2446 492 2610 620 100
1003 655 1561 815 Baron: (höhnis
978 785 2652 899 "Karl Bern: Oder wohin immer -.. Jedes falls
1240 887 1407 968 ikle
1008 927 2724 1068 geheint er, daes sie die Fanny absolut nicht
1003 1071 1584 1196 expielen will.
1013 1182 2694 1322 Daron: Sie wird die Fanny spielen.Oder wir
1010 1310 2657 1447 werden die Koneequenzen zu ziehen wieren.
999 1449 2808 1607 Karl Bern: Ee täte mir leid, wenn gerade mein
1020 1591 2799 1693 Stück... Ich möchte mir doch erlauben... Man
999 1733 2650 1891 konnte vielleicht eine Umbesetzung in Be-
1001 1825 1572 2004 tracht ziehen.
982 1974 2850 2144 Baron: Aber,Herr Voktor, Sie wieren ja, dass wir
987 2134 2081 2276 keine Möglichkeit haben....
992 2237 2608 2401 Karl Sern: (bestimnt) Vielleicht doch...
999 2383 1526 2550 Baren: (Blick)
982 2494 2641 2655 Karl Bern: Die bieherige Darstellerin der
999 2657 1949 2808 Emmi, Fräulein Friesel,-
996 2794 2650 2926 Baron: (beinahe höhniech) Aberilerr Bern -
999 2915 2750 3075 Bern: Um Miesverständniesen vorzubeugen, Herr
1001 3038 2641 3193 Baron - Fräulein Friesel hat keine Ahnung
973 3149 2666 3314 von dem Schritt, den ich in ihrem und viel-
