3080 3528
2196 459 2340 590 297
875 687 2422 848 Ein junger Menech: No bleiben sie denn?
868 811 2566 969 Ein zweiter: Sie müsgen sich doch erst ab-
873 947 1291 1063 schminken.
863 1053 2546 1207 Ein jungee Mädohen: (zu einem andern. Heut
863 1202 2070 1353 muss ich einen Greger kriegen.
863 1294 2856 1453 Zweites Mädchen: Hab ich schon lang. And eue Rehppt
863 1435 2662 1591 Eretes: Du werst wahrecheinlich bei ihm oben.
863 1547 2744 1757 Ein Ähnenarbeiter: (zum Portier) Ich hab'e doch
858 1715 1480 1847 selber gesehen.
868 1844 2816 1990 2.Arbeiter: Es war ja noch lang nicht aue und der
863 1978 2050 2122 Vorhang hat herunter müeren.
858 2095 2516 2266 3. Junges Madchen: Eie Neue war aber recht
850 2241 1200 2375 schwach.
865 2347 2028 2489 2.Mädchen: Was für eine Heuel
850 2476 2771 2657 3.Mädchen: Die die dumme Nocken gespielt hat,die
850 2603 1971 2734 sich so viel gefallen lasst.
863 2734 2771 2913 Ein junger Menech: Ist denn das nicht die Roveda
855 2895 1192 3022 gewegen?
858 2984 2801 3111 Ein Bühnenarbeiter: Es ist um die Rettungsgesell-
855 3143 1919 3292 schaft tolefoniert worden.
