3091 3576
731 544 2674 739 Wolter ruchwarte Mathilde Veith mit ihrer Matter
736 704 2496 870 und Pretuanig verold, der Bräutigen. In Salon
731 835 2699 991 selbet rechte Frau Eiderhof mit Dr. Richard Fricke.
724 1060 2706 1255 am Buftet zmel junge Leute: Baron Gradel und Rutte
727 1233 2568 1411 Ratte, Junger Mensch(reicht dem Diener eben ein
741 1349 1764 1517 hampagnerglas zum Guilen)
724 1488 2629 1646 Baron Gradelsetwer Alter,eicherer, ziemlich arro-
736 1619 2526 1762 gant):Ee wäre Zeit zu gehen. Dae fert ist zu
722 1757 956 1863 Ende-
727 1861 1557 2019 Rutte: Ein Glae noch.
712 1952 2521 2145 Gradel; bestatte lch. (zum Dienerl bitte mir
727 2140 949 2254 auch-
729 2224 1554 2424 (Diener schenkt ein 1
717 2281 2543 2553 Rutteilart Mich auf Aatolnettel Aurech eicht
722 2521 1297 2666 die Braut aus.
717 2637 1520 2802 Gradel: Interessant.
719 2768 2513 2973 hattei Sie wird unsern Freund Gerold nanche
719 2923 1641 3072 Ausg zum kusgken geben.
719 3047 998 3232 Gredel.
1021 3030 2207 3260 netserog reclten versten.
