2952 3528
2282 290 2425 417 303
607 468 1611 607 (Fricke und Fr. Veith abl.
602 556 2467 758 Ludwig hat sich von dieser Szené fern gehalten.
607 639 2401 858 Treguletnstritt zu Ludnig hinl Wein Nene 1e1
619 904 1034 1016 tregulein.
619 985 1516 1124 Ludwig: Doktor Gerold.
624 1043 2586 1248 Dregulein: Entschuldigen, Herr Doktor, wenn ich mir
629 1185 2481 1394 die Frage erlaube, -die dunkelroten Rosen waren
644 1399 1260 1506 wohl von Ihnen?
644 1450 2508 1655 Ludwig: Sie hat also die Blumen noch erhalten?
658 1594 2325 1760 Dregulein: Auch Ihren Brief,Herr Doktor.
936 1748 1185 1826 Nan -i
656 1694 2603 1892 Ludwig: Sie haben mir offenbar irgendetwas zu se-
675 1945 853 2050 gen?
665 1989 1682 2155 Dregilein: (zdgernd) Nein.
673 2152 1406 2284 Ludwig: Ich bitte.
682 2216 2545 2401 Dregulein: Ee iet möglicherweise nicht im Sinne
685 2398 1589 2542 der Dahingeschiedenen.
690 2462 2598 2676 Ludwig: (ungeduldig) Sie werden wohl die Güte ha-
702 2635 1684 2810 ben7 War hat sie geragtt
724 2718 2652 2930 dregulein: Diese Blunen, ragte sie,-diese dunkel-
736 2854 2672 3069 roten Rosen, -ex maren sonst keine da, -es hat sich
722 2988 2684 3205 aleo bestimrt auf Ihre Buuen bezogen - die sind
