3096 3496
2494 360 2658 501 311
967 452 2724 640 der xht berechtigteren Anspruch
969 640 2694 746 auf meine Liebe erheben dürfte als du. Aber
969 750 2708 908 ich kenn ihn nicht. Und wenn ich ihn kennte,
960 866 2717 1052 würde ich wahrscheinlich gar nicht bemerken,
967 1007 2604 1139 dass ich ihn eher lieben sollte als dich.
946 1139 2745 1289 Fichard:ukk Du würdest schon - Und auch wenn
948 1268 2752 1400 nicht -irgendeinmal, sehr bald wahrscheinlich-
948 1367 2665 1531 käme der Moment, da würde dir grauen vor mir
950 1534 2665 1677 und vor dir. Nein,ich liebe dich nicht. Nur
946 1656 2809 1809 eine Sehnsucht habe ich, nur eine und die ist
948 1771 2736 1929 unerfüllbar: gut zu machen,was geschehen ist.
936 1927 2734 2061 Mathilde: Gut zu machen? Und wenn du sie wie-
939 2037 2701 2167 der zum Leben erwecken könntest,-glaubst du,
946 2188 2788 2284 du hättest damit irgend etwas gut gemacht? Ich
939 2317 2729 2449 glaube nicht. Was man an einem gesündigt hat,
941 2430 2703 2571 der nicht mehr da ist-gut machen kann man es
939 2541 2576 2705 doch imner nur an einem, der slebt. Unerd
927 2684 2609 2825 Richard: Die Wahrheit iet mir zu wohlfeil.
925 2804 2564 2974 Mathilde: Dae sind ja die meistens.ff.A.
925 2962 2811 3115 Richard: Ee gibt schon ein Wiedergutmachen, aber
