<?xml version="1.0" encoding="UTF-8" standalone="yes"?>
<PcGts xmlns="http://schema.primaresearch.org/PAGE/gts/pagecontent/2013-07-15" xmlns:xsi="http://www.w3.org/2001/XMLSchema-instance" xsi:schemaLocation="http://schema.primaresearch.org/PAGE/gts/pagecontent/2013-07-15 http://schema.primaresearch.org/PAGE/gts/pagecontent/2013-07-15/pagecontent.xsd">
    <Metadata>
        <Creator>prov=READ-COOP:name=PyLaia@TranskribusPlatform:version=2.7.0:model_id=50870:lm=none:date=22_01_2024_14:24</Creator>
        <Created>2023-09-27T14:32:19.445+02:00</Created>
        <LastChange>2024-01-22T14:24:29.559+01:00</LastChange>
        <TranskribusMetadata docId="1589025" pageId="60121864" pageNr="85" tsid="145612085" status="IN_PROGRESS" userId="40391" imgUrl="https://files.transkribus.eu/Get?id=BEGOXARPYRINXRIRLFKEGJHG&amp;fileType=view" xmlUrl="https://files.transkribus.eu/Get?id=DOLAXHTFUDWCQFSTCOBPXTXY" imageId="48546943"/>
    </Metadata>
    <Page imageFilename="1589025_0085.jpg" imageWidth="3272" imageHeight="3592">
        <ReadingOrder>
            <OrderedGroup id="ro_1711796647147" caption="Regions reading order">
                <RegionRefIndexed index="0" regionRef="tr_1"/>
                <RegionRefIndexed index="1" regionRef="tr_2"/>
            </OrderedGroup>
        </ReadingOrder>
        <TextRegion orientation="0.0" id="tr_1" custom="readingOrder {index:0;}">
            <Coords points="683,2027 683,2211 1226,2211 1226,2027"/>
            <TextLine id="tr_1_tl_1" custom="readingOrder {index:0;}">
                <Coords points="670,2087 785,2104 818,2084 937,2084 961,2108 1037,2096 1088,2142 1197,2135 1221,2125 1219,2018 1157,2039 1102,2003 1021,2027 964,1975 906,1958 668,1987"/>
                <Baseline points="683,2076 710,2074 737,2074 764,2075 791,2077 818,2079 845,2083 873,2085 900,2085 927,2085 954,2085 981,2085 1008,2086 1035,2088 1063,2088 1090,2087 1117,2084 1144,2082 1171,2082 1198,2082 1226,2085"/>
                <TextEquiv>
                    <Unicode>eranfactiae</Unicode>
                </TextEquiv>
            </TextLine>
            <TextLine id="tr_1_tl_2" custom="readingOrder {index:1;}">
                <Coords points="799,2225 863,2206 887,2228 906,2220 930,2235 954,2225 968,2237 997,2232 1028,2204 1042,2209 1095,2180 1097,2111 1045,2092 1011,2111 980,2099 964,2108 952,2096 933,2111 871,2084 847,2101 801,2084"/>
                <Baseline points="811,2183 837,2183 863,2185 889,2187 916,2189 942,2189 968,2189 994,2187 1021,2185 1047,2181 1073,2179 1100,2177"/>
                <TextEquiv>
                    <Unicode>tbelt</Unicode>
                </TextEquiv>
            </TextLine>
            <TextEquiv>
                <Unicode></Unicode>
            </TextEquiv>
        </TextRegion>
        <TextRegion orientation="0.0" id="tr_2" custom="readingOrder {index:1;}">
            <Coords points="1253,610 1253,3207 3177,3207 3177,610"/>
            <TextLine id="tr_2_tl_1" custom="readingOrder {index:0;}">
                <Coords points="1278,727 1584,747 1822,668 2108,668 2218,730 2383,677 2943,704 3108,673 3105,563 2490,618 2185,565 1939,611 1805,565 1586,570 1505,622 1276,589"/>
                <Baseline points="1291,668 1382,665 1473,666 1564,667 1655,668 1746,668 1837,668 1929,668 2020,668 2111,667 2202,667 2293,668 2384,671 2475,668 2567,668 2658,669 2749,671 2840,671 2931,671 3022,668 3114,665"/>
                <TextEquiv>
                    <Unicode>Richard: Ich. Mollen Sie meine Partie überneh-</Unicode>
                </TextEquiv>
            </TextLine>
            <TextLine id="tr_2_tl_2" custom="readingOrder {index:1;}">
                <Coords points="1266,866 1655,823 2180,859 2273,806 2681,856 2860,804 3012,842 3012,701 2860,682 2655,756 2538,732 2435,768 2318,725 2077,761 1946,727 1266,742"/>
                <Baseline points="1279,796 1366,796 1453,799 1540,799 1627,797 1714,800 1801,802 1888,802 1975,802 2062,802 2149,804 2236,803 2323,802 2410,804 2497,802 2584,802 2671,802 2758,805 2845,802 2932,802 3019,808"/>
                <TextEquiv>
                    <Unicode>men. Herr tregulein? Ich bin heute etwak der-</Unicode>
                </TextEquiv>
            </TextLine>
            <TextLine id="tr_2_tl_3" custom="readingOrder {index:2;}">
                <Coords points="1283,964 1379,973 1433,1004 1481,973 1529,990 1550,975 1576,985 1593,980 1591,890 1550,873 1450,873 1407,854 1369,861 1345,844 1278,861"/>
                <Baseline points="1294,930 1319,928 1344,927 1369,927 1394,927 1419,927 1445,928 1470,930 1495,930 1520,930 1545,932 1570,934 1596,939"/>
                <TextEquiv>
                    <Unicode>streut.</Unicode>
                </TextEquiv>
            </TextLine>
            <TextLine id="tr_2_tl_4" custom="readingOrder {index:3;}">
                <Coords points="1281,1114 1648,1133 1758,1066 1889,1061 3096,1104 3093,940 2464,921 2228,1016 2001,956 1836,1014 1278,966"/>
                <Baseline points="1294,1053 1384,1056 1474,1053 1565,1059 1655,1062 1746,1059 1836,1062 1926,1059 2017,1065 2107,1065 2198,1067 2288,1065 2378,1066 2469,1065 2559,1068 2650,1068 2740,1068 2830,1070 2921,1071 3011,1071 3102,1079"/>
                <TextEquiv>
                    <Unicode>Karl Dern: Sie wollen schen gehent Ich glande.</Unicode>
                </TextEquiv>
            </TextLine>
            <TextLine id="tr_2_tl_5" custom="readingOrder {index:4;}">
                <Coords points="1290,1245 1863,1262 1975,1200 2607,1228 2705,1197 2857,1233 3069,1202 3067,1142 3003,1130 2819,1161 1288,1126"/>
                <Baseline points="1300,1184 1388,1187 1477,1187 1566,1190 1655,1187 1743,1190 1832,1190 1921,1190 2010,1193 2098,1192 2187,1193 2276,1193 2365,1193 2453,1195 2542,1197 2631,1195 2720,1196 2808,1196 2897,1196 2986,1196 3075,1202"/>
                <TextEquiv>
                    <Unicode>dase unrer Gesprueh noch nicht gans zn unsere</Unicode>
                </TextEquiv>
            </TextLine>
            <TextLine id="tr_2_tl_6" custom="readingOrder {index:5;}">
                <Coords points="1286,1376 1495,1395 1715,1319 1805,1390 2075,1405 2204,1328 2841,1352 2841,1293 2733,1259 1286,1252"/>
                <Baseline points="1298,1314 1375,1315 1452,1315 1530,1318 1607,1318 1685,1318 1762,1321 1839,1321 1917,1321 1994,1321 2072,1322 2149,1327 2226,1324 2304,1324 2381,1321 2459,1324 2536,1324 2613,1324 2691,1324 2768,1327 2846,1333"/>
                <TextEquiv>
                    <Unicode>Diskuesion noch nicht ganz zu Ende wer.</Unicode>
                </TextEquiv>
            </TextLine>
            <TextLine id="tr_2_tl_7" custom="readingOrder {index:6;}">
                <Coords points="1283,1500 1472,1531 1619,1483 1693,1522 1896,1460 2175,1457 2521,1488 2521,1421 2421,1381 2180,1424 2113,1386 1283,1374"/>
                <Baseline points="1297,1449 1358,1449 1419,1449 1481,1449 1542,1449 1604,1452 1665,1450 1727,1450 1788,1452 1850,1454 1911,1452 1972,1452 2034,1452 2095,1452 2157,1453 2218,1456 2280,1455 2341,1455 2403,1455 2464,1455 2526,1461"/>
                <TextEquiv>
                    <Unicode>Dregilein: Oh,ich habe gestört.</Unicode>
                </TextEquiv>
            </TextLine>
            <TextLine id="tr_2_tl_8" custom="readingOrder {index:7;}">
                <Coords points="1281,1634 1672,1646 1836,1584 3174,1619 3174,1464 2771,1536 2519,1481 2094,1536 2044,1503 1598,1538 1281,1503"/>
                <Baseline points="1294,1551 1388,1575 1482,1576 1576,1578 1670,1578 1764,1581 1858,1581 1953,1586 2047,1581 2141,1581 2235,1584 2329,1587 2423,1585 2517,1586 2612,1584 2706,1585 2800,1587 2894,1588 2988,1587 3082,1590 3177,1590"/>
                <TextEquiv>
                    <Unicode>Eichard: Keineswege. Bitte spielenie nur meine</Unicode>
                </TextEquiv>
            </TextLine>
            <TextLine id="tr_2_tl_9" custom="readingOrder {index:8;}">
                <Coords points="1278,1712 1758,1720 1958,1786 2228,1739 2521,1794 2597,1748 2745,1791 2898,1734 3163,1755 3132,1610 2979,1650 2805,1593 2519,1603 2287,1672 1278,1636"/>
                <Baseline points="1291,1706 1384,1706 1478,1709 1572,1711 1666,1707 1760,1711 1854,1711 1947,1710 2041,1712 2135,1712 2229,1712 2323,1712 2417,1715 2511,1716 2604,1715 2698,1715 2792,1720 2886,1719 2980,1717 3074,1718 3168,1724"/>
                <TextEquiv>
                    <Unicode>Partie zu Ende. (zn Karl dern(Ich hleibe noch,</Unicode>
                </TextEquiv>
            </TextLine>
            <TextLine id="tr_2_tl_10" custom="readingOrder {index:9;}">
                <Coords points="1266,1896 1405,1901 1565,1839 2151,1884 2271,1846 2750,1846 2869,1884 3017,1851 3089,1887 3172,1875 3170,1748 3048,1798 2814,1758 2323,1803 2084,1755 2018,1794 1708,1794 1426,1727 1264,1777"/>
                <Baseline points="1279,1834 1373,1834 1468,1837 1563,1837 1658,1837 1753,1837 1848,1839 1943,1837 2038,1840 2133,1846 2228,1843 2322,1842 2417,1842 2512,1841 2607,1846 2702,1843 2797,1843 2892,1846 2987,1843 3082,1846 3177,1846"/>
                <TextEquiv>
                    <Unicode>ich lese indeesen ein paar Zeitungen. Wir können</Unicode>
                </TextEquiv>
            </TextLine>
            <TextLine id="tr_2_tl_11" custom="readingOrder {index:10;}">
                <Coords points="1278,1977 2581,1972 2795,2077 2943,2008 3141,2015 3139,1937 2991,1960 2833,1908 2473,1939 2259,1894 2127,1939 2063,1908 1922,1937 1817,1889 1276,1894"/>
                <Baseline points="1288,1963 1385,1963 1483,1965 1581,1963 1679,1966 1777,1966 1875,1966 1972,1969 2070,1969 2168,1969 2266,1972 2364,1972 2462,1970 2559,1971 2657,1974 2755,1975 2853,1977 2951,1980 3049,1979 3147,1977"/>
                <TextEquiv>
                    <Unicode>dann weiterreden, wenn er Ihnen recht isten-</Unicode>
                </TextEquiv>
            </TextLine>
            <TextLine id="tr_2_tl_12" custom="readingOrder {index:11;}">
                <Coords points="1560,2042 1794,2022 1829,2039 1884,2020 1956,2049 2125,2058 2125,1982 2092,1975 1965,1991 1913,1972 1560,1972"/>
                <Baseline points="1572,2019 1599,2019 1627,2020 1655,2022 1683,2022 1711,2022 1739,2020 1767,2019 1795,2019 1823,2019 1851,2019 1878,2019 1906,2019 1934,2019 1962,2019 1990,2020 2018,2022 2046,2024 2074,2024 2102,2022 2130,2022"/>
                <TextEquiv>
                    <Unicode>Vallentt iir</Unicode>
                </TextEquiv>
            </TextLine>
            <TextLine id="tr_2_tl_13" custom="readingOrder {index:12;}">
                <Coords points="2468,2087 2499,2082 2511,2092 2535,2077 2585,2073 2621,2092 2676,2099 2678,1989 2657,1996 2628,1980 2595,1989 2578,1972 2471,1991"/>
                <Baseline points="2482,2028 2507,2031 2532,2031 2557,2031 2582,2031 2607,2030 2632,2028 2657,2027 2682,2025"/>
                <TextEquiv>
                    <Unicode>ih</Unicode>
                </TextEquiv>
            </TextLine>
            <TextLine id="tr_2_tl_14" custom="readingOrder {index:13;}">
                <Coords points="1259,2099 2282,2118 2282,2056 2209,2039 1600,2042 1514,1970 1469,2015 1259,2032"/>
                <Baseline points="1273,2088 1323,2088 1374,2091 1425,2092 1476,2094 1526,2094 1577,2094 1628,2094 1679,2094 1729,2094 1780,2094 1831,2095 1882,2097 1932,2097 1983,2094 2034,2097 2085,2097 2135,2098 2186,2099 2237,2100 2288,2109"/>
                <TextEquiv>
                    <Unicode>Karl Hern: Einverstanden.</Unicode>
                </TextEquiv>
            </TextLine>
            <TextLine id="tr_2_tl_15" custom="readingOrder {index:14;}">
                <Coords points="1266,2232 1603,2223 1910,2297 2347,2261 3165,2280 3141,2168 2600,2144 2178,2197 2020,2154 1266,2151"/>
                <Baseline points="1279,2216 1373,2219 1468,2219 1562,2220 1657,2223 1752,2223 1846,2227 1941,2225 2035,2228 2130,2228 2225,2228 2319,2231 2414,2230 2508,2229 2603,2231 2698,2229 2792,2232 2887,2234 2981,2237 3076,2237 3171,2240"/>
                <TextEquiv>
                    <Unicode>Richard: (eetzt sich an einen anderen Tiech,nimmt</Unicode>
                </TextEquiv>
            </TextLine>
            <TextLine id="tr_2_tl_16" custom="readingOrder {index:15;}">
                <Coords points="1271,2418 3072,2414 3084,2302 2993,2271 2836,2316 2583,2282 2502,2313 2418,2275 2325,2313 2201,2268 2027,2316 1784,2275 1720,2311 1565,2278 1269,2311"/>
                <Baseline points="1282,2350 1372,2350 1463,2350 1553,2353 1644,2350 1734,2356 1825,2359 1915,2362 2006,2356 2096,2357 2187,2355 2278,2356 2368,2357 2459,2359 2549,2359 2640,2359 2730,2362 2821,2362 2911,2362 3002,2363 3093,2371"/>
                <TextEquiv>
                    <Unicode>eine Zettung, legt sie bald fort, ruft dann den</Unicode>
                </TextEquiv>
            </TextLine>
            <TextLine id="tr_2_tl_17" custom="readingOrder {index:16;}">
                <Coords points="1255,2502 2850,2523 2850,2423 2740,2397 2542,2454 2149,2442 2094,2395 1879,2440 1255,2406"/>
                <Baseline points="1267,2479 1346,2479 1425,2479 1505,2482 1584,2482 1664,2479 1743,2484 1822,2482 1902,2484 1981,2485 2061,2483 2140,2485 2219,2489 2299,2491 2378,2488 2458,2493 2537,2493 2616,2488 2696,2491 2775,2493 2855,2494"/>
                <TextEquiv>
                    <Unicode>Keliner, der einen Auftrag entgegennimmt)</Unicode>
                </TextEquiv>
            </TextLine>
            <TextLine id="tr_2_tl_18" custom="readingOrder {index:17;}">
                <Coords points="1264,2623 3163,2650 3163,2561 3084,2526 2748,2590 2466,2545 1918,2583 1851,2540 1264,2528"/>
                <Baseline points="1276,2610 1370,2610 1465,2611 1559,2613 1654,2614 1749,2613 1843,2614 1938,2616 2032,2616 2127,2619 2222,2619 2316,2621 2411,2622 2505,2621 2600,2622 2695,2622 2789,2623 2884,2625 2978,2625 3073,2628 3168,2634"/>
                <TextEquiv>
                    <Unicode>Dregulein:(setzt sich zu Karl Bern an den Tiech,</Unicode>
                </TextEquiv>
            </TextLine>
            <TextLine id="tr_2_tl_19" custom="readingOrder {index:18;}">
                <Coords points="1269,2755 2993,2767 3110,2810 3110,2664 2931,2700 2752,2659 2561,2721 2395,2664 1984,2707 1872,2652 1791,2690 1269,2678"/>
                <Baseline points="1282,2741 1373,2738 1465,2741 1557,2741 1649,2742 1740,2741 1832,2744 1924,2741 2016,2744 2107,2746 2199,2745 2291,2746 2383,2748 2474,2748 2566,2748 2658,2754 2750,2754 2841,2755 2933,2756 3025,2756 3117,2765"/>
                <TextEquiv>
                    <Unicode>betrachtet dar Schachbrett) Eine originelle Fr.</Unicode>
                </TextEquiv>
            </TextLine>
            <TextLine id="tr_2_tl_20" custom="readingOrder {index:19;}">
                <Coords points="1255,2938 1612,2943 1767,2876 1960,2917 2695,2891 3022,2981 3170,2941 3167,2810 3000,2767 2903,2800 2435,2764 2115,2826 2001,2783 1856,2829 1255,2802"/>
                <Baseline points="1267,2873 1362,2870 1457,2871 1553,2873 1648,2872 1743,2874 1839,2873 1934,2875 2029,2875 2125,2875 2220,2878 2315,2879 2411,2878 2506,2879 2601,2884 2697,2884 2792,2887 2887,2888 2983,2887 3078,2887 3174,2893"/>
                <TextEquiv>
                    <Unicode>oernung, aber gefährlich, tolikihn beinahe. (denkt</Unicode>
                </TextEquiv>
            </TextLine>
            <TextLine id="tr_2_tl_21" custom="readingOrder {index:20;}">
                <Coords points="1240,3053 1281,3058 1300,3043 1352,3067 1393,3046 1410,3058 1424,3050 1460,3072 1479,3069 1476,2924 1410,2924 1386,2941 1345,2934 1326,2950 1288,2931 1238,2936"/>
                <Baseline points="1253,3004 1278,3002 1304,3001 1330,3003 1356,3003 1381,3001 1407,3004 1433,3007 1459,3005 1485,3004"/>
                <TextEquiv>
                    <Unicode>nochl</Unicode>
                </TextEquiv>
            </TextLine>
            <TextLine id="tr_2_tl_22" custom="readingOrder {index:21;}">
                <Coords points="1257,3210 1519,3198 1758,3265 2175,3198 3124,3215 3120,3105 2860,3012 2602,3055 2058,2948 1715,3000 1600,3065 1255,3053"/>
                <Baseline points="1267,3129 1360,3135 1453,3135 1546,3137 1639,3138 1732,3142 1825,3145 1918,3147 2011,3152 2104,3155 2198,3155 2291,3156 2384,3162 2477,3162 2570,3165 2663,3166 2756,3171 2849,3174 2942,3175 3035,3177 3129,3180"/>
                <TextEquiv>
                    <Unicode>tort der: mntrlobtigsterr Drogaletahalten die</Unicode>
                </TextEquiv>
            </TextLine>
            <TextEquiv>
                <Unicode></Unicode>
            </TextEquiv>
        </TextRegion>
    </Page>
</PcGts>
