3128 3528
2466 481 2734 622 228 e
855 629 1436 773 Sechetes Bild.
868 763 2063 841 Speisezimmer im Hause Frickes.
860 889 2748 1050 Praeident Fricke an Mittagstisoh mit seinen kin-
848 1025 2534 1176 dern Helene und Richard. Schwarzer Kaftee.
892 1137 2760 1300 ichard: (ExtakxxagtaxxHxxXxXAxXX und erhebt
860 1264 2673 1407 sichf xdz und trinkt seine Taese stehendl
860 1356 1339 1436 Aanx Adleu.
858 1412 2692 1560 Fricke: (von der Zeitung aufblickend)So eilig?
855 1528 2714 1665 Tichard: Ich ordiniere heute für Gerold in sei-
843 1682 2360 1762 ner Wohnung natürlich. (trinkt weiter)
850 1781 2697 1932 Fricke: Ja richtig. Aber heute Aben! sieht man
848 1917 1273 2046 dich doch?
846 2029 1810 2192 Hichard: Wahrscheinlich.
848 2175 2777 2318 Fricke: (hat sich auch erhoben. Blick zum Fensterl
843 2299 2792 2462 Ganz sphön geworden. (zu Helene) Willst du später
843 2425 2221 2576 ein wenig mit mir spazieren gehenf
843 2554 1623 2705 Helene: Gern,Vater.
848 2675 2668 2829 kricke: Gegen halb vier,wenn's dir recht ist.
836 2846 2685 2974 Ich will mich noch auf eine Weile hinlegen. (ab
836 2952 1283 3057 nach links)
843 3086 1451 3242 Richard, Helene.
