3128 3528
2548 419 2708 550 235.
1126 528 2776 685 Mathilde: Ioh telefoniere dir abende. Auf
1129 665 2047 816 Wiedereehenl leie geht)
1131 785 2814 956 Fricke: (noch unter der Todesnachricht) Man
1120 918 2763 1080 hatte eeiihm nicht angesehen und ex war um
1120 1058 2752 1226 ein paar jünger als ich.-(Ja, ich muss ins
1115 1197 2736 1346 Büro. Ich werde zu Fus- hingehen. Willst
1107 1335 2814 1495 du mich nicht ein bischen begleiten? Es. ist
1095 1457 1719 1579 so schön heute.
1091 1566 2827 1745 Ablene: (zdgernd) Ich - ich muss leider tich
1087 1696 2366 1858 (erwarte ich) Herrn Bern. Emit
1084 1823 2798 2005 Fricke: Sof-Richard ist doch nicht mehr zu-
1071 1965 1344 2067 hause.
1067 2078 2818 2257 Helene: (läche lnd) Frotzdem. Ich erwarte ihn.
1078 2211 1761 2342 Fricke, Em. Hun-
1051 2342 2821 2532 Helefne: (Binfach) Du hast etwae gegen ihn,Va
1056 2477 1235 2603 terz
1053 2586 2787 2792 Fricke.Das wäre falsch ausgedrückt. Ich hebe
1031 2741 2763 2927 sehr viel Respekt vor seinem Talent. Aber,
1038 2861 2716 3031 anttex- ich kenn mir nicht helfen,die
1027 2991 2716 3153 richtige Gesellschaft für Richard scheint
985 3138 2767 3311 er mir doch nicht zu sein. Für dich übrigens
