3016 3608
243 479 506 647 J. 10.30
554 634 1105 794 Achtee Bild.
567 770 1380 944 Konversatione sinmer.
564 875 2464 1016 Einfach eingerichtet,, an den Wänden Bilder von
570 1051 2418 1236 Seliauepiolern und Dichtern mit Widnungen. Eine
575 1206 2448 1362 Ture rechte, von der einige Stufen hinab fhren.
621 1327 2432 1493 in der Mitte ein Flech. An der linken Hand ein
570 1469 2539 1640 sehr einfacher Diran, an der Rückwand ein kleines
575 1616 1699 1701 Tischehen und einige Beseel.
562 1717 2691 1883 Zu geginn der Szene (hört man noch das Klingelrotohen,
562 1872 2547 2020 des gtetche, das an tohluer des vorigen Bilder zu
1926 1988 2322 2062 v Cace
540 1985 2520 2175 ar) tont das Klingelzeichen des vorigen
572 2132 1035 2298 Extes fort.
551 2250 2616 2405 Einige Schauspieler und Schauspielerinnen in Maske
564 2416 2662 2579 und Koetum verlassen eben das Zimmer, um sich auf die
1466 2523 1982 2624 aise cis tentennt
564 2555 2616 2699 Bühne zu begeben. Linke tet franzi, aufcheinend un-
562 2656 1035 2854 botorlist.
551 2763 1530 2959 Dreguletn und Bogelnenn.
546 2929 2696 3074 Dogelmann schen ohne Kaske mit Uebersieher u.s.w. zum
564 3036 1257 3183 Vortechen berelt.
