3144 3496
2597 467 2759 646 241
1064 539 1848 723 Aicht am Ihr Stuckt
1057 699 2836 875 Karl Bein: Natürlich handelt ex sich um mein
1052 849 2841 1033 Stück. e will ihre Rolle wieder haben. Ich
1054 956 2733 1157 denke nicht daran. Dieses Fraulein Friesel
1057 1111 2798 1293 wird viel beszer oder wenigetene viel wahrer
1033 1247 2845 1424 sein, als die Agreda jemals geweren wäre. Auch
1035 1364 2795 1557 der Intendant empfindet das. Der will nebet-
1023 1505 2869 1724 bet die Ropeda les sein. Auch iet er eine Pre-
1018 1662 2888 1882 etigefrage für ihn. Ihre Situation iet schwie-
1004 1784 1999 1941 rig. Das fühlt sie auch.
1009 1925 2416 2104 Helene: Das ist mir zu kompliziert.
997 2058 2755 2249 Karl Bern: Kurz und gut. Gerade unter dieeen
997 2197 2759 2428 Umständen bin ich als Gentleman verpflichtet.
975 2333 1436 2461 hinzugehen.
964 2411 2485 2647 Helene: (nicht überzeugt) Entschleden.
956 2592 2879 2831 Karl Bern: Da hältst nich doch für einen Gentlet
954 2709 1138 2812 man?
937 2821 1789 2986 Relene: Gerede defür.
937 2974 1996 3139 Berl Bern: O, des ner hart.
