3128 3528
2515 435 2652 540 233
972 506 2609 686 Helene: Du könntest Recht haben. (Pausel
963 640 2795 781 Mathilde 1 Du hast noch immer keine Ahnung, wer-
975 805 1254 913 es ist?
951 891 2850 1063 Helene: Von wem sprichst dur Ach so. Nein,keine
960 1032 2869 1209 Ahnung. Aber es däuert nicht mehr lang.Ich hable
963 1182 2790 1309 immer vor ihm gewusst, wenn etwas zu Ende ging.
948 1311 2871 1443 Denke, dase ich immer auch ein wenig seine Mutter
948 1421 1127 1541 war.
936 1569 1784 1686 Mathilde: Ach Gott...
936 1691 2771 1825 Helene: Und daher weiss ich auch, dass er über-
934 1815 2764 1968 haupt nie eine Andere geliebt hat als dich,Ma-
932 1952 1237 2066 thilde.
924 2054 2838 2226 Mathilde: Hab ich mir auch manchmal eingebildet,
927 2202 2723 2331 aber es stimmt nicht. Diese Liebe zu mir, die
915 2341 2723 2491 war immer nur ein Aufatmen zwischen der Einen
908 2456 1529 2594 und der Andern.
901 2592 2802 2757 Helene: Wenn du ein wenig klug sein wolltest, du
901 2709 1335 2828 Findskopf.
891 2833 2654 3010 Mathilde: Was du klug nennet,-ich glaube, das
898 2998 1932 3129 ware nicht sehr anständig.
881 3077 2671 3285 Hejens: Was du anständig nennet, das ist viel-
