3224 3560
2498 503 2630 659 18
932 745 2778 910 schon kümmern. Viel anderee werde ich ja nicht
939 872 1803 1015 meir zu tun haben. -
934 1001 2151 1169 Lndwig: Na -xaxxxx
944 1116 2663 1300 Sidon: Und dieser Haue - Ja jetzt könt die
936 1262 1789 1401 Einsamkeit,mein Sohn.
927 1346 2735 1554 Ludwig: Wie kanret du so reden! -du wiret uns
934 1516 2819 1691 immer willkommen sein, nicht nur Antoinette, auch
927 1657 1118 1787 mir.
922 1768 2773 1971 Sidon: Ach, dag das nicht. Auch die Schwieger-
929 1914 1226 2062 vater-
936 2026 2658 2160 Lndwig:leichtlich präokkupiert) Na, ich will
927 2172 2759 2306 doch lieber selbet noch einmal nachhauee tele-
927 2299 2357 2464 fonieren. (will ab, vorbei an Richard)
924 2429 2527 2589 Eichard: Alse, auf ein guter Niedereehen.
927 2532 2565 2709 tndnig. Du willet schen gehent Möchtertdu
910 2670 2805 2840 nicht - ich kleide mich nur um - ich hätte gern
915 2766 2838 2977 Ich paer porto mit dir woh gesprochene ein pe-
1078 2881 1286 2970 Mert
905 2917 1959 3099 Riohard:lbefrendet) Jetzte
903 3054 2680 3236 manigi voriell wegeneinee Fallen - (rasch
912 3195 2096 3372 daron deg nachste Zinmer abl.
