3219 3576
1240 602 2969 774 die Friexel überhaupt, für möglich in meinem
1225 745 1500 874 Stück.
1254 822 3175 1053 treguleini(mit dem Schach beschäftigt, ausweichend
1240 1001 3108 1166 Wir wollen hoften, dass die Roveda epielen wird.
1237 1163 2986 1288 Ohne die Roveda - Sie entschuldigen schon-
1235 1271 3089 1438 scheint mir der Abend, der Erfolg einigermassen
1223 1407 1964 1546 In Fräge geetellt.
1225 1548 2909 1684 Karl Hern: Vielleicht auch mit der Roveda-
1225 1663 2425 1815 Fregulein: (zuckt die Achseinl
1225 1823 3017 1932 Karl Bern: Wiseen Die, Herr tregulein, wenn ich
1218 1916 3046 2081 ein anständiger Menech wäre, würde ich es über-
1211 2066 2312 2200 haupt nicht spielen lassen.
1213 2171 1987 2327 Pregulein: Aber --
1209 2300 2695 2475 Karl Bern: Ich hab keine Freude dran.
1211 2413 3029 2604 Dreguleln: Wae sie da sagen,gefällt mir nicht,
1194 2577 3105 2714 Herr Bern. Man soll nicht an seinem eigenen Werl
1204 2714 2929 2864 zum Verräter werden. Dar ist eigentlich die
1192 2835 2351 2995 schlimnete Art von Eitelkeit.
1180 2950 3067 3122 Karl Bern: (zuetimmend) Eine Eitelkeit mit unge-
1175 3101 1952 3258 kehrtem Vorzeiohen.
