3224 3576
1000 597 2867 760 Sidon:Darf man schon fratulieren, gnddige Frau?
1012 772 2234 940 B.Veith: Nicht, daser ich wüeste
2079 808 2896 940 de verbetaben ni den
1012 889 2942 1057 Siden: Bardon - ich dachte, er vot sihen effiter
1021 990 2817 1211 Fr, Velth: labechwelfend) debrtgerk eiehtsenter.
1012 1187 1865 1340 nette entzückend aus.
1021 1316 2352 1450 Mathilde: (am Buffetl vorbeigehend!
2637 1333 2817 1458 felli
1021 1386 2939 1611 Gradét: leie anthaltend) Ein blae chanpägrez, Fan
997 1575 1244 1729 Zetat
1007 1647 2673 1844 Hethilde: No iet Gemitdie Mana hingeratent
1019 1834 2726 1978 Rutte; Sie spricht eben mit dem Brantvater.
1021 1959 2750 2127 Gradel: (reicht Mathilde ein blas thampagner)
1017 2095 2877 2273 Eutte: Ee war das, was man eine sohbne Hochzeit,
1009 2222 1328 2376 nennt.
1019 2326 2935 2515 Gradel: Meiner unnaesgeblichen Aneicht nach solli
1021 2450 2831 2644 dlese Art von Peetivitat überhaupt abgeschafft
1021 2632 1319 2750 werden.
1012 2726 2630 2925 kathtide: Harun denne Doch ganz hübeoh-
1019 2889 2841 3045 Gradel: Wohrettefeterlichkeiten heben meiner
1007 2997 2829 3213 Eepfindung nach etwas gerademn Unenständiger.&
