3208 3544
678 563 1998 719 Riöhard: Für dich wann du willet.
665 622 2823 834 Helene: Kommst du vielleicht heute Abend nachhause?
681 820 2204 957 Selion wegen Papa... Er - kränkt sich.
686 955 1534 1113 Richärd: Krankt eiohr.
681 1005 2625 1247 Helene: Er macht sich ernetliche Sorgen um dieh.
673 1166 2786 1394 Richard: Dazu iet doch nicht der geringete Grund vorg
689 1349 987 1475 handen.
684 1432 2738 1646 Antoinetteiltritt zu ihnen) Also, Sie übernehmen Lud-
684 1598 2360 1759 wige Patienten während eeiner Abwesenheit?
689 1729 2244 1901 Richard: So weit solche vorhanden sind.
702 1863 1855 2008 Antoinette: Und Patientinnen.
689 1925 2692 2169 Richard: Dae läest sich bei einem Frauenarst nicht.
686 2107 1110 2271 vermeiden.
684 2169 2721 2400 Antoinette: Sie konnten gleich einige behalten. Be-
686 2349 1547 2520 sondere die gesunden.
694 2456 2566 2681 Richerd: lacht etwas gekinstelt, dann zu Relenel
