3256 3576
1278 557 2918 757 Dreguleln: fardon, menn Sie Eich ihn rei-
1284 719 2662 849 leicht eympathiech gedacht haben—
1688 837 2286 928 Arfriten pertr
1289 844 3080 1020 Karl Bern: Meine Antilpathle richtet sich mehr
1282 988 2614 1129 gegen den Helden,gegen den Fedor-
1282 1104 3057 1250 Gregor: (lacht) Danke sehr. Um den mifret.
2436 1211 2833 1314 insellen
1549 1227 2165 1309 neber schrelabel
1284 1252 3109 1424 Karl Bern: Sie retten ihn ja glicklichermaiee.
2128 1362 2391 1444 seug
1246 1376 2573 1535 Gregor: Er hat'e auch mnotwendig.
1282 1519 2799 1679 Karl Bern«(lachend) lanke meinereeité.
1293 1670 3116 1818 Gregor: Sie entechuldigen schon. Aber anfrich-
1273 1759 3075 1912 tig gestanden,ich verteh den Kerl überhaupt
1278 1884 2988 2053 nicht. Was geht ihn das Überhaupt an, ob die
1293 2033 3039 2226 kanni eine Jungfrau ist oder nicht. Dae iet
1284 2201 2448 2304 doch heute kein Problen mehr.
1289 2288 3020 2455 Karl Bern:(bescheiden) Ee ist ja eigentlich
1284 2432 2491 2550 auch nicht als Problem gedacht
1649 2466 3043 2626 Ictauet ken eingern sei weh
1284 2566 3066 2731 uregor:-Man nimmt sie, wie sie sinder f4 A
1403 2669 1706 2747 rinirhen
1289 2674 3093 2813 Dogelmann: Oder laest sie stehen. It nufpetest
1273 2797 3050 2979 Dregulein:Iepteltl 49,50. Revenche gefelligt
1278 2934 3107 3146 vogelmenn: für hent hab ich genug, dritter Uee-
1268 3087 2409 3267 retret. (rirzt den Sreuhinl
