3208 3688
799 771 2798 926 Franzi: Aber später als dréiviertelneun wirde doch
789 905 2713 1040 nie. Wenigstens für mich.In dem neuen Stück hab-
799 1053 2206 1166 ich leider bis zum Schluss zu tun.
789 1138 2703 1311 Eichard: Ach ja, Samstag habt Ihr schon Première.
802 1283 2778 1479 Eihr aus der Tasche das Manuecript reichend) Hier
778 1451 2351 1588 hast du übrigens das Hanuscript wieder.
784 1575 2610 1710 Franzl: Ach ja,wie gnhat es dir den gefallen?
776 1697 1950 1841 Richard: Ju spielst die Emmi?
778 1803 2338 1953 Franzi: Eine rechte Schmarnrolle, -was?
771 1942 2723 2087 Richard: Du wirst hübech aussehen. Für die Fanny
778 2092 2809 2242 hättest du freilich mehr - Erinnerungen,Erlebniese.
760 2227 1984 2348 Hast du das gar nicht bemerkt?
755 2333 2767 2503 Fnanzi: (absichtlich nicht eingehendl Alle bei uns
771 2488 1816 2604 sagen, es wird durchfallen.
776 2573 2672 2767 Kiohard: Und hast du für die nächete Zeit nichte
763 2736 1658 2891 Grosseres in Aussicht?
758 2850 1810 2974 Franzi: Hoffentlich nicht.
773 2928 2850 3075 Klohard: Hoffentlicht Gar nicht ehrgelzigt (er sitzt
763 3008 2524 3168 auf dem Stuhl beim Ofen wie früher Franzil.
