3144 3608
2601 503 2755 628 270
736 580 2776 813 Dogelmann: kanen Sie nlahta komnet du nicht mit.
723 779 2792 914 (Fregulein7) Da haet ja nichte mehr zu tun in der Ko-
734 924 1001 1099 möaie.
1343 991 1719 1110 Auml dit
747 1009 2710 1229 Dreguleinistoh modkt doch noch süiceen, wie ee aus-
742 1192 996 1319 falft.
736 1274 2747 1499 Dogelmam: Steht ja mörgen früh ch in der Zeltung.
731 1422 2495 1610 wie geht die Geschichte denn elgentl1ch aus?
720 1565 2455 1753 Dregalein, d kest der Sehek stekt gelesen?
728 1703 2768 1907 ich bin nicht so neuglefig. Ich weier ntcht einmal
734 1857 1891 2016 die die Geschichte gesseht.
720 1979 2845 2172 Johni stritt auf in der Macke des Moritzkyl (h el
715 2116 2723 2283 Dogelmenn: (anerkennend) Fanos schaust du aus- Was
710 2267 1809 2413 spielst du denn eigentlicht
702 2381 1396 2543 John: Rat sinmal.
707 2514 2111 2673 Dogelmann: Einen poinischen Grafen.
715 2646 2085 2821 Ereguleinr(lacht) Aent keine err.
699 2779 2681 2951 Dögelmann: Ja woher soll ich denn das wicsent ich
686 2906 2328 3067 hab ja im dritten Akt nichte mehr zu tun.
697 3025 2643 3197 treguieln: Interessiert'e dich gar nichtt, wie die
667 3160 1454 3364 Gerchichte ausgehte
