3080 3480
869 420 2468 601 sich das Fräulein schon in einem grossen
864 571 2698 742 die Toilettdmachen lassen und die Mili kriegt
867 713 1518 810 ihren Abschied..
854 842 2654 1003 Franzi: Reden Sie keinen Unsinn,Mili, und wenn
847 955 2683 1133 ich nächstens einen Grafen heirat", Sie bleiben
830 1091 2668 1265 meine Privat-und Hofschneiderin in jedem Fall.
837 1245 2783 1382 Mutier: (wieder herein,macht noch eine letzte Ord-
825 1374 2685 1538 nung). No, wird'’e jetzt schön genug sein für den
820 1496 1365 1623 Herrn Gregor?
828 1601 2785 1824 Franzi: (sieht die eingelaufene Post, darunter ist
828 1711 1213 1792 ein Drief,
820 1765 2749 1958 xunx, den Sie zuerst öfrnen will, dann zögert sie.
813 1875 2641 2041 legt den Brief wieder hin,öftnet die Schleife
801 2026 2754 2241 eines Zeitungsblattes, ein grosses Porträt auf der
791 2161 2356 2312 Titelseite) Die Roveda wieder einmal...
776 2275 2742 2475 Kili: Lassen §l anschaun,Fräulein.Hx Das näch-
774 2417 2641 2607 ste Mal wird schon das Bild vom Fräulein Franzi
825 2512 1047 2585 an
771 2556 1250 2666 drauf sein.
774 2690 1494 2793 (Draussen Klingel)
745 2800 2275 2991 xxe Franzl: Das wird er schon sein.
754 2895 2092 3059 kutter: (wil1 hinaus gehen öfrnen.
747 3056 2624 3218 Franzi: Vielleicht ist das Fraulein Mili so gut
