3224 3720
1090 712 2884 908 Degelmann: Da hab ich eine andere Auffassung.
1079 824 2265 990 Loblein: Aber,ich bitte --
1072 979 2747 1179 Dygelmann: Verzeihung, lassen wir den Autor
1065 1102 2847 1319 entscheiden. Ich finde, es ist viel einfacher,
1054 1225 2868 1460 viel imnanenter sozuragen, wenn ich schnuppere,
1036 1376 2717 1581 etatt des Langen und Breiten zu behaupten:
1054 1446 1392 1547 Welch ein
1063 1510 2817 1722 rat Tarfun! Und wir haben gleich wieder
1015 1629 1533 1759 einen Strich.
1001 1759 2801 2001 Karl dern: (zu Loblein) lassen wir ihn Schnup-
999 1884 1230 2001 pern.
983 2014 2115 2245 Loblein:(resigniert) Weiter.
1015 2156 2788 2391 bgrlaann: (in der Rollel rZchwesse, Ich melse.
956 2274 2683 2525 eiae Dame wer bei dir. Ich hörte ein Kield
949 2418 1366 2560 rauschen.“
933 2539 2471 2749 Greger:(In der Kellel Zassen wir deck.
2487 2630 2756 2783 Trechl
958 2639 2717 2858 wir doch, wie er dir geht. Was verschafft mir
940 2758 1679 2909 dae Vergnügen ...
935 2888 2760 3114 Lard dern: (unterbrechend) Dein, das geht nicht.
924 3009 2701 3248 Sie mürgen eich andere aurdrücken. Segen Sie
917 3146 2256 3367 rielleiolt leber „.(denkt nachl
