3080 3496
2596 356 2745 497 219
884 517 1589 673 und machtfihm auf.
901 629 1522 807 Mili rechts abl
913 777 2866 940 ranz1: (zur Mutter) Und wenn wir ein bisl schreien
876 906 2742 1074 sollten - brauchst nicht zu erschrecken, Mutter.
869 1035 2772 1181 Mutter: Ich bin's ja gewehnt, Du schreist ja al-
879 1193 2423 1334 lein auch genug beim Lernen. (ab links)
879 1289 2772 1473 Franzi: lnihmt wieder den brief, öfmet ihn nicht,
876 1463 1678 1589 legt ihn wieder hinl
893 1564 2883 1713 regor: (kommt, von Mili hereingeleitet) Guten Abend,
879 1693 2698 1846 Fräulein. Ich komme hoffentlich nicht zu früht
871 1859 1710 1975 Franzi: Gewiss nicht.
906 1973 2304 2124 regor: Darf ich vielleicht ablegen?
864 2104 1928 2275 Franzi: Selbetverständlich.
859 2240 1913 2383 4j11: (ist ihm behilflichl
861 2374 2381 2524 Franzi: Hangen Sie’e im Vorzimmer auf.
851 2490 2700 2658 Mili: (nimmt den Mantel und den Hut Gregors ins
864 2646 2844 2802 Vorzimner mit und geht dann durchz Zimmer linke ab).
859 2752 2757 2916 Greger(streift die Handschuhe ab, blickt um sich)
869 2906 2762 3034 Sehr hübsch haben Sie's da. Die Dame,die mir ge-
837 3039 2064 3213 ofinet, wer wohl die Frau Mans?
