3272 3608
1352 551 2959 735 Dekter Braun:(der Theaterarzt tritt ein)
1359 728 3031 907 Euten Abend,meine Herren. (Gegrüssung1 Wir
1340 861 3115 1005 haben es wieder heute beinahe ausverkauft ge-
1340 975 2229 1121 habt heute, bei der 781
1747 1065 2778 1182 inwreienete bot, vnsükelig
1340 1128 3178 1289 Gregor: Sie hadenseich die Komödie wieder ange
1331 1254 1687 1391 echautz!
1731 1286 2487 1417 seute etwarst cut
1338 1375 3171 1561 Dr. Braun: /Ich wer nur in der Garderobe. bei der
1335 1505 1626 1617 Roveda.
1540 1584 1831 1687 hobui
1347 1642 2105 1782 John: Tetkrank, nas?
1307 1738 3178 1966 Dr. Brann: Sie ist teteächlich sehr heranter mit
1312 1884 3180 2087 ihreu werven. Ich glaub nicht, dase eie Saustag
1828 2001 2042 2077 vnd
1307 2010 2419 2180 die Premièrespielen kanne
1305 2147 2601 2294 Kerl Bern: Wirklich, Herr Doktor?
1307 2277 3145 2515 John: Ihr leest Euch alle von ihr auf dem Kopf
1289 2410 2454 2584 heruntanzen, von der Cansflle.
1277 2545 2108 2708 Dr. Braun: Herr Johnl
1293 2645 1600 2701 Megülin
1324 2682 3017 2845 edenn: Sie sind nicht vornehn, soha. Man
1270 2780 3115 2992 eoll jeder Frau Dankbarkeit uutm bewahren,
1282 2933 3094 3150 die ven sinnal geliebt hat, roger seiner eigen
1263 3052 1489 3257 Prov.
