3112 3512
2386 394 2560 522 238
1019 490 2817 662 Helene: (läoheind) Dasf wäre unlauterer Wettbe-
1012 595 2778 785 werb, anket und nebetbei - ich bin
1012 788 2686 909 ja nicht geldgierig und vor allem,ich will-
1001 872 2682 1053 eine Arbeit haben, die mir Vergnügen macht.
1012 1024 2794 1170 Fricke: lernsthafter, aber mild) Hast du dir es-
985 1147 2189 1266 denn auch gut überlegt,Helene?
976 1271 2819 1434 Helene: Ich rede nie bevor ich es mir überlegt
964 1406 1195 1521 häbe.
973 1532 2601 1708 Fricke: Sekretarin bei Herrk Karl dern -
964 1672 2127 1795 Helene: Nicht das Schlimmeté.
966 1784 1850 1921 (Elingel im Vorzimmer)
948 1905 2592 2068 Helens: (harmlos) Das dürfte er wohl sein.
992 2038 2741 2230 ricke: Zym Zwecke von Engegementsverhandlun-
939 2187 1118 2322 gen?
925 2290 2695 2471 Helene: Er wollte une auch die Billette für
932 2434 1857 2572 seine Première bringen.
932 2565 2240 2759 Trioke: Wolohe Liehensmürdigkeit.
