3224 3640
2722 596 2852 711 88
1079 647 2945 888 Oogelmenn: (zum Sonfleurkoeten niedergebeugt, des
1079 795 2938 996 Buch der Soufleuse nehmend) Das ist gestrichen?
1047 944 2904 1133 Dae ist doch das einzig Vernünftige, was ich in
1055 1074 2293 1231 der ganzen özene zu sagen habe.
1028 1199 2891 1405 Karl Hern: (kommt von linke) Guten Morgen,meine
1025 1315 1351 1445 Herren.
1023 1449 2234 1609 Lyblein: Schon da,Herr Doktor?
1013 1565 2146 1749 Karl Dern: Kom: Ich zu früh?
1013 1709 2754 1906 Dogelmann: Seit zwei Stunden probieren wir.
1006 1795 2193 1935 Karl Bern: Halten Sie das aus?
996 1852 2928 2072 Loblein: Ich habe in meinem Leben noch nie einen
983 1952 2838 2175 Autor gesehen,der sich so wenig für sein Stück
986 2104 1521 2264 interessiext.
966 2244 2879 2445 Karl dern: Enden Sse nichtder es von Res zu
964 2379 2793 2595 Teg schlechter wirdt Das komnt so allnählich.
956 2514 2641 2710 EIn Theaterarhelter: (tritt zu Eshlein) Was
942 2632 1484 2784 gibt ex denn?
932 2762 2830 2977 Dogelmann:(zu Katl Bernl Geschieht eg mit Ihrem
2271 2928 2683 3031 eukzeccive
929 2891 2906 3132 Enverständnte, dase man mich aurzr xukkeetee gext
954 3048 2764 3279 ganz aus Ihrer Konödte nerauestreicht? festgt.
907 3169 2202 3377 ium der meist ihm das Buch vorl
