3219 3592
2445 469 2924 654 datei 18
1143 562 2968 781 Gezellechaft - (überraschend) Und Ite soliten
1141 705 1535 859 helraten.
1143 822 3016 1034 Hichard: Ptxx Ner eagt Ihnen.
1146 988 2647 1117 dase ich dazu nicht entschlessen bind,
2304 1104 2703 1192 rent de
1141 1092 2980 1299 Kerl Bern: Fraulein Priesel an Ender das wäre
1143 1245 3016 1428 Ja das allerschlimnste, für Sie Beide. Die wahre
1134 1348 2975 1550 Entscheldung schlehen Sie damit nur hinaus und
1134 1486 3026 1652 bringen Ie und sich selbst um die besten Jahre.
1141 1627 2997 1798 Richard: Sie sehen allee von Grund aus falsch.
1126 1751 3036 1946 Der Entlieter sind Sie. Ich - ich fühle mich be-
1129 1919 3087 2077 reit alles auf mich zu nehmen,Schnergen,Kämpfe --
2493 2019 2627 2099 nar
1117 2031 2917 2170 Karl Bern: Alles dae bilden Sie sichtein und
1722 2136 2946 2235 dase Sie sich es nur einbilden.
1119 2148 2951 2330 wissen er selbst, Die Ihnen vorbestinnte Braut
1117 2272 2892 2445 werden Sie eich aue einer anderen Welt holen.
1117 2406 3067 2588 Richard: Ac1 so, also darauf komnt ex hinaus. Hein
1117 2525 3016 2720 trenlein Sohneeter hat Sie seseingehend infor-
1097 2644 1953 2812 niert, wie er scheint.
1082 2768 3009 2975 Kerl Brn: Sie sollten se ihr nicht übel nehmen.
1075 2904 2963 3106 die fuhlt, dase Sie darun sind sich an drei Hen-
1075 3021 2980 3267 eönen zu verchadigen, en eich seltet, en Fraulein
