3128 3528
2531 419 2667 533 233
1033 580 1734 705 Première bringen.
1038 687 2357 843 Friche: Welohe Liebenewürdigkeit!
1042 900 2742 1052 1ar1 der tritt ein. Voberzieher. Hnt. 39-
1047 1047 1448 1185 grüerung.!
1042 1147 2790 1271 Karl Bern: Ich etöre hoffentlich nicht. Ich
1033 1285 2731 1423 komme nur eben vorbei, um Ihnen die Loge zu
1040 1385 2683 1555 bringen. Ee wird mir eine besondere Ehre
1038 1523 2717 1702 sein,Herr Präeident, falle er Ihre Zeit er-
1033 1720 1351 1813 laubt-
1040 1806 2751 1963 Fricke: Ich danke sehr. Darf ich fragen, was
1038 1956 1727 2085 ich schuldig bin?
1038 2024 2815 2239 Karl Vern: (abwehrend/se iet die Antorenlege-
1033 2212 2074 2373 greticent unverkäutlieh
1033 2339 2801 2525 Fricke: (lache ind) Dar ist ja beinahe zu viel
1031 2506 1283 2602 Ehre.
1018 2574 2837 2753 Karl Dern: Aeo gratis, Aukxxkranverk
1070 2763 2824 2871 er trotzdem sind ie natürlich nicht ver-
1038 2833 1371 2912 pflichtet
1033 2887 2776 3025 tet zu applandieren. Ja ich stelle es
1020 3005 2740 3177 Ihnen vollkommen frei, Herr Prdeident, Ihrem
