3160 3608
951 671 1786 840 Apiel, Ihre Exietenzl
960 838 2695 989 Eyblein: Den Baron wird der Schlag treffen.
941 960 2657 1104 Karl Bern: (rasch herauf) Was ist denn lort
941 1073 2754 1264 Löblein (zum Inepizienten) Ex geht nicht an-
951 1229 2373 1382 dere, lassen ie den Vorhang fallen.
944 1346 2735 1539 Dregulein: Warten Sie noch einen Augenblickl
923 1488 2481 1650 Karl Bern: Fräuleld, ich beschwäre Siel
946 1645 2650 1770 ranzl,(wie zum Bewuestsein kommend) Wiel
939 1775 2316 1911 4oblein: Es ist der letzte Moment.
937 1911 2815 2071 Dregulein: Die Andern können doch nichts dafür.
932 2045 2756 2224 Das Theater kann doch nichte dafür. Schieseen
916 2182 2775 2349 Jie ihn nachner tot, den Kerl,meinetwegen, aber
927 2318 2413 2493 jetzt spielen Sie Ihre Rolle zu Ende.
927 2464 2824 2650 Eoblein: Lang kann er nicht mehr da unten klim-
909 2608 1149 2716 pern.
916 2664 2003 2893 Inspialent: letzter Komentl
913 2860 2803 3025 Franzi1 (wiederholt mechanisch) Allerletzter Mo-
892 2992 2695 3149 mentl (auf die Bühne, vom Inspizienten am Arm
892 3145 2759 3328 gehalten und geführt. Wan hört noch eine Mesle
2730 579 2905 699 282
