3080 3480
2515 334 2662 415 214
931 429 2733 609 Mutzter: Ein feiner Herr --(Klingel draussen)
941 578 2754 683 (Mütter ab,kommt bald wieler mit Briefen,lässt
943 725 2045 818 sie durch die Hände gleiten)
939 839 2763 979 Mutter: Balleinladung, da liegen noch sechs, je-
931 1003 2723 1123 den Abend könnt sie auf einen Ball gehen.Sie
924 1102 1865 1230 geht aber nirgende hin.
931 1199 2816 1377 111: Schad. -Ich möcht ihr ein so schönes Ball-
920 1384 2794 1507 kleid machen,-nur ein bisl herrichten das Tüll-
927 1505 2778 1640 kleid vom vorigen Jahr, das sie zu dem Vortrags-
922 1586 2823 1749 abend zu den Spatzen“ getragen hat. Ich garan-
917 1751 2778 1889 tier Ihnen, Frau Fjnanzrat, -sie käm als Verlobte
901 1891 2635 2041 nachnaus - wenn sie’s nicht am End schon im
903 2010 1434 2138 Geheimen ist.
891 2142 2683 2304 Mutter: Verlobt oder sonstwas - was weigé man
903 2285 2443 2436 von so einem Mädel. -Gar nix weiss man.
901 2422 2721 2571 (Draussen knarrt der Schlüssel. Gleich darauf
886 2503 2571 2692 komat Krenzi herein in erhobener Stimmng
882 2685 2688 2844 Franzi: Guten Tag,Mutter,vielmehr guten Abend
901 2808 2733 2974 (küsst sie flüchtigl Puten Abend, Fraulein Mili.
877 2932 1493 3100 legt rasch abl
