3112 3528
2605 429 2759 516 232
879 488 2564 683 Richard: S0. Iet Ludwig schon verständigt?
881 650 2602 783 Helene; Ich nehme an: Jedesfalls lässt dich
881 791 2743 902 der Diener bitten gleich hinzukommen, dort wirst
876 894 1834 1028 du sicher mehr erfahren.
884 1020 2910 1212 Richard: Eine kurze Hochzeitereiee.- Adieu, Helene,
866 1156 1906 1331 adieu, Mathilde.. (rasch abl
850 1374 1513 1562 Helene, Mathilde.
845 1541 2476 1690 Mathilde: Marum berührt ihn das so sehr?
850 1677 2841 1824 Helene: Das ist doch nicht merkwürdig. Der Schwie-
2214 1790 2507 1885 1urta Aile
845 1778 2168 1934 gervater seines besten Freundes.:
830 1911 2844 2078 Mathilde: Das allein kann es nicht sein. Ich glau-
843 2070 2759 2196 be übrigene nicht, dass eie Freunde sind - Ludwig
845 2178 1415 2312 Gerold und er.
825 2317 1649 2438 Helene: Warum nicht?
825 2448 2746 2623 Mathilde: Hast du sie neulich nicht zusammen ge-
825 2579 1731 2743 sehen am Hochzeitetagd
827 2702 1320 2844 Helene: Nunf
817 2813 2867 2993 Mathilde: Ich habe zwar kein Wort gehört, was eie mit
796 2959 2862 3139 einander gespröchen haben, aber ich glaube nicht, dass
809 3103 1498 3270 eie Freunde sind.
