3048 3528
2267 379 2415 488 301
705 521 1662 662 Dregulein: Armes Maddl!
717 645 1819 741 Die Toveda: (aus dem. Thcater)
679 769 1712 883 -inige Rufe: Hoch Rovedal
714 857 2548 1069 lEinige Autographeneamnler und Sammlerinnen um
712 1053 883 1183 siel
710 1105 2519 1291 Koreda: Lasst doch Einderl Das ist heute wohl
712 1291 1765 1410 nicht der richtige Moment.
2138 1319 2281 1426 beit
717 1374 2631 1517 Helene: (zu Karl) Was will er denn dort oben? Hol-
717 1543 1803 1686 ihn zurück. Ich bitte dich.
736 1626 2600 1791 (Karl Bern nach kurzem Zygern hinauf und durch
726 1822 1560 1931 den Fühneneingang ab)
750 1917 2476 2038 (von rechts Prasident Fricke und Frau Veithl
755 2041 2584 2174 Fricke: Wo bleibt Ihr denn? Was macht Ihr hier:
733 2181 1805 2300 Warum lasst Ihr uns warten?
738 2265 2565 2417 Er.Velth: (zu Mathilde, die immer regungslos da-
722 2455 1900 2562 steht) Was hast du, mein Kind?
743 2567 2584 2703 Fricke: Wo ist Richard? Man sagt allgemein,der
738 2710 1900 2827 Vorhang ist zu früh gefallen.
738 2798 2496 2958 Heieneitzu Fricke) Ja, weisst du dann nichtt
748 2931 2574 3086 Tricke: Dieses Fräulein Friesel ist ohnmächtig
