3240 3512
746 544 2857 751 Ludwig: Man kann eagen freundechaftlich. Sie iet eine
735 680 2780 912 tapfere kleine Person. Nach dem groseen Küebruch im
718 819 2860 1038 letzten Frühjahr gab es eigentlich keine Szene mehr:-
713 942 2475 1117 Sie hatte sich damals sogar bift verechafft.
732 1052 1879 1221 Eichard: Moher weisst du das?
721 1188 2480 1382 tudnigi Sie machte mir köln Geheimnie daraue.
686 1308 2600 1519 Richard: Weil eie niemale im Ernst daram dachte.
699 1450 2827 1652 Ludnig: Jamale vielleicht wirklich nicht. Damale dach-
683 1590 2122 1770 ten wir auch noch nicht an das Ende.
683 1691 2753 1912 Richard: Und seit dem Ende iet er wieder beinahe ein
661 1849 2704 2029 halbes Jahr her. Und da sie er damale nicht getan
653 1953 915 2076 hat...
650 2078 2846 2275 ludnig: Das stinnt schon. Aber heut iet mein Nochzelts-
628 2229 2158 2404 tag. Frauen sind manchmal sehr binarr.
639 2363 1753 2537 Richerd: (ruckt die Aohrelnl.
628 2466 1584 2685 laanig: Er Lieberdingen
