3272 3592
1299 583 1901 697 Dregulein: Hasl
1289 711 3043 882 Karl Bern: Ob diese kleine Friesel überhaupt
1285 875 2282 1010 die Fauny epielen konnte?
1285 976 2294 1090 Dregulein: Vielleicht --
1280 1085 3140 1213 Karl Bern: Ee könnte nämlich bedeutungevoli für
1273 1216 3086 1372 eie werden - schickealvoll geradezu. Dirch ei-
1277 1365 3090 1522 nen afall sind mir nämlich gewiere äuesere Le-
1263 1488 3076 1638 beneumstände bekannt geworden - es ware denk-
1285 1609 3062 1792 bar, dass einschauspieleriecher Erfolg für die
1280 1756 2989 1917 kleine eine Art Kettung- oder ragen wir Er.
1268 1898 1977 2019 lösung bedeutete.
1266 2029 3171 2176 Dregulein: Sind Sie dazu da, um Schicksal zu spie
1266 2140 3057 2301 len? Ee konnte ja auch ein Mieserfolg sein-
1268 2268 3057 2422 eine chädigung ihrer Carridre..man kann Kie
1268 2425 1576 2538 wieren.
1249 2536 2685 2714 Richard: (schreibt eneig einen Briefl
1249 2676 3090 2839 Karl Bern:( nerkt ex; zu Dregulein) Natürlich-
1254 2785 3036 2958 schliestlich haben wir (Ja nicht in der Hand-
1254 2927 2714 3090 vielleicht stehen die Chanoen gleich.
1251 3067 3145 3268 Dregulein: Reden Sie doch einmal mit der Rorede-
