3272 3592
1172 534 3116 732 Freiheit, verstehen Sie mich - innere und Äuesere.
1177 715 3052 835 Für ihre künstlerieche und für ihre menschliche
1177 820 3111 981 Existenz braucht eie das. Und Sie, lieber Dokter.
1182 947 3125 1106 ie sind ein Tyrann, ein Beeitznarr, ein Egolet und
1163 1077 3086 1258 wie alle bräven Bürger im Grunde Ihrer Seele ein
1163 1202 1574 1353 Entlirter.
2203 1202 2690 1331 ten und
1576 1307 3116 1417 (höhnisch) Sie glauben mich ja sehr ge-
1163 1346 2802 1503 Richerd: kxaaxAxx
1562 1454 2115 1530 nau zu kenen.
1155 1468 3121 1635 Karl Bern: xkmen Gewisr kenne ich Sie. Men-
1155 1601 3001 1760 echen zu kennen, das iet ja die Voraussetzung-
1163 1713 3106 1916 ach nein nicht Vorausetzung, es lstsmeln Einziges
1160 1877 1468 2019 Talent.
1165 1975 3113 2168 Rlchardi (ungeduldig) konnen wir zu Ende. Wae mün-
1145 2142 1892 2284 schen Sie von mir?
1145 2225 3111 2421 Karl dern: Vor allem, dass Sie nicht zu mir reden
1148 2401 3101 2541 wie ein Couleuretudent. Auf diese Art leren sich
1148 2509 3069 2697 iuest sich nichts erledigen und gewise keine Le-
1145 2648 1564 2793 bevefrage.
1138 2751 3101 2959 Aicherd: Sie nieren such, dase er sich un eine Le-
1138 2905 1885 3062 benefrage hendelt?
1136 3023 3091 3253 Herl dernibanbeirrt) da. Und ia einer Lebenefrege
