<?xml version="1.0" encoding="UTF-8" standalone="yes"?>
<PcGts xmlns="http://schema.primaresearch.org/PAGE/gts/pagecontent/2013-07-15" xmlns:xsi="http://www.w3.org/2001/XMLSchema-instance" xsi:schemaLocation="http://schema.primaresearch.org/PAGE/gts/pagecontent/2013-07-15 http://schema.primaresearch.org/PAGE/gts/pagecontent/2013-07-15/pagecontent.xsd">
    <Metadata>
        <Creator>prov=READ-COOP:name=PyLaia@TranskribusPlatform:version=2.7.0:model_id=50870:lm=none:date=22_01_2024_14:24</Creator>
        <Created>2023-09-27T14:32:23.749+02:00</Created>
        <LastChange>2024-01-22T14:24:37.590+01:00</LastChange>
        <TranskribusMetadata docId="1589025" pageId="60122066" pageNr="130" tsid="145612131" status="IN_PROGRESS" userId="40391" imgUrl="https://files.transkribus.eu/Get?id=NWQWUCOWOKROVRXOIZKGRBDZ&amp;fileType=view" xmlUrl="https://files.transkribus.eu/Get?id=YWQIRQRTANDLANOGLMGDRXQC" imageId="48547145"/>
    </Metadata>
    <Page imageFilename="1589025_0130.jpg" imageWidth="3080" imageHeight="3480">
        <ReadingOrder>
            <OrderedGroup id="ro_1711796709843" caption="Regions reading order">
                <RegionRefIndexed index="0" regionRef="tr_1"/>
                <RegionRefIndexed index="1" regionRef="tr_2"/>
            </OrderedGroup>
        </ReadingOrder>
        <TextRegion orientation="0.0" id="tr_1" custom="readingOrder {index:0;}">
            <Coords points="438,314 438,410 704,410 704,314"/>
            <TextLine id="tr_1_tl_1" custom="readingOrder {index:0;}">
                <Coords points="545,388 583,383 591,375 609,378 622,367 637,380 678,383 673,270 622,277 570,259 539,265"/>
                <Baseline points="555,337 580,339 606,340 631,342 657,343 683,343"/>
                <TextEquiv>
                    <Unicode>103</Unicode>
                </TextEquiv>
            </TextLine>
            <TextLine id="tr_1_tl_2" custom="readingOrder {index:1;}">
                <Coords points="421,455 496,452 527,475 622,480 652,498 696,485 699,349 681,349 650,378 624,367 583,380 503,301 473,326 424,324"/>
                <Baseline points="438,393 464,393 491,394 517,398 544,399 571,399 597,399 624,398 650,394 677,390 704,385"/>
                <TextEquiv>
                    <Unicode>2</Unicode>
                </TextEquiv>
            </TextLine>
            <TextEquiv>
                <Unicode></Unicode>
            </TextEquiv>
        </TextRegion>
        <TextRegion orientation="0.0" id="tr_2" custom="readingOrder {index:1;}">
            <Coords points="773,347 773,3171 2844,3171 2844,347"/>
            <TextLine id="tr_2_tl_1" custom="readingOrder {index:0;}">
                <Coords points="2366,424 2397,421 2415,437 2497,432 2502,344 2489,342 2476,349 2453,331 2433,344 2422,337 2404,342 2392,331 2371,334"/>
                <Baseline points="2381,414 2411,414 2442,414 2473,411 2504,405"/>
                <TextEquiv>
                    <Unicode>220</Unicode>
                </TextEquiv>
            </TextLine>
            <TextLine id="tr_2_tl_2" custom="readingOrder {index:1;}">
                <Coords points="794,655 989,670 1251,588 1559,614 1873,563 2458,555 2600,609 2602,485 2515,444 2461,488 2147,511 2042,480 796,534"/>
                <Baseline points="811,584 900,584 990,584 1080,584 1170,581 1260,579 1350,576 1439,573 1529,570 1619,564 1709,564 1799,564 1889,558 1979,555 2068,555 2158,552 2248,552 2338,546 2428,546 2518,540 2608,540"/>
                <TextEquiv>
                    <Unicode>Franzi. Nein, das war meine Hodschneiderin, die</Unicode>
                </TextEquiv>
            </TextLine>
            <TextLine id="tr_2_tl_3" custom="readingOrder {index:2;}">
                <Coords points="755,730 1033,765 1277,727 1808,732 1780,665 1593,634 1318,678 758,655"/>
                <Baseline points="773,722 825,725 877,725 929,724 981,722 1033,724 1085,721 1137,719 1189,719 1241,718 1293,716 1345,714 1397,713 1449,713 1501,710 1553,707 1605,707 1657,706 1709,704 1761,704 1814,707"/>
                <TextEquiv>
                    <Unicode>Mama. ist aber auch zuhaus.</Unicode>
                </TextEquiv>
            </TextLine>
            <TextLine id="tr_2_tl_4" custom="readingOrder {index:3;}">
                <Coords points="760,861 2687,855 2669,748 763,791"/>
                <Baseline points="775,853 870,863 966,861 1062,854 1158,853 1254,853 1350,850 1445,850 1541,846 1637,840 1733,839 1829,835 1925,832 2021,829 2116,829 2212,826 2308,822 2404,823 2500,819 2596,814 2692,814"/>
                <TextEquiv>
                    <Unicode>Gregor: (lächelnd) Ich bin davon überzeugt. (ande-</Unicode>
                </TextEquiv>
            </TextLine>
            <TextLine id="tr_2_tl_5" custom="readingOrder {index:4;}">
                <Coords points="773,1012 2546,997 2710,979 2713,909 2240,889 2024,935 1783,896 1495,948 1159,899 773,953"/>
                <Baseline points="787,1005 883,999 980,996 1076,997 1173,995 1269,990 1366,990 1462,987 1559,984 1655,981 1752,980 1849,975 1945,972 2042,969 2138,969 2235,966 2331,964 2428,961 2524,958 2621,956 2718,946"/>
                <TextEquiv>
                    <Unicode>ker Ton) Also, fangen wir gleich an. Die Ensemble-</Unicode>
                </TextEquiv>
            </TextLine>
            <TextLine id="tr_2_tl_6" custom="readingOrder {index:5;}">
                <Coords points="776,1166 1010,1197 1092,1159 1284,1230 1608,1125 2076,1112 2260,1151 2715,1112 2718,1038 778,1076"/>
                <Baseline points="790,1140 886,1137 983,1137 1079,1134 1176,1131 1272,1133 1369,1131 1465,1125 1562,1127 1658,1121 1755,1118 1852,1116 1948,1113 2045,1107 2141,1107 2238,1106 2334,1103 2431,1099 2527,1095 2624,1093 2721,1092"/>
                <TextEquiv>
                    <Unicode>szenen werden jaJedenfalls neu arrangiert werden.</Unicode>
                </TextEquiv>
            </TextLine>
            <TextLine id="tr_2_tl_7" custom="readingOrder {index:6;}">
                <Coords points="773,1295 819,1315 845,1318 868,1305 902,1320 981,1290 1058,1297 1058,1223 979,1207 963,1218 943,1205 927,1215 909,1205 873,1223 822,1192 773,1194"/>
                <Baseline points="787,1271 812,1273 837,1274 862,1274 888,1274 913,1274 938,1274 963,1274 989,1274 1014,1274 1039,1274 1065,1274"/>
                <TextEquiv>
                    <Unicode>müssen.</Unicode>
                </TextEquiv>
            </TextLine>
            <TextLine id="tr_2_tl_8" custom="readingOrder {index:7;}">
                <Coords points="781,1418 2523,1413 2725,1374 2728,1307 2556,1328 2445,1284 2058,1328 1963,1277 1814,1279 1385,1351 1269,1295 1117,1328 783,1300"/>
                <Baseline points="796,1411 892,1411 989,1411 1086,1405 1183,1404 1280,1403 1377,1400 1473,1402 1570,1396 1667,1393 1764,1393 1861,1390 1958,1387 2055,1384 2151,1384 2248,1378 2345,1375 2442,1375 2539,1373 2636,1371 2733,1375"/>
                <TextEquiv>
                    <Unicode>Franzi: Ich war ja bei allen Proben, ich kenne die</Unicode>
                </TextEquiv>
            </TextLine>
            <TextLine id="tr_2_tl_9" custom="readingOrder {index:8;}">
                <Coords points="776,1570 994,1559 1105,1587 1182,1554 1241,1572 1241,1508 1194,1508 1166,1482 984,1503 945,1469 914,1490 863,1467 776,1469"/>
                <Baseline points="790,1525 815,1532 840,1537 866,1539 891,1541 916,1542 942,1543 967,1543 993,1543 1018,1543 1043,1543 1069,1542 1094,1541 1120,1540 1145,1540 1170,1541 1196,1543 1221,1543 1247,1543"/>
                <TextEquiv>
                    <Unicode>tellungen.</Unicode>
                </TextEquiv>
            </TextLine>
            <TextLine id="tr_2_tl_10" custom="readingOrder {index:9;}">
                <Coords points="2327,1587 2345,1595 2427,1580 2471,1554 2505,1572 2517,1562 2530,1570 2553,1554 2571,1559 2574,1508 2528,1495 2487,1510 2469,1528 2445,1531 2394,1516 2376,1495 2361,1505 2330,1495"/>
                <Baseline points="2342,1557 2368,1557 2395,1557 2421,1556 2448,1554 2474,1554 2501,1553 2527,1552 2554,1549 2581,1546"/>
                <TextEquiv>
                    <Unicode>geülb</Unicode>
                </TextEquiv>
            </TextLine>
            <TextLine id="tr_2_tl_11" custom="readingOrder {index:10;}">
                <Coords points="776,1680 1505,1713 1603,1672 1844,1693 2050,1654 2227,1693 2461,1657 2548,1698 2841,1665 2841,1595 2700,1554 2225,1600 2147,1554 1855,1618 1539,1554 1346,1634 776,1618"/>
                <Baseline points="790,1677 892,1678 995,1677 1098,1671 1200,1671 1303,1671 1406,1668 1508,1665 1611,1664 1714,1663 1817,1659 1919,1656 2022,1653 2125,1653 2227,1650 2330,1647 2433,1644 2535,1641 2638,1640 2741,1640 2844,1647"/>
                <TextEquiv>
                    <Unicode>Gregor: Umso besser. Wie gefällt Ihnen ateo das die</Unicode>
                </TextEquiv>
            </TextLine>
            <TextLine id="tr_2_tl_12" custom="readingOrder {index:11;}">
                <Coords points="809,1762 873,1760 940,1775 963,1765 1025,1772 1043,1757 1079,1767 1128,1760 1128,1701 1107,1693 1087,1701 1069,1685 1030,1706 981,1698 909,1708 866,1685 809,1685"/>
                <Baseline points="823,1757 848,1755 874,1755 900,1757 925,1758 951,1760 977,1760 1002,1760 1028,1758 1054,1756 1079,1754 1105,1753 1131,1751"/>
                <TextEquiv>
                    <Unicode>Suurder</Unicode>
                </TextEquiv>
            </TextLine>
            <TextLine id="tr_2_tl_13" custom="readingOrder {index:12;}">
                <Coords points="799,1834 832,1850 876,1821 961,1842 1099,1816 1236,1844 1328,1814 1382,1837 1405,1829 1408,1760 1343,1726 1266,1770 1043,1760 1010,1785 801,1754"/>
                <Baseline points="814,1814 843,1814 873,1814 903,1814 933,1814 963,1814 993,1812 1022,1811 1052,1811 1082,1811 1112,1811 1142,1811 1172,1809 1202,1808 1231,1808 1261,1808 1291,1807 1321,1805 1351,1805 1381,1805 1411,1805"/>
                <TextEquiv>
                    <Unicode>Stück, Fräulein?</Unicode>
                </TextEquiv>
            </TextLine>
            <TextLine id="tr_2_tl_14" custom="readingOrder {index:13;}">
                <Coords points="804,1998 1613,1942 1708,1978 2014,1937 2137,1965 2258,1942 2260,1870 1706,1852 1492,1911 1153,1860 979,1906 804,1873"/>
                <Baseline points="817,1936 889,1946 961,1951 1034,1951 1106,1951 1179,1950 1251,1944 1323,1942 1396,1942 1468,1939 1541,1939 1613,1938 1685,1936 1758,1933 1830,1932 1903,1931 1975,1929 2047,1928 2120,1926 2192,1928 2265,1925"/>
                <TextEquiv>
                    <Unicode>Franzi: Ich masse mir kein Urteil an.</Unicode>
                </TextEquiv>
            </TextLine>
            <TextLine id="tr_2_tl_15" custom="readingOrder {index:14;}">
                <Coords points="789,2101 2769,2070 2769,1970 2625,2011 2456,1963 1914,2009 1793,1963 1618,2024 1472,1975 1346,2040 1143,1998 1076,2037 791,2019"/>
                <Baseline points="805,2071 903,2082 1002,2083 1100,2081 1199,2080 1297,2077 1396,2077 1494,2073 1593,2069 1691,2068 1790,2065 1888,2067 1987,2062 2085,2059 2184,2059 2282,2059 2381,2054 2479,2054 2578,2050 2676,2048 2775,2044"/>
                <TextEquiv>
                    <Unicode>Gregor: Warum nicht? Mit zwei so klugen tugen und</Unicode>
                </TextEquiv>
            </TextLine>
            <TextLine id="tr_2_tl_16" custom="readingOrder {index:15;}">
                <Coords points="776,2230 1359,2258 1983,2212 2314,2258 2723,2186 2723,2106 2600,2091 2338,2147 2127,2104 2016,2160 1937,2124 778,2163"/>
                <Baseline points="790,2223 887,2225 984,2223 1081,2220 1178,2216 1275,2215 1372,2215 1469,2211 1566,2211 1663,2208 1760,2205 1857,2203 1954,2201 2051,2202 2148,2202 2245,2196 2342,2195 2439,2193 2536,2190 2633,2187 2730,2178"/>
                <TextEquiv>
                    <Unicode>einer so hellen Stir darf man sich schon ein Ur-</Unicode>
                </TextEquiv>
            </TextLine>
            <TextLine id="tr_2_tl_17" custom="readingOrder {index:16;}">
                <Coords points="781,2384 2386,2363 2499,2335 2502,2276 2176,2230 1932,2307 1605,2271 1346,2312 783,2289"/>
                <Baseline points="796,2354 881,2357 967,2357 1052,2352 1138,2354 1223,2351 1309,2351 1394,2351 1480,2348 1565,2345 1651,2345 1737,2342 1822,2340 1908,2339 1993,2338 2079,2336 2164,2335 2250,2330 2335,2330 2421,2327 2507,2330"/>
                <TextEquiv>
                    <Unicode>teil anmassen. Sie sind noch nicht zwanzig?</Unicode>
                </TextEquiv>
            </TextLine>
            <TextLine id="tr_2_tl_18" custom="readingOrder {index:17;}">
                <Coords points="781,2505 1410,2492 1485,2533 1654,2481 1970,2492 1988,2381 1647,2443 1336,2389 1081,2445 781,2430"/>
                <Baseline points="796,2489 855,2491 915,2489 975,2489 1034,2491 1094,2489 1154,2489 1213,2487 1273,2486 1333,2483 1393,2481 1452,2480 1512,2477 1572,2477 1631,2474 1691,2474 1751,2472 1810,2474 1870,2473 1930,2471 1990,2474"/>
                <TextEquiv>
                    <Unicode>Franzi: Wein.Heunzehn vorüber.</Unicode>
                </TextEquiv>
            </TextLine>
            <TextLine id="tr_2_tl_19" custom="readingOrder {index:18;}">
                <Coords points="781,2677 971,2695 1141,2630 1408,2618 2651,2620 2772,2597 2774,2512 2654,2494 2445,2551 2240,2523 2186,2561 1783,2515 1693,2579 1523,2523 1341,2584 783,2543"/>
                <Baseline points="796,2632 895,2626 994,2620 1093,2620 1192,2617 1291,2617 1390,2614 1489,2613 1588,2611 1687,2609 1787,2608 1886,2605 1985,2604 2084,2604 2183,2600 2282,2596 2381,2596 2480,2593 2579,2593 2678,2593 2778,2590"/>
                <TextEquiv>
                    <Unicode>Gregor: Schön. War man auch einmal. Danals spielte</Unicode>
                </TextEquiv>
            </TextLine>
            <TextLine id="tr_2_tl_20" custom="readingOrder {index:19;}">
                <Coords points="791,2769 1081,2756 1259,2797 1323,2759 1749,2782 1852,2738 1963,2772 2086,2733 2409,2767 2754,2731 2756,2643 2638,2610 2417,2679 2029,2623 1793,2697 1513,2700 1392,2654 1277,2695 794,2682"/>
                <Baseline points="805,2751 902,2750 1000,2750 1098,2751 1196,2745 1293,2745 1391,2739 1489,2739 1587,2737 1684,2736 1782,2736 1880,2731 1978,2731 2075,2728 2173,2730 2271,2727 2369,2725 2466,2723 2564,2721 2662,2720 2760,2721"/>
                <TextEquiv>
                    <Unicode>ich in Eugsburg den Romeo. Die Julia war neunzehn.</Unicode>
                </TextEquiv>
            </TextLine>
            <TextLine id="tr_2_tl_21" custom="readingOrder {index:20;}">
                <Coords points="791,2895 2715,2882 2769,2862 2772,2774 2420,2756 2194,2826 1816,2764 1649,2831 1567,2787 1503,2828 958,2828 904,2782 791,2818"/>
                <Baseline points="805,2868 903,2869 1002,2878 1100,2877 1199,2875 1297,2874 1396,2873 1494,2868 1593,2868 1691,2866 1790,2865 1888,2861 1987,2859 2085,2859 2184,2856 2282,2856 2381,2855 2479,2853 2578,2851 2676,2850 2775,2844"/>
                <TextEquiv>
                    <Unicode>- Also, der zweite Akt. Sie haben ja das Buch. Ihr</Unicode>
                </TextEquiv>
            </TextLine>
            <TextLine id="tr_2_tl_22" custom="readingOrder {index:21;}">
                <Coords points="789,3039 1284,3070 1328,3029 1490,3023 1891,3052 2063,2987 2692,2990 2692,2934 2558,2908 1323,2957 1187,2916 958,2967 791,2910"/>
                <Baseline points="805,2999 899,3007 994,3011 1088,3008 1183,3002 1278,3005 1372,3001 1467,2999 1562,2997 1656,2992 1751,2996 1846,2993 1940,2993 2035,2988 2130,2989 2224,2985 2319,2987 2414,2985 2508,2984 2603,2984 2698,2981"/>
                <TextEquiv>
                    <Unicode>Euftritt. Ich steh am Fenster - der Ofen ist das</Unicode>
                </TextEquiv>
            </TextLine>
            <TextLine id="tr_2_tl_23" custom="readingOrder {index:22;}">
                <Coords points="799,3170 2672,3152 2672,3067 2489,3049 2207,3075 2140,3036 2034,3085 1873,3049 1762,3095 799,3080"/>
                <Baseline points="814,3142 907,3139 1000,3140 1093,3135 1186,3133 1279,3134 1372,3133 1466,3133 1559,3133 1652,3130 1745,3129 1838,3127 1931,3125 2024,3124 2118,3122 2211,3119 2304,3119 2397,3118 2490,3118 2583,3121 2677,3118"/>
                <TextEquiv>
                    <Unicode>Fenster - Sie kommen von rechts,ich trete Ihnen</Unicode>
                </TextEquiv>
            </TextLine>
            <TextEquiv>
                <Unicode></Unicode>
            </TextEquiv>
        </TextRegion>
    </Page>
</PcGts>
