3240 3560
2639 366 2770 495 28
1083 442 2051 617 de bin ich, entschuldige.
1083 598 2835 801 (Planist erhebt sich und verabschledet sich)
1085 717 1735 889 Echard, Zndnig.
1076 860 2729 997 (sie treten beide allmählich in den Salon)
1078 980 2815 1147 tndnig: (im Reiseanzug) Ich danke dir, dass du
1047 1152 2173 1264 so lange Geduld gehabt hast.
1097 1243 2947 1489 lohard: Neo, un welchen Fall handelt er eich ef
1035 1379 1415 1494 gentlicht
1040 1515 2502 1695 Zudnig: (einfach) Un den Fall Franzi.
1030 1635 2225 1802 Kgchard: lhöchet erstannt) Wie?
1030 1776 2691 1957 bndnige Ich wollte dich fragen -- Du hast
1013 1905 2337 2103 nichtefgehört inser letzten Zeitz
1011 2027 2765 2189 Hzohard: Wie kömmet du nur auf die Ideef Ich
997 2168 2813 2328 habe seche konste lang nichte von ihr gehört-
999 2299 2619 2502 länger, windertene so lange nicht wie du-
982 2414 1730 2567 Lvdwig: Natürlich.
1738 2459 1871 2605 ah
985 2502 2906 2784 Richerd: Nas colldtere Frage eine Vierteletung
980 2665 1874 2844 de vor deiner Abreiser
963 2744 2803 2992 lrentg: ee Sache iet nenlich die. Sie hat nir
1044 2940 2839 3129 ate geschnorenentetttk - vor gerauner
