3192 3672
2527 457 2660 570 43
938 602 2709 769 Beronin-xxxx Nest-e pas? je eule
1447 739 1766 845 que un
955 707 2780 933 bien contentud voue plaisez ich. Im Frühjahr
963 889 2682 1022 wird es Ihnen noch viel besser gefallen. Da
1150 1007 1407 1095 riechle
960 968 2935 1172 kommt ein so wunderharer Geruch aus dem Park vier
978 1105 2685 1297 àvie. C’est comme si la chaubre alle-même
1002 1275 1147 1373 ela.
978 1211 2891 1484 gereltrenpli des Fleurs, Wenn das Fenster offen
980 1476 1238 1584 steht.
992 1506 2424 1673 Eichard: Hoch lang bie zum Frühjahr.
1014 1692 1722 1823 (Kzingel draussen)
1012 1776 2798 1945 Baronin: est Leni. Elle est sorti sans elef
1000 1931 2390 2107 comme toujeurs. Durvies Ding. (abl
1019 1992 2957 2193 Franzl: (Kacht sich noch am Tiech zu schaffen) Wie
1017 2162 2864 2351 hast du das gémeint, dass bie zum Frühjahr noch
1029 2358 1403 2488 lang istz
1024 2390 2842 2606 Richard,(gemrungen lachelnd) Das etimnt docht-
1034 2564 2473 2773 deseföls um Frühjahr noch lang ietz
1037 2648 2869 2898 Lent:stritt ein mit derferspelse, Berontn folgt
1044 2822 2370 3021 iur, bringt noch etwas in Ordnung)
1051 2994 2154 3146 Beronin: Hadane; ert gervif
1049 3080 2756 3306 Rioherd:(steht auf, setzt sich an den Ziecht
