2952 3528
2372 447 2522 564 302
846 578 1575 710 geworden, sagt man.
831 700 2593 846 Helene,sie ist tot. Sie hat sich umgebracht.
833 824 2634 991 Fricke: Was hat Riohard demit zu tunklauf ih-
833 972 2046 1096 ren Blick) Ach so.- Wo ist er?
831 1079 2671 1259 Helene: xextekte Im Theater.
833 1234 1718 1373 Karl Bern ist bei ihm.
841 1349 1971 1509 Fricke: So steht die Sache -
833 1482 2406 1614 Fr. Veith: (zu Mathilde) Mein armes Kind.
836 1601 2753 1759 Helene: Ee wird das Beste sein, Vater, Du bringet
836 1740 2360 1898 vor allem einmal Frau Veith nachhause.
868 1869 1597 1976 Fr. Veith: (Bewegung)
829 1983 2600 2153 Helene: O bitte, überlassen Sie Mathilde ganz
833 2112 2622 2282 ruhig mir. (zu Fricke) Mach dir keine Sorgen,
836 2228 2790 2428 Vater. F Jetzt iet es gewies das Beete sEhr geht.
836 2386 1954 2542 Fricke:(bewegt und unsicherl
821 2498 2187 2683 Mathilde: (nach wie vor regungeldel
829 2646 1485 2809 Fr. Velthl Kindl
816 2741 2654 2938 Helenei (beete zu Fr. Veith, dann noch einmal zu
831 2904 1113 3011 Frickel
824 3001 2634 3178 Frteke: (zu Fr. Veith) kommen Sie, gnädige Frau.
