3224 3544
2593 548 2755 655 104
1061 659 2746 850 Frital Bauer: (iet plötzlich dal Bitte. Herr
1056 826 1407 935 Baron...
1049 926 2869 1112 Baron:(zu Karl Bern) Sind Sie einverstanden.-
1045 1103 1555 1202 Herr Doktor?
2208 1140 2628 1258 men Faulen
1049 1216 2860 1346 Karl Bern: Sehr liebenewürdig, aber ich glaube
1054 1363 2744 1497 Ihre Stimme ist doch etwas zu hell für die
1058 1497 1284 1627 Fanni.
1367 1576 1778 1674 vielleicht
1054 1590 2739 1771 Baron: (als kame er auf die Idee) Iet viel-
1045 1764 2333 1894 leicht - Fraulein Friesel hier?
1038 1876 2389 2019 Esblein:traft) Fraulein Friesell.
1045 2017 2762 2166 Greger: (ruft in den Zuschauerraum) Friesell
1040 2147 2853 2296 Franzis Stimne: (aus dem Zuschauerraum) bitte,
1033 2266 2850 2409 Baron: Fraulein Friesel, wollen Sie sich viel-
1040 2400 2714 2565 leteht bitte auf lie Rihne heraufbenühen.
1028 2516 2509 2709 Franzi: (konnt über die Treppe herauf)
1021 2688 2881 2841 Baron: Sie werden die Freundlichkeit haben und
1024 2804 2885 2955 die Felle der Fanni lesen. Ich möchte gern den
1012 2915 2825 3104 Schlues des Akter enen hören. (zu Karl Bern).
1019 3078 2885 3227 Geben Sie dem Fraulein vielleicht Ihr Buch, Herl
