3224 3576
2527 318 2684 463 101
1064 444 2810 601 leseht in umer Aller Interesse unternehme.
1071 568 2869 729 Ich habe hieher noch keine zehn Worte mit ihr
1062 712 2933 891 gesprochen. (nicht frivel) Ich habe nicht ein-
1043 853 2838 1007 mal ein Verhältnie mit ihr...aber ich glaube,
1047 978 2772 1154 Baron: Fräulein Friezel hat hieher ein paar
1038 1126 2852 1285 ganz unbeträchtliche Rollen gespielt, in denen
1028 1256 2812 1406 eie weder dem Publikum noch der Kritik con-
1028 1392 2940 1565 derlich aufgefallen ist. Sie hat ein Paar hüb--
1024 1513 2002 1653 sche Eagendas ist alles.
1014 1636 2788 1817 Karl Bern: Ich glaube, sie hat mehr,Herr Ba-
2608 1791 2810 1876 19an
1014 1784 2784 1952 ren. Sie hat Echtheit und Herz. Das ist auch
1012 1900 2812 2069 an der kleinen Rolle der Enni zu bemerken. Es
995 2066 2764 2237 ware vielleicht einen Vereuch wert,Herr Be-
986 2192 1173 2282 ren.
986 2297 2784 2491 Depon: Ein etwee kostepleliger Vereuch mögli-
978 2420 1886 2591 chenfalle, Herr Dektor.
967 2572 2779 2753 Karl Bern: Dürfte ich mir einen Vorschlag. er-
967 2696 2743 2919 lauben, Berr Baront, der une nach keiner Rich-
974 2843 2845 3002 tung verpflichtet? Laesen wir einfach die Rolle
955 2907 2712 3171 von striesel heute legen. Dandt iet se nichte
