3000 3448
2357 358 2504 525 225
843 480 1199 578 sprechen.
828 586 1686 747 Franzi: Bitte weiter.
828 719 2645 893 Greger: (I.d. R.) Wird die Fabel wahr von den zu
803 861 2736 1045 Menschen, die für einander gestimmt sind und sich
818 1015 2642 1151 exdtick finden müssen. Man ist ja so bereit zu
813 1143 2276 1280 glauben,wenn man glücklich sein wili.
800 1277 2602 1441 Franzi: (1.d.R.) Was gehen uns die paar dummen
798 1413 2630 1562 Jahre an, in denen wir von einander noch nichts
795 1555 2708 1709 gewuest haben. Wir haben eine ganze Ewigkeit vor
792 1683 1764 1802 uns, um sie zu vergessen.
813 1797 2766 1991 Eregor: (näher zu ihr, i.d. 4.) Komm. (zieht sie hef-
782 1931 1277 2037 tig an sich)
1825 1974 2077 2135 Gregor:
775 2080 2771 2259 Franzi: Lassen Sie das doch. Fäche lnd) Hier steht
777 2218 2693 2385 es:"Zieht sie an sich“ (i.d.F.1Komm, sag mir noch
762 2350 1850 2471 einmal, dass du mich liebst.
762 2461 2259 2594 Franzi: Die Worte werden wohl genügen.
747 2574 2779 2756 Gregor: Wie ie wünschen. Ich kann bis zur General-
747 2726 2683 2917 probe warten. Viel länger allerdings nicht. (i.d.
777 2847 2703 2991 ., ohne Feste) Sag'’e mir noch einmal, dass du mich
734 2963 1042 3137 liebet.
