3112 3496
2548 444 2710 561 238
1048 512 2772 691 Frickerlauf die Uhr gehendl Ich unre lelder
1043 653 2612 803 - also nochmale schönen Dank, Herr Bern.
1076 792 2396 951 lückwünchen darf man wohl nicht?
1031 907 2919 1076 karl Bern: Ich bin nicht abergläubiech. Wüneeen
1031 1038 2710 1242 ie nur, Herr Präeident. Dergleichen pflegt.
1015 1177 1712 1318 nichte zu ändern.
1010 1285 2736 1524 Fricke: Adteu,mein Kind. TWüest Heiene auf
1001 1440 1809 1569 die Stirne und geht)
989 1628 1684 1804 Zerl Dern, Relme.
1957 1764 2097 1853 reil
977 1740 2769 1973 Helene: Du hast wieder etner Unsinn zusamnen-
970 1914 1315 2022 geredet.
956 2013 2760 2257 Karl Bern: Schüchternheit. Du kennst mich ja
949 2168 2741 2426 Schade, dass ich deinem Vater nicht eympathi-
947 2269 1369 2417 scher bin.
932 2403 2701 2631 Helene: Stimnt gar nicht. Er ist nur theore-
925 2546 1630 2692 tisch gegen dich.
914 2647 2076 2870 Kerl dern: Und da praktlech.
900 2830 1771 2955 Helene: Dae wechzelt.
878 2943 2635 3187 Karl Dern: Vebrigene, guten Worgen,mein Lie-
