3192 3656
572 636 742 790 1.6.
423 725 888 959 antse
1302 579 1866 732 Hoffentlich-!
986 651 2845 849 Richard bar staht ehrgelzlg.1et eitet auf dem
962 813 2263 981 Dtunt ur Oroamtkfraher Frekell
995 962 2847 1115 Franzi: Nein. Nicht mehr. (setzt sich auf seine
1010 1081 2885 1237 niee) jetzt iet mir alles das vollkommen gleich
998 1208 2885 1366 gültig. Kunst und Ruhm und Carrière,-aller, -aus-
995 1330 2680 1507 ser dir. leeinen Kopf zwischen den Handen)
1000 1469 2725 1646 Hichard: (den Blick abgewendet) Das wird wohl
993 1617 2306 1756 auch wieder einmal andere werden.
1000 1708 2414 1873 Franzi: Ich. kann espir nicht denken.
1031 1861 2888 2010 ichard: Man kann sich gar manches nicht denken.
1000 2000 2148 2122 Frenzi: Wae hast du, Richard?
1000 2108 2732 2297 (Ee klopft. Daronin tritt ein mit Tiechtuch
986 2256 1282 2359 u.S.W.1
993 2359 2775 2546 Caronin: cest permit? (macht sich bereit den
995 2505 1629 2648 -iech zu decken)
993 2627 2637 2794 Franzl: Je vous aiderez, madame la baronne,
979 2768 2668 2928 Baronin: De vous derangez par, mademoiselle.
988 2916 2208 3043 (Franzi und Baronin decken auf)
962 3019 2885 3141 Eychard: (noch am Ofen) Sie haben da sehr schöne
964 3156 1945 3321 alte Mobel, Frau Bar-nin.
