2888 3448
2335 484 2500 596 224
652 570 2554 723 Gregor: leicht sie befrendet an) Was - haben Sie?
659 723 2534 866 Franzl: Verzeihen,das steht nicht in der- Rolle,.
657 866 2551 983 aber wahr ist es doch. Was diese Gans sich alles
652 960 2521 1138 gefallen lässt. (in der Rolle) Stdes mich nicht
647 1113 2597 1268 wieder hinab. Verlass mich nicht. Ich habe nichte
642 1250 955 1370 erlebt.
654 1395 2590 1530 Gregor: Sie ist wirklich eine Gans,isl hab'e dem
670 1512 2597 1665 utor auch angedeutet. Aber wenn man Sie hört und
647 1640 2478 1790 ansieht - sehr schön hauen Sie das gemacht.Ja,
652 1762 2630 1912 Jugend ist kein leerer Wahn. Haben die eigentlich
629 1884 1637 2045 schon die Luise gespielt?
642 2024 1169 2190 Franzl: Nein.
639 2144 2684 2309 Gregor: Mit Ihnen könnte der Baron rielleicht aller
619 2287 2656 2432 lei Klassik versuchen und man dürfte wieder in rei-
619 2414 2274 2569 neren Regionen atmen. Ich werde dem Baron
