3080 3544
2373 415 2537 567 298
838 553 2663 690 Richard: (hastig zum Bühneneingang,will hinein)
840 688 2066 830 Portier: Eier ist kein Eingang.
842 811 2012 911 Dregulein: (kommt eben heraur.)
833 933 2601 1078 Eichard,(hält kt ihn auf) Herr Dregulein, was
830 1059 1407 1191 ist geschehen?
828 1199 1798 1353 Dregulein: O, Herr Doktor
828 1314 2739 1466 Richard: Iet das Fräulein Friesel aus ihrer Ohn-
818 1459 1393 1614 nacht erwecht?
813 1592 1749 1751 Pregulein: Ohnnacht --
813 1712 2771 1872 Ein junger Mensch kommt: Die Rettungsgesellechaft.
808 1850 1452 1967 ist vorgefahren.
803 1972 2191 2098 Richard: (stürzt ine Thester hinein)
796 2100 2530 2233 Helene und Mathilde kommen von linke unten.
806 2245 2638 2378 Helene: Der Vorhang ist viel zu früh gefallen.
806 2360 2722 2520 Ludwig: (mit. aufgeschlagenem Kragen auf dem Trot-
784 2515 2756 2636 toir rechts, etwas unruhig) Guten Abend, meine Da-
786 2631 987 2758 men.
779 2714 1754 2898 Helene: Sie, Herr Doktorf
784 2876 2297 3016 Ein Reporter:(rasch zum Bühneneingang)
781 3016 1889 3159 Portier: (will ihn aufhalten)
