3208 3560
2434 473 2597 642 108
744 621 2564 754 keinen Beweie, dase es nicht wieder ein Irrtum
754 780 2483 900 ware. Ich weies nicht genau der wievielte.
767 894 2694 1087 Barin: Etwas mehr Bitterkeit. (zu Karl Bern) lei
749 1058 1997 1141 nen ie nicht auch, Herr Doktor?
764 1170 2675 1355 Greger: (1.d. R.I(mit anderem Tonl Ich weiee nicht
762 1321 1651 1456 genau-der wievielte...
762 1433 2119 1591 Roveda: Und du sagst nichte, Gregor?
744 1550 2447 1706 Baron: (zu Franzi) Bitte, Fr채ulein - weiter:
744 1680 2769 1872 Franzi: (1. d. K.) Und Sie - so: denken Sie sich jetzt-
757 1823 2631 1997 eie steht da und idest diese Beschimpfung ruhig.
754 1966 1544 2093 체ber sich ergehen.
762 2083 2465 2262 Eregor:f1.d.R.1 O.Ich denke mir gar nichte.
749 2228 1529 2382 Rereda: Dae stimnt.
770 2330 2790 2475 (Die Schauspieler u.s.w. immer gespannter, inebecon-
759 2509 2348 2613 ders deutlich bei Dregulein zu bemerken)
754 2626 2701 2769 Franzi:(1.d.R.) Ich aber werde Ihnen sagen,Fedor,
749 2738 2423 2894 werum ich so ruhig dastehe und nur l채chle.
749 2860 2839 3052 Roreda: (kann sich nicht l채nger beherrechen) Soll dae.
738 3008 1802 3130 nun Spass oder Erneteeint
738 3120 2751 3331 Baren: Ich bitte um Rahe, Frau Roreda, Nenn Sie dar
