3080 3480
2545 400 2696 507 307
932 529 1509 679 Armes WexenI
949 658 2213 801 Richard:ssieht ihn immer nur an)
949 776 2887 934 Lndwig: Morgen erwarte ich dich. Wir haben ja al-
954 898 2744 1053 lerlei miteinander zu reden. Auf Wiedereehenl
958 1055 1128 1179 (ab)
961 1133 2807 1351 Helege: lkomnt nun auf ichard zu) Mein strüder-
958 1269 2824 1451 Karl Bern: (zu Kathilde) In Ihren Händen liegt
968 1424 2089 1567 jetzt viel, allee vielleicht.
970 1550 2761 1698 Helene: (zu Richard) Du weiest ja, wie wir alle
966 1708 1468 1839 dich lieben.
968 1805 2924 1960 Karl Jern: Es ist beinahe eine Frühlingenacht ge-
985 1926 2882 2084 worden. Ich schlage vor noch eine Weile im Frei-
987 2070 2662 2215 en- es wird Ihnen eicher wohl tun,Richard.
987 2184 2768 2336 Richard: Ich dank Euch Allen. Aber ich möchte
995 2305 2773 2470 doch am liebsten - ich verspreche Euch feier-
995 2438 2853 2603 lich keine Dummheit oder etwas allzu Vernünfti-
995 2586 1458 2739 gee zu tun.
990 2698 2919 2909 kethilde: (das erste Wort, des sie spricktl Lasst
997 2863 1805 2996 mich mit ihm allein.
992 2965 2480 3169 delene, (zogert erst einen Augenblickl
1004 3086 2887 3268 Kerl Bernilniokt, beredet Helene sich mit ihm zu
