3211 3592
1107 597 1722 730 Richard:, Bitte.
1107 735 2154 892 Karl Bern:(zogerndl Aber-
1887 825 2436 917 c. tecunt dirtent
1104 865 2984 1039 Richard: (angetrollt Haben Sie etwa bemerkt, dase
1114 982 2944 1144 zwischen Fräulein Friesel und Herrn Gregor --
1094 1117 3036 1279 Karl Dern:(lacht) Richt das geringete, ich schwor-
1097 1257 2944 1397 es Ihnen - bieher nicht das geringete. Diesmal
1079 1384 2534 1537 ist Ihr Laufer nicht mehr zu retten.
1102 1502 3043 1677 Richard: Bitte, sprechen Sie. Sie sagten, dass Sie
1099 1642 1962 1777 kein Iiplomat eeien..
1087 1747 2961 1944 Karl Bern: Hein, wirklich nicht. Aleo, gerade he-
1079 1894 2929 2041 raus. Ich möchte Ihnen sagen, dase Ihr Fräulein
1094 2014 3006 2201 Schwester sich einigermaesen in Sorge um Sie be-
1084 2151 1372 2301 findet.
1087 2241 3006 2444 Richard: de Mein Frauzeln Schweeter - sagen die
1092 2406 1622 2566 rahig Helene.
1082 2531 2874 2724 Karl Vern: Denke. Aleo, Frauletn Relene nacht
2594 2671 2814 2784 nachte
1072 2694 2714 2829 sich Sorgen, Und mit Recht, wie ich sehe.
1624 2784 1914 2859 eunt
1069 2799 1999 2959 Richard: Wae sehen die
1062 2906 2986 3081 Karl Vernekgr Ihre Schmester echen lauge bewerkt
1047 3086 3053 3291 nat, des die - nicht sehr glücklich sind. Sie ver-
