2613 3592
354 528 2386 753 Dogelmann: Mleeo 312 Sobald ich mich undreh, nachen
375 716 988 875 Sie eine Serie.
383 830 1866 1031 treguleln: Drehen Sie eich nicht um.
375 972 2209 1144 John: (von der Tafel leeend) 14,31. Ee etinnt.:
795 1078 1197 1197 mnt utugute
383 1107 2016 1279 Dogelmann: Ihr stecit unter einer Decke.
378 1234 2481 1424 Gresor: (schauppleler, gegen 40, sehr gut auesehend, ele-
394 1393 1586 1551 gant, Pelz n.E.n.) Guten Abend.
378 1501 2423 1665 Dögelmann: (hat eben wieder einen Stosr verfehlt, zu
658 1612 896 1681 Schon
394 1649 1356 1805 Gregor) tur die Komüdier
381 1752 2458 1948 Gregor: Schon -17 Allmählich hat man doch eige Vier-
386 1908 2381 2085 telstunde heruntergesplelt-bet, der 78. Verteltung.
396 2032 2489 2220 (Picoolo ist ihn beim Reckablegen behilRichMir iet,
388 2185 2495 2323 ale wenn ich mein Leben lang überhaupt nichte anderer
394 2294 2476 2447 geepielt hatte ale dieeen Freund der Frauen. Bel der
383 2418 2508 2598 Premiöre war ich ein Jüngling mit lockigem Hear,heute
388 2574 1078 2724 bin ich ein Greie
1062 2579 2183 2727 Mas iest eenie trai de
394 2722 2495 2841 John: (bissig 1 Menn'e nur meine Frau pur nieht werkt.
1253 2785 1512 2875 nictte
388 2798 1628 2991 Dregulein: lechuttelt den Kopfl
1974 2864 2267 3015 semple
381 2965 2473 3160 Dogelmann: De, bei den nenen Stuck hatigkeine Gefahr,
