3144 3416
1132 431 2968 634 Endnig: Ee iet schon alles vorgekommen, Richard.
1116 603 2859 771 Und allessist möglich, absolut allee, das weise
1118 739 2943 895 Ich von mir her. Da wiret doch nicht zweifeln.
1121 867 2836 1018 dase ich Antoinette liebe, so sehr liebe, als
1118 995 2982 1153 men eine Frau nur lieben kann. Und doch in die-
1121 1128 2926 1272 dem Augenblick, wenn ich an Franzi denke, -menn
1130 1263 2878 1431 Ich dente, dase Ich wieder erickheme werde
1796 1358 2994 1531 ted. Erkachtzu lebe mein
1130 1393 1743 1533 Richard: Nant.
1132 1508 2868 1701 Antolnette: (in Retsckleld,tritt rasch herzäl
1121 1657 2938 1803 Habt Ihr Euch noch tüchtig mit einander ausge-
1135 1771 2945 1967 plandertt jetzt iet'e aber Schluer mit den be-
1130 1955 1596 2083 heimniesen.
1128 2034 2999 2244 Siden: (konnt) Und um neun Uhr zwanzig geht Euer
1128 2218 1319 2321 Zug.
1137 2286 1708 2463 Beneritkonnt!
1132 2426 1682 2586 Staon: Ja. Ja.
1135 2533 2959 2770 Lndnigi Also, lieber Freund, ich denke dir noch-
1130 2663 2889 2833 male eehr. Und dass du mir indese nicht alle
1130 2812 2337 2989 neine Pettenten gerund nachet.
1130 2908 2996 3159 Richerd: In dieser Dineicht übernehme sch kelne
