3208 3560
995 622 2515 798 Karl Derni Garantleren kann ich nicht.
1000 781 2855 962 Hatteilzu Karl Beral mf die hunderete Voretelt
992 922 1204 1035 lung!
995 992 2496 1164 lKarl dern, Rutte, Gradel nebeneinander)
995 1173 2539 1321 (Zndwig und Fr.Eiderhof etwas isoliert)
974 1305 2684 1466 Fr. Elderhof: Aleo noch einmal - viel Giüokl
985 1427 1478 1584 tstossen auf
981 1527 2686 1699 EndwigiIch weier, dass du e ehrlich meinet.
976 1694 2837 1856 Fr. Eiderhof: aber ich rate dir, gib Achtl Antoi-
967 1839 2220 1938 nette iet kein einfachee Weren.
974 1924 2858 2135 Lndwig: Nunecht ich mir gar nicht. Ich bin auch
957 2065 1537 2238 nicht einfach.
948 2154 2738 2370 Froklderhof: Das nelee bott. fnlokt reech.
948 2332 1858 2501 kehrt sich von ium abl
960 2459 2792 2672 1rr. Porth, Mothilde, betoinette stehen eusannen)
946 2597 2184 2783 eidoniliet ene buffet getreten)
936 2747 2133 2855 Ruttei ke lebe der Brautvater!
922 2874 1983 3013 sidöni Danke, meine Herren.
924 3008 2729 3221 Gradeli Rie ein Freutrater sehen Sie wicklich
