3093 3576
2801 406 2978 510 69
971 491 2948 665 Karl Bern: Vielleicht nicht den richtigen. So ei-
979 645 2854 774 ner wie Gregor wäre gar nicht übel. Dem hat noch
971 745 2883 924 keine widerstanden. Und das wär dann auch wieder
976 869 2963 1033 möglicherweise von Vorteil für mein Stück. So wird
964 1003 2214 1155 man als Autor Realpolitiker.
966 1128 2126 1280 Hychard: Und Kupplèr beinahe.
954 1295 2923 1414 Karl Bern: Der Kuppler kann sich die Mühe sparen.
956 1392 2007 1559 Richard: - In dieser Welt.
956 1516 1803 1668 Farl Bern: In jeder.
951 1626 2873 1830 Richard: Aber wenn sichseine in den Kopf gesetzt
941 1803 2535 1935 hatte treu zu sein....oder gar ine Herz.
936 1915 2938 2089 Karl Bern: Treue ist eine Fiktion - im allerbesten
909 2012 1895 2179 Fall Apgst vor Revanche.
921 2139 2873 2383 Kichard: Dase Sie das sagen - eigentlich komiech.
924 2303 2283 2430 Karl Bern: Warum ist das komisch?
911 2410 2911 2602 Righard: In Ihrem Stück wird ja. die Lebe so ernet
909 2540 2263 2722 genommen-und die Treue so wichtig.
904 2669 2764 2881 Karl dern: Ach, komnen Sie mir nicht mit meinem
909 2826 2816 3013 Stuck. Mein Stück iet eine hietorieche Tragödie.
901 2953 1394 3140 de behenagft
