3272 3576
2880 451 3016 575 65
1366 543 3187 732 Greger: Eg Eet kethe dan In die Tonie hebe we
2973 677 3169 762 Rec
2421 673 2560 766 ist
1386 707 3181 864 ohn: Jüngere sind da. Das mx auch nicht ohne
1354 828 2522 1008 Karl Bern: (zuckt die Achzeinl
1354 964 3144 1115 John: (ermutigt) So weit ich neulich bei der
1352 1099 3108 1263 Probe bemerkt hah,kommt es fror allem bei der
1373 1190 1603 1277 Tenin
1343 1231 3178 1418 Etgur auf Jugend an, auf die erotische Wirkung.
1300 1325 1512 1411 dom
2494 1345 2928 1425 wen lezenell
1341 1363 3171 1512 Det hat die Bauer heute mehr als die Frau Aote
1329 1484 2385 1626 da. Und die Friesel euch.
1343 1607 3146 1801 Richard: (immer eine Zeltung vor eich, zucht zu-
1338 1751 1635 1886 sonnen!
1758 1817 2066 1913 nachsenhte
1329 1872 2449 2009 Dregulein: Ja, die Friesel..
1341 2000 2442 2168 Gregor: Ret denn die Talentz
1329 2102 3126 2312 Bregulein: Sohone Aegen hat sie.Etner schlan-
1327 2269 1970 2405 pert, ader schon-
1320 2360 2636 2544 vogelmenn: (achtl At dein Telent
2820 2476 3048 2581 mit
1318 2519 3044 2661 Dregulein: (etwar gereizt) Und Talent) Auch
1311 2638 3003 2814 wenn sie sich nicht von dir in den Hintern
1306 2772 1883 2925 zwicken lässt.
1309 2900 2761 3076 Dogelmenn: Ruhig,vierzehnter Bunuch!
1288 3026 3032 3235 Greger:Und aerwerden sepielt sie se schon ln
