3224 3608
818 636 2761 816 Antoinette: Ägulich habe ich eie epielen geeehen.
823 767 2768 939 tnänig weies se gar nicht. Ee war se ein pldtrli-
2051 880 2248 954 unhr
823 907 2630 1099 cher Einfell von mir. Eine ganz kleine Rolle.
838 1067 2110 1235 Rioherd: Hat sie Ihnen gefallen?
838 1146 2817 1375 antoinetterfnechdenklich) Sie hat sehr sielenvolle
826 1282 2721 1494 Augen. Hübech kann ich sie ja gar nichtzfinden.
850 1405 2758 1647 Richerd: Und xemste nuch etne Fenne wäre - die
853 1602 1435 1758 Sache iet aus-
855 1686 2633 1896 Sidon-Da steht eie und pladdert. Antoinette-
865 1799 2781 2011 Antolnette: Ein schon da. Du hast wohl Anget ge-
855 1950 2825 2145 habt, Vater, dase Ich vergeseet Hein,ich weler ganz
858 2080 2805 2260 genan, deer ich eeit heute Mittag molf Uhr Antol-
863 2226 2744 2411 nette Gerold helere und dese Ich nich jetzt un-
873 2347 2744 2532 kleiden nuer,weil un nenn Uhr wwendig unser Zug
868 2502 2142 2660 nach Venedig abgeht slrarch abl
887 2633 1462 2825 Ordon Rioherd.
882 2734 2825 2956 sident Run, lieber Dotter,nann werden ie es Ihren
880 2916 1548 3057 Freunde nechtund
927 2995 2872 3212 Hoherd:1achelad. Feverrleft Ich bin ma ein Jehr
912 3187 1191 3362 gaager.
