3203 3592
1345 481 3063 704 die benehmen sich ein bischen arrogent gegt.
1350 648 1547 754 sie.
1347 786 2247 913 Karl Bern: Sie findent
1345 913 3125 1087 Dregulein: Sie iet das nicht gewöhnt. Sagen i
1336 1035 3160 1242 ihr doch einmal etwae Nettes, zum Beit piel, dass
1355 1169 3087 1362 Sie sich umbringen, wenn sie nicht die Fanny
1312 1284 1624 1437 spielt.
1315 1430 3155 1622 Kari Bern: Nein, dergleichen liegt mir nicht re-
1312 1552 3108 1739 Ioh werde die Dinge ihren Lauf nehmen lassen.
1298 1648 3148 1899 Wir werden ja morgen hei der Probe sehen. Ich
1291 1805 3071 1998 bitte ie nur Ihrereeite sich nicht geradezu
1291 1930 2148 2082 gegen die Frieeel --
1272 2078 3146 2272 Dreguleint Aber, ner kunnert eich un mich, vierte
1270 2193 1880 2352 Totengräber ...
1265 2343 3146 2547 Kerl Bern: Sie wieren sehr gut, dese man im Thee
1261 2458 3101 2667 tee auf Ihr Urtell eehr viel eibt - mit Recht.
1279 2599 2193 2742 ie sind unbestechlich.
1239 2732 3132 2930 Dregnlein: Heber wir mir, Ich konnte den Karlet
1225 2810 1568 2977 Sotelen.
1232 2953 2801 3160 loogelaaen, brogor und dona in Aasbruchl
