2716 3445
336 489 2487 670 kreguieln: seselend) bib'e aufl Man soll nichte forole-
331 594 726 791 Fen. Li1
328 749 2394 950 Richard: (tritt ein,grüest zu den Schauspielern, ninnt
322 896 1682 1068 aber an einer Feneternieche Platzl
328 1046 1730 1207 Feilner: (nimnt Bestellung entgegen)
333 1116 2507 1309 Dogelmann: (zu Dregulein) Still, viertg Lakei Sarftter Per-
319 1294 1498 1456 eckwexener,achter Lanzknecht.
331 1410 2532 1588 Dregalein: Du hast deine Uphe überschritten. Du hätteet
333 1543 2442 1690 auch die Rölle in dem neuen Stück zurückgeben sollen.
1956 1651 2337 1766 dogela in
328 1665 2566 1862 Wer glaubt dir heute noch einen Don Juan? Sl, Gr-Frauch
322 1806 2589 1978 Karl Ber: stritt ein,begrüest zueret Richard, der dem Ein-
333 1950 2600 2117 eang nah eitzt, bleibt bei ihm etehenvgrüest zu den Andern
339 2074 1362 2227 John: Guten Abend Meister.
1882 2111 2216 2247 (beilent
331 2190 2566 2371 Karl bern; Die kein Keieter. (zu Kiohard) Ich brenne auf
333 2315 2253 2510 otne Pertie Sebech. Dtr. Parler Schaul gefilln
336 2439 1535 2631 Richard: Stehe zur Verfügung.
319 2586 1786 2764 Dögelmann: Auf ein Nort. Herr Dektor.
319 2725 1631 2863 Barl Bern: Ich bin kein Dokter.
319 2857 2583 3038 Atchard: (zu Karl Betnl laszen sie sich nicht Atoren. Inin
302 2979 842 3151 eine Beltangt
