3112 3592
907 644 2808 790 Franzi: tu haat ja selbet gesagt, dass das andere
919 802 1404 919 werden wird.
912 914 2335 1060 Richald: Du biet merkwürdig gefasst.
902 1012 2857 1185 Franzi, Ieh mache mir keine 1liueienen - auch was
897 1175 1782 1324 mich selber anbelangt.
912 1299 1679 1436 HhxxAxxArhaEIg
1687 1367 1831 1470 1727
907 1392 2786 1584 Franzi: (as hleiht attr denn übrigt) Ich mache
904 1562 1794 1696 mir keine Trjusionen-
965 1687 2035 1857 ichard: Was mich anbelangt.
943 1818 2781 1987 ranzi: Auch nicht über mich selbst. Haxxnxtah
902 1940 1255 2084 auxänder
904 2077 1760 2206 Richard« Umso besrer.
941 2208 1609 2352 Franzl: Fur mich.
941 2330 2815 2494 iohard: Und auch für mich. Jedesfalle werde ich
904 2455 2710 2601 an meinem Hochzeitetag,wenn ich einen erleben
892 2581 2747 2745 solite, in ruhigerer Verfaerung sein dürfen, ale
902 2730 1718 2862 es Ludwig heute war.
2074 2747 2803 2866 mellit de dececit sap
892 2830 2774 2959 Franzl: (immer befremdeter) War heiest dast Ihre
895 2910 2769 3064 Er hat - Ihr habt miteinander -Ihr habt von mir
895 3052 1599 3205 heute gesprochent
895 3171 2845 3344 Rlchardi Er iet einigermassen in Unruhe deinetne-
