3112 3496
2498 356 2642 492 280
1042 475 2901 666 Karl Bern:leieht auf die Uhr) Eine-Verabredung.
1023 573 2001 748 Helene: Ich frage nicht.
1021 720 2817 895 Karl Bernt Aber ich antwerte. Ich mache einen
1011 850 2691 1055 Desuon bei der Roveda. Herde Richt blase.
1000 967 2125 1142 Relene: Ein Reut Einbildungt
997 1125 2677 1342 Kerl Dern: Pitte, lier selbet.(glbt ihr den
1000 1261 1258 1370 Brief)
976 1396 2591 1559 Helene: (liest) "Verehrter Herr Doktor"-
972 1517 2700 1743 Kerl Bern:(wie für sich, nechanischl sin gar
958 1671 1277 1794 keiner.
944 1789 2680 2001 Hejene: (weiter lezend) "Darf ich Sie bitten
941 1904 2733 2162 heute Nachmittag fünf Uhr in einer wichtigen.
941 2060 2246 2227 kunstlerischen Apgelegenheit -en
932 2204 2267 2381 Karl Derni Zreinal unteretrichen.
918 2335 2596 2540 Helene: (liest weiter) as Vergnügen Ihres
918 2453 2784 2668 deruchee zu schenkent Ee hendelt eich nicht et-
904 2603 2782 2810 ma um Ihr Stück. Doch die Sache fet dringend.
892 2707 2209 2924 Kerl Bern: Freinal unterstrichen.
883 2854 2717 3118 Helene-(weiter lesend) wit hechachtungevellen
871 3003 2631 3215 Grasconr - (glbt Karl vern den Brief zurück)
