3144 3592
453 338 822 507 30.70.30.
2541 546 2697 658 283
928 668 2729 844 das Hlävierepiel,hoohete Spannung bei den Zu-
925 813 2839 981 rückbleibenden. Das Klavierepiel sietiert plöte-
923 942 2589 1114 lich, man hirt sprechen von der Bühne herl.
913 1077 1975 1224 Karl, Bern: Ee geht weiter.
925 1199 2807 1371 Dregulein: Bei dem Mann können Sie sich auf den
915 1346 2753 1486 Knieen bedanken. Der hat den Abend gerettet..
903 1461 2844 1647 Karl Bern: Wer weiss, ob dieses improvisierte Ge-
896 1625 2788 1765 klimper die Stimmung für den Schlues nicht gün-
896 1735 1593 1875 stig vorbereitet.
884 1858 2734 2046 Dr. Braun: (kommt schnel1) No ist die Frieself
891 2014 2822 2171 Dregulein: Sie ist echon unten. Hören Sie nicht,
888 2146 1610 2279 es geht ja weiter.
876 2247 2844 2452 Dr. Fraun: Ja, was ist denn da eigentlich passiertt
876 2406 2749 2582 Bregulein: Eine plötzliche Bemuestreinestörung.
871 2538 2120 2702 eine Art von Ohnmacht offenbar.
871 2695 2837 2866 Dr.Braun: Ich habe tateachlich geglaubt, der Baron
866 2812 1527 2952 wird wahneifnig.
859 2942 2646 3125 dregulein: Ee war schon sehr unruhig im Fublt
839 3059 1035 3238 xuet
