3208 3608
532 442 811 617 26.5.4930.
2598 596 2732 747 88
1007 671 1482 792 Werter Biid.
964 742 2671 938 De kuhne der Rertdenstheatere im Probenzu-
943 858 1217 998 stand.
917 979 2815 1156 Der herabgeleeeene Vorhang des Resfdensthestere
941 1125 2803 1284 bildet den Hintergrund der Rühne. Der Zuschan-
924 1248 2820 1447 etraum der Reridenztheeterz, der später sichtbar
912 1404 2517 1603 mird.4 ist ales ganz rückwärks gedacht
910 1515 2704 1683 Rechte steht teilweise die Dekoration für das
908 1648 2735 1815 zu probierende Stück: eine Seitenwand mit Ein-
898 1796 2610 1943 gengetür. ein Schrank u.e.W. Linke ist die
886 1915 2645 2123 Dekoration unvollstandig. Conlirgen, zuirchen
875 2047 2718 2255 denen Lihnenarbeiter, Inersafenten, Schauspfeler
867 2165 1399 2333 eich bewegen.
853 2300 2744 2487 Etme in der Witte der Bihne, aleo zur Dekoretion
858 2425 2602 2614 des zu probierenden Stückes gehörig,Schreib-
839 2572 2666 2744 tiech mit Pepter und Lichern, Schreibtlechees-
2378 2723 2640 2808 amerR
839 2692 2673 2874 gel etc. Durchaue der Eindruck der Nicktdeftet
830 2820 2683 3004 tiven. Im Hintergrund, also gerade vor den Kerz
825 2962 2721 3198 noch geschloesenen Verhang der Reeldenztheatere.
813 3087 2626 3314 Roglettoch wit Laupe. In Joufrleurkerten des
