3096 3512
2517 481 2688 573 231
792 538 2690 703 Rlchard: Also, wenn du jetzt irgendetwar anderee
808 673 2777 836 von meiner Stirne ablesen kannet ale - das Vergnü-
795 820 2749 973 gen wieder einmal mit dir zu plandern, die Freude,
782 943 2349 1072 das Glück, dass du überhaupt da bist --
790 1044 2833 1256 Mathilde; Ich hab er gar nicht gern,Richard, wenn du
780 1213 1187 1350 so redest.
774 1337 2170 1470 Richard: Warum denn nicht, Mathilde?
782 1462 2461 1623 Helene: (komnt herein,sichtlich betroffen.1.
782 1592 2272 1737 Hichard: (rasch) Was gibt'e? Wer war'e!
764 1714 2754 1878 Helene: Man hat aus Ludwige Wohnung hieher telefo-
762 1867 2805 2010 niert. Denkt Euch,sein Schwiegervater ist plötzlich
759 1979 1179 2091 gestorben.
757 2109 1954 2219 Richard: Was? Der alte Sidon?
752 2260 1664 2362 Helene: Fanz plötzlich.
746 2321 1900 2479 Richard. Wer hat telefoniert?
741 2453 2698 2660 Helene! Ludwige Diener. Er scheint übrigene nicht
734 2621 1669 2741 allein gewesen zu sein.
723 2749 1911 2879 Richard: Plötzlich gestorben?
721 2874 2644 3026 Helene: Ja. Frau Eiderhof war bei ihm im Augen-
721 2988 1488 3144 blick seines Toder.
