3128 3512
2453 397 2686 531 228 b
893 590 2854 791 Helene:Wenn du doch etwas freundlicher sein könn-
895 759 1419 878 test, Richard.
888 868 2537 1027 Richard: Ich bin doch nicht unfreundlich.
893 967 2884 1114 Helene: Dein Gesicht.. Du solltest wenigstene Eine
900 1109 2862 1287 heitere Miene zeigen Rapa zullebe. Er möchte dich
903 1260 2220 1394 ja auch so gerne glücklich sehen.
893 1391 2792 1540 Richard: Ich bin nicht im entferntesten unglück-
885 1530 1123 1637 lich.
890 1659 1704 1771 Helene: Umso beeser.
903 1781 2892 1917 Richard: Nicht böse sein,Helene, Ee wird alles gut
908 1897 2691 2058 werden. Man hat's nicht immer ganz leicht. (er
903 2006 2792 2205 küest Helene zärtlich auf die Stirnl auf wieder-
895 2175 1674 2341 sehen! (wili gehen)
908 2311 1627 2463 (Elingel draussen)
903 2448 2140 2572 Helene: Das wird Mathilde sein.
903 2559 1934 2716 Richard: Ich muss leider-
905 2676 2192 2835 Mathilde: (tritt ein, Begrüssung)
905 2788 1210 2879 Diehard
