3160 3592
1298 514 1605 629 atiellecit
879 564 2481 754 Soll ich’e gleteh in die Garderobe trage
1368 691 1672 761 tenesi.
881 699 1765 879 Franzl: (Spater, Danke.
876 849 2534 1016 Portier: (abf. trifft Dregulein in der Türe
846 998 1475 1116 auf den Stufen)
836 1103 2786 1331 Franzi:(hat den Brief geöftnet, liest ihn für eiel
841 1253 1261 1370 lacht auf)
2117 1350 2356 1513 Treul
841 1383 2746 1605 Dregulein: uegezeichnet geht'e. Hab ich nicht
819 1513 2701 1737 recht gehabtzke war verrückt geresen abzusegen.
804 1670 2691 1882 kenn der heutige Abend gut vorüber ist eind dte
1575 1785 1822 1885 Murode
786 1790 2716 2012 überhaupt drüben- (am andern Ufer,wo Ihnen nichts
876 1882 1103 1970 uterban
1236 1922 1373 1997 valle
779 1952 1590 2122 mehr geschehen kann)
774 2077 1870 2212 Franzi: Bin ich schon. dt
776 2192 2791 2489 regulein: Unso besser. Sich um einen Mann granch.
756 2346 2634 2569 das wäre doch zu dumm. Sich auf einen kaprizle-
976 2431 1216 2519 Blorte
729 2481 2509 2691 ren -- 11 Du kannet doch jetzt haben,wen du
731 2579 2534 2833 rilet. Schufte sind wir ja alle.. Es hat nur
716 2723 2611 2986 nicht jeder die GelegenheitsWunderbar sind die
699 2871 974 2983 Rosen.
696 2993 1470 3148 Franzli Richt wahre
676 3120 2649 3395 bregulein: An, von ihut kbelt er wieder anbandeint
