3219 3576
1073 538 1562 686 Ihrem Stuck.
1071 662 2802 815 Karl Bern: Die Fami liesse gich umberetzen.
2011 777 2274 864 zntelbe
1071 787 2891 977 Dregulein: (za Gregor) Und ee wäre doch ganz o1
1355 909 1616 984 gimut
1078 940 2943 1102 ginell mit einer zu epielen, mit der man kein Ve-
1066 1057 1564 1205 haltnie hat.
1071 1184 2865 1348 Dögelmann: Ee wären ja nech dret Tage bie zur
1064 1304 2194 1480 Tremièreiem juarh die I.
1062 1435 2884 1604 Karl Bern: Na, werten wir(die morgige Probe ab.
1360 1560 2241 1621 v. dict mar de Sre
1064 1607 2898 1752 Dr.Braun:(zu Dregulein) Wie wär'e mit einer Ka-
1066 1717 1599 1886 ramdolpart19t
1064 1830 2062 1987 Dregulein: Einverstanden.
1062 1966 2922 2151 Krchärd: (hat angestrengt gelauscht, wurde imner,
1055 2102 2919 2290 nervoedrshat den Keliner gerufen und will zahr
1057 2208 1207 2375 ten.
1038 2339 2924 2546 Kerl Bern:lder des bewerktmn Iun hinl Entechat
2018 2469 2217 2539 Ae tun
1057 2485 2917 2656 digen Sie, lieber Dokter- Unere Schachpaltten.
1062 2609 2412 2783 1der Schachbrett steht schon dort)
1050 2762 2934 2934 Richard: Aber leezen Sie eich doch nicht etören
1055 2861 2936 3082 Sie haben sa mit den Herren neck richtige Dinge
1038 2971 1614 3173 zu besprechen.
