3219 3576
1258 590 2941 733 Dreguleini Sagen wir se. Vielleicht d체rfen.
1253 733 2808 856 Sie von eich nicht gar so viel fordern.
1246 866 2299 987 Karl Bern: Wahrecheinlich.
1256 987 2854 1160 Dregulein: Verzeihen Sie, dass ich so --
1244 1132 1907 1265 Karl Bern: oh -
1244 1253 3116 1372 Dregulein: Sie sind ein ziemlich ber체hmter Dich
1244 1393 3078 1536 ter und ich nur ein dritter oder vierter Ankut
1239 1501 1662 1641 Kusketier.
1244 1631 3083 1799 Karl Bern: Mir eimpathiecher als mancher erste
1235 1774 1575 1914 General.
1239 1916 2955 2042 Dregulein: Na,lassen wir das. Nun skuht Ihr
1235 2021 3032 2180 Werk einmal da, Sie m체esen dazu stelien wie ein
1228 2152 2990 2299 Gatte zu seiner Frau, die er zu lieben aufge-
1225 2280 3048 2439 hort hat. Vor den andern Leuten darf man seine
1218 2399 3027 2569 Frau nicht im Stich lassen, so wenig wie sein
1218 2546 2938 2695 Werk. Treue ist wichtiger ale Objektivit채t.
1202 2679 2990 2831 Karl Bern: Vielleicht haben die Recht. Darum
1221 2803 2131 2901 hab ich Sie ja gefragte
1214 2859 2943 3008 Fregextaknxfaxxk x
1207 2985 1508 3109 dezuug
