3048 3496
2493 427 2640 567 309
960 552 2578 690 Riohard: Du solist ihn hören.(liest beim
964 656 2626 837 Zicht. der Strassenlaterne), Ich liebe sich.
972 808 2604 955 Verzeih mir! Ich liebe nur dich allein“-
998 931 2758 1075 or einer Stunde hab ich ihr diesen Brief ge-
952 1080 2281 1203 schrieben. So ein Mensch bin ich.
936 1169 2778 1348 Mathilde: Du warst frei,ich hätte dich niemals
957 1331 1333 1427 gehalten.
943 1437 2814 1611 Richard: Vielleicht wäre es auch geschehen,wenn
933 1603 2771 1736 sie diesen Brief gelesen hätte. Vielleicht hat
936 1659 2874 1847 sie es wirklich gar nicht um mich getan. Schuld-!
936 1857 2645 1989 ich weiss nicht, ob ich schuldig bin. Es war
933 1960 2756 2129 vielleicht ganz richtig,dase ich sie verlassen
921 2105 2717 2247 hatie. Und nur dieser Brief war falsch und es
919 2214 2787 2392 ist vielleicht ein Glück, dase sie ihn nicht em-
1338 2305 1512 2385 N
921 2349 2722 2532 pfangen. Ale Schuld empfinde ich nur, dass ich
916 2467 1587 2597 bin,wie ich bin.
909 2626 2790 2746 Mathilde: Ich vereteh er gut. Aber wenn ich mich
897 2722 2734 2898 frage,, ob ich dich anders wollte als du bist-
897 2877 2739 3041 ich glaube nein. Das soll kein Trost sein, auch
895 2951 2797 3164 keine Grössmut, auch kein besohenk, -ach Gott, ich
895 3135 2705 3313 bin se un so vielggarner aie du. Und wenn da
