3224 3640
971 744 2864 909 Lsblein: (lacht) Rasch fertig ist der Auter mit.
968 892 1350 1002 dem Wort.
961 973 2850 1166 Karl Bern: Es bleibt doch nichts anderes übrig.
973 1142 2750 1286 Eyblein: Wie etellen Sie.sich das eigentlich
968 1290 1538 1393 vor,Herr Bern?
973 1379 2891 1522 Degelmann: Kenn die Herren sich weiter unterhal-
971 1534 2740 1667 ten wollen,könnte ich vielleicht unterdessen
961 1672 2807 1810 eine kleine Reise nach Eüdfrankreich unterneh-
947 1815 1181 1906 men
959 1922 2096 2042 Eöblein: Also, fangen wir an.
961 2042 2652 2168 Greger: (in seiner Kolle) "Das ist wirklich
956 2204 2831 2333 schon, dass du dich wieder einmal blicken lüest“
971 2304 2831 2488 Eshlein: Aber lassen Sie nihr doch zuerst auf-
961 2471 1259 2564 treten.
949 2576 2092 2736 Gregor: Er.ist ja schon da.
947 2683 2771 2862 Esblein: (zu Dogelmann) Sie treten rechts auf.
944 2814 2325 2972 Döogelmann: Wo ist den der Diener.
954 2957 2075 3136 Loblein: Was für ein Diener?
944 3069 2788 3291 Dogelmann: Der mir die Türe öftnet, mir Hinter-
