3144 3576
386 1379 650 1551 Nachte
2248 396 2420 513 272
690 580 1091 702 Lippen.
692 657 2413 842 Franzli(benützt mechantsch den Eiprenstift)
690 857 1240 1001 ArkantrExEX
1845 859 2079 979 Seifen
697 949 2614 1093 Mil1: Und die Frau Mams luert fragen,, ob sie un-
702 1098 2019 1240 ten warten soli nach dem Theater?
717 1195 2697 1414 Franzl: Nein, nicht warten,keines falle. Ich bin) u
1501 1325 1788 1414 t Mekeil
710 1347 2590 1549 geladen für später, frielleicht (Und wenn nicht,
705 1516 1962 1628 ich find schon allein nachhaus.)
697 1621 2560 1813 Fr. Wentzler: (Sie müesen schon hinunter auf die
712 1753 2712 1950 Bühne, Fraulein Friesel/ Sie kommen ja gleigh dran.
707 1910 2649 2092 Mili: Also auf Niederechen, Fräulein Franzi. Und
715 2049 1952 2221 ich gratuliereen jange Kast
712 2131 2632 2363 Fr. Wentzler: Was fallt Ihnen denn ein um Gottes-
1439 2268 2087 2373 mell, in d Vorsellen
720 2338 2216 2468 willen. Gratulierey (bevor au tetl
732 2458 1741 2639 (Fr. Wentzler und Mili abl
757 2577 2425 2719 Franzi, (erhebt sich und will auch fant ab)
742 2714 2689 2839 (In diesem Augenblick erhabt sich auch Gregor, der
730 2849 2542 3033 taxt uurichtbar auf einem Sergel Reohte rück-
737 2998 1546 3162 marte gorerzen letl
