3144 3608
2427 486 2577 617 280
908 612 2000 770 (ie sindkt auf einen Stuhl)
896 768 2726 921 Dregulein: Herrgott noch einmal. Was fällt Ih-
891 926 2637 1089 nen denn eint. Was geht, denn dich der Mensch
889 1042 2869 1200 überhaupt anf Ob er hier im Thegter sitzt oder
891 1158 1252 1244 an Aanpeele
908 1158 2740 1345 iPrater spazieren geht, das ist doch vollkom-
896 1333 1284 1466 men egal.
908 1444 2550 1590 Franzi: Ich liebe ihn.- Ich liebe ihr....
908 1612 2242 1758 Dregulein: Ist sa gar nicht wahr.
941 1679 2804 1866 Franzl: Es lst wahr. de eunge, wir wif ih. Schleit so
926 1834 2659 2010 Fregulein: Es darf nicht wahr sein.. Du hast
904 1992 2634 2133 etwas Beezeres auf der Welt zu tun, als dein
891 2135 2753 2271 Herz an einen Mann zu hängen. Eine fixe Idee
906 2256 2513 2405 ist das und nichts weiter. Wahneinnkil-
906 2363 2306 2563 Fränzl: (Gewlsr) Aber ich liebe ihnl
911 2511 2669 2654 Fr. Wentzler; (raech herein) Fräuleid Friesell
906 2664 1439 2767 Ihr Aufträttl
946 2765 2795 2945 Pregulein: kommen Sie doch zur Teeinnung, Fran-
918 2935 1708 3051 21. Auf - geschwind!
918 3032 2782 3190 Inepizient:in gröneter Eile) Fraulein Friesell
896 3165 2745 3362 Was ist dennt Haben die denn das Zetchen nicht
