3432 3836
2218 614 2445 768 68
809 754 2698 915 Hichard: Ich ja, ich erinnere mich. (ungeschickt!
800 898 2707 1057 Ich hielt die Apgelegenheit nicht für offiziell.
797 1002 2669 1175 Karl Bern: Im Theater mussten es alle. Ein net-
807 1156 2712 1289 tes Mädel übrigene - tiefere Natur möglicherwei-
797 1296 2734 1436 se. Sie soli die Sache anfange ziemlich tragisch
800 1402 2635 1542 genommen haben. Ist auch jetzt vielleicht noch
797 1546 1689 1679 nicht ganz drüber weg.
821 1667 1872 1831 Eichaud: Alles ist möglich.
