3128 3624
2414 479 2668 616 ﻿286 a
838 675 2549 863 Dregulein:zu Bern) Sie kennen die Schrift?
843 845 1739 1001 Karl Bern; Ich glaube.
858 960 1813 1075 Dregulein! Von ihm also?
861 1100 2134 1207 Karl Bern: Wie sind. informiert?
871 1174 2656 1352 Fregulein: So ziemlich. Sie hat ihn eben erst
861 1329 2778 1472 entdeckt.. Sie xxxkk hatte vorher nicht ge-
863 1421 2824 1586 wue-t, dass er im Theater ist. Daher dieser plötz-
866 1625 1673 1744 li che Zusammenbruch.
866 1681 2837 1920 Karl Bern: Wenn der Brief früher gekommen wäre.
876 1897 1383 2029 wer weiss...
886 1971 2862 2159 Dregulein: Sie darf ihn niemals bekommen. Das würe
878 2129 1900 2294 nur eine neue Verwirrung.
878 2241 2727 2393 Karl Bern:«Wiesen Sie das so genauz Es könnte.
891 2365 2938 2534 auch die Lösung sein.Eine günstige mein ich. xerxx
894 2488 2455 2638 AxektrdehrtrExxxExxtxxExktritberxtEEx
901 2620 2796 2824 Dregule in: Wie können Sie das sagen? Der Mensch
896 2732 2849 2931 hat ihr doch vor wenigen Tagen den Absohied gege-
912 2943 1087 3058 ben.
906 2984 2941 3203 Kerl Bern: Ich wer daran Schuld. Iot habe. ihm gera-
912 3201 1095 3320 ten.
