3128 3608
2572 437 2714 576 291
1034 583 2598 739 Karl Bern: Dass ich mich noch verbeugen
1041 720 2417 846 musste, das war doch zu lächerlich.
2440 741 2670 911 act.
1050 881 2603 1002 Pregulein: Die Leute haben gemeint, der
1032 974 2047 1125 Schluse iet von Ihnen.
1034 1108 2045 1259 Karl Bern: Eine Ohnmacht?
1041 1246 2828 1380 Grezor: (kommt) Platz dal Man bringt eine Lei-
1043 1369 1738 1520 che. (Sie ist tot!
1048 1520 2628 1668 Karl Bern: (wieder rasch nach. rücknürtel
1048 1652 2005 1789 tregulein: Wer ssgt das?
1048 1778 2819 1894 Gregor: Ich hab es gleich gewusst. Tot! Ver-
1048 1899 2812 2045 stehst dudas? EiftlUnd heute noch sollte sie
1036 2017 1582 2161 mein werden-
1043 2147 2593 2284 Baron und Lublein komnen nieder herein.
1041 2275 2907 2428 Baron: (Vebte Semattonetstf ahrend der Vor-
1034 2407 1438 2540 stellung
1043 2519 2140 2689 Loptetn.(tr ist unfassharf.
1050 2654 2737 2784 (An der Türe draus-en Leste vorbei, auch von
1034 2795 1636 2905 der Strasse.)
1043 2947 2756 3079 Die Koreda:(zum Baron) Ich höre eben - es
1032 3056 2370 3207 soll eine ernstert Ohnmacht sein.
