3208 3688
404 454 809 669 26. 1. 1930.
2484 634 2614 751 38
916 781 2791 949 Gemütlichee, hochgewälbtes Zimmer in einem ziem-
926 919 2751 1073 lich alten Hauspetwae altmodiech eingerichtet.
916 1053 2798 1233 Haupteingang linhe. In der Rake Rinhe rückwarte
929 1198 2751 1393 netexer Kachelofen ffechte Aran, Tiech, Seeeel.
931 1323 2768 1520 Fenzter rechte Ainke üand Glaeschrank mit grü-
934 1460 2848 1655 nem Vorhang,Rechte vorn Komnode, darüber Spiegel.
946 1600 2786 1742 auf der Kommode Blumenvaxe, Photographien etc..
944 1727 2946 1892 neben der Kommode in der löke des Spiegele Kuckucks-
1435 1832 1598 1920 nitt
944 1860 2878 1990 uhr--Rückwarte breiter Alkoven. Ag Oftene Portiö-
944 1980 2903 2129 re aux grünem Flüech, im Alkoven Doprelbett. Ueber
951 2127 2741 2244 dem Bett Oeldruck (etwa friedliche Landechaft
946 2264 1905 2406 mit Hirten und kähenl.
951 2364 2801 2551 Buhne ieer. durch dee Fenter rechte fällt ein.
944 2506 2861 2678 ticht von gegenüberliegender "traesenlaterne und
954 2641 2843 2818 auch vom dichtfallonden weieren Sohnee. Die Zu-
961 2796 2107 2906 ohncheuhr schlagt eben neun.
964 2888 2773 3065 Wahrend der letzten Schläge tritt die Baronin
961 3020 2751 3203 Anaurgiasin,ältere gewe staliliche Dare ie
956 3148 2838 3340 einfochem beyuenen, sehr ordentllchen Rauekleid.
959 3258 2906 3480 die echaltet die Licht stn, bescheldene Deotenlen
