3211 3592
1234 459 3078 667 mutet, offenbar nach fräheren Bpfahrungen, dess
1263 581 3099 753 ie in irgend eine Beziehung vgretrickt sind, Ai
1236 705 2989 878 Ihnen mehr Unrahe und Feld bringt, als Glück.
1231 835 2908 1031 Rl Mhard: Hat Helene Sie damit betrautt. in
1222 978 3085 1143 Karl Hern: Sie hat mich mit gar nichte betraut,
1220 1121 2979 1279 eie hat sich nur(mtr gegenttber ausgeprochen.
1222 1234 2157 1401 Richard: Das merke ich.
1217 1368 3089 1566 Karl Dern: Bitte, wenn Sie keine Iuet haben mich
1212 1511 2815 1669 anzuhören, ich bestehe keineswege darauf-
1208 1621 3085 1817 Rlchard: Aber ich heetche fätzt darauf, dase die
1200 1760 1705 1901 weiterreden.
1188 1853 3109 2092 Karl Bern: Dann müs: en Sie mir ggsfatten aufrich
1193 2030 1710 2159 tig zu rein.
1184 2047 2449 2329 Richerd: Ich erzache sie derun.)
2511 2217 2795 2353 vall
1184 2279 3046 2456 Karl Bern: Aleo, kurz und guf, ich glaube, die Be-
2298 2403 2705 2494 I nicht i
1181 2420 3011 2621 vorgniseg Ihrer Schweeter, ainfgerechtfertigt.
1320 2501 2102 2602 dierobel schlih noch
1162 2549 3046 2721 des eind nicht der kann für eine Beziehung mit
1169 2633 2934 2838 einer jungen Kynetlerin, besondere mit einer-
1165 2764 1786 2934 Schauepielerin.
1160 2889 2872 3104 Rlcherd: Der Sie zu erläntern heben werden.
1148 3020 3066 3252 torl dorn: Joh versnche. Eine Khertdertn braucht
