3096 3544
313 328 716 499 23./6.1930
2267 441 2433 581 296
851 499 1415 666 Nontes Bild.
820 682 2705 822 Einks rückwärtige Fassade des Reeidenztheaters.
822 846 2657 952 Eühnene ingang. Türe. Von der Türe nach abwarte
808 979 2621 1085 sowohl rechts als linke je ein Weg, die beiden
813 1104 2703 1218 münden auf der Fahretraste, die von links vor m
808 1235 2737 1365 nach rechte rückwarte xahxz zieht. Rechte
808 1377 2705 1497 daven eine Parkanlage. Rechte und linke von der
810 1524 2657 1625 Fahretrasse das Trottoir. zwischen Buhnentüre
810 1601 2578 1753 und rahretrasce, aleo ute Weclungen von den
817 1792 2662 1898 beiden Wegen, ein Rasenplatz. Die Strasse lauft
810 1929 2537 2030 zwirchen Häueern weiter und verschwindet im
810 2074 1317 2170 Hintergrund.
808 2197 2585 2327 zu begiyn des Aktee eine Apzahl junger Leute
798 2322 2737 2488 nahe dem Auhneneingang;etl1 ois mit Kärtchen oder
813 2447 2503 2628 Uetiablocke verzehen. Am Bühneneingang der
813 2587 2009 2744 Eunnenportter lkeine Uniforml.
820 2710 2664 2889 Dae Thepter iet eben, zu Ende, entsprechende Be-
808 2845 2580 2995 negung. Paesanten, Theaterbesucher, die wegge-
808 2980 2148 3159 hen, wegen werden gorufen etc. eto.
