3224 3544
1397 363 1705 546 12
2517 490 2724 663 284
1027 595 2987 819 Delens: Morgen nach Nech zum Beseptel. Du konnt-.
1027 719 2868 946 tetben sonmerren Kaftee bei und nehmen. Pene
1005 863 1692 1027 wird sich freuen.
1475 973 2446 1100 dercilertis con zubegee
1002 1002 2866 1210 Kerl Bern: Davon bin ich nicht ganz Überzeugt.
995 1124 2946 1324 Helene: Und nebetbei möchte ich mit dir - mit Ih-
990 1251 2941 1463 nen reden. Regen meiner Bruderg. Du bist se jetzt
988 1400 1949 1553 so oft mit ihm zueammen.
980 1517 2822 1692 Karl Bern: Ofte Henchnel in Kaftechaus nachte.
963 1646 2887 1853 Helene: Oh, ich will Sie zu keinen Indiekretionen
963 1785 2746 2000 verleiten. Ee wäre auch vergeblich, Ich weies.
956 1897 2746 2112 Kerl dern: Aschärd hat mir niemale sein Herr
951 2046 2809 2253 aufgeschloesen. Ich bin nicht einmel überzeugt,
936 2141 2309 2351 deer ich ihn sehr empathlech bin.
936 2307 2814 2551 Relene: Nor otmet er necht atr Sorgen, Er mare
922 2385 2766 2651 ornen kunner Deden- Obseu ihm esmpethlech bist.
917 2529 2868 2766 des weier ich fealsch (geleet nicht, aber da Impo-
1961 2712 2446 2809 widenbe
915 2668 2744 2936 nferet oder sgrinsget thuhe veleestetent
941 2787 1400 2878 micht nif
912 2819 2817 3073 er iet eae setintineber ven denn achen belnche
885 2948 2809 3251 seeer tet Erekantllig, aber sohnich. Er eteott
