3240 3576
558 436 823 547 11930
1238 445 1782 536 Erztes Bild.
920 622 2729 724 Balon im Hause des Kommerzialrates Sidon ,an-
925 760 2873 925 schlieezend die beiden nucheten Zimmer, die Jüren
928 917 1464 1030 stehen ofren.
936 1030 2787 1122 Linke im Salon Bufret,schen ziemlich abgeräumt.
934 1149 2832 1243 Zur Bedienung, der Caste ein Diener und ein Stu-
931 1304 2558 1390 benmädchen;dieses nicht dauernd anwesend.
613 1434 2834 1569 Zal.d 2-3 kleine Ziechchen mit Stühlen in der Nahe des
928 1572 1254 1649 Buffets.
867 1688 1972 1809 -Rechte Türe ine Verzimner.
934 1820 2804 1959 Im zweiten iimner das Klarter, an dem zu geginn.
934 1959 1768 2075 der Akte der Pianist.
934 2100 2160 2169 Spater Nachmittag Ende Februar.
964 2216 1652 2345 tbruchertimmung.
934 2337 2804 2417 Wenn der Vorhanf aufgeht einige Gaete,vom Haue-
931 2475 2732 2591 herrn begleitet, aus dem zweiten Zimmer in den
928 2594 2906 2710 salon, entfernen sich dann durch den Hauptauzgang.
934 2732 2782 2815 In der Türe zwiechen ersten und zweiten Zimmer
928 2859 2790 2953 Anteinette Sidon,die Braut und der Schriftetel-
917 2995 1500 3111 ler Karl Bern.
