3128 3496
2557 388 2715 494 236
1030 503 1797 678 bes. ler hüset ziel
1030 642 2782 779 Helene:(abührend) Diee später. Du haet alee
1033 803 2856 961 gestern mit Richard gesprochen? Nun, war gibte?
1016 932 2823 1083 Karl Bern: Ee wird schen richtig sein, daer er
1018 1083 2382 1167 sich um eine Herzensrache handelt.
1018 1201 2701 1318 Helene: Nun und-- Weiset du wae,Konkretee.
1011 1323 2744 1478 Karl Bern: Das Konkrete ist immer eine Fik-
1018 1471 1299 1574 tien.
1014 1598 2780 1713 Helene: Bitte keine Apherismen,sondern Wahr-
1634 1721 2039 1821 lectetliter
1004 1718 1248 1871 heit.
1006 1848 2852 2008 Karl Bern: Er hat mir keinerlei Nanen genannt.
1002 1994 2344 2157 Helene! Darauf kommt es nicht an.
992 2109 2770 2288 Karl Bern: Denke ich mir auch. Mein Eindruck
997 2252 2868 2439 ist jedenfalle, dese die Sache dem Ende zu geht.
994 2396 2816 2559 und dase die Chancen für Mathilde im ganzen"
985 2526 2677 2703 recht gut stehen, beeser als meine bei dir.
985 2643 2835 2854 Redone: laanillkürlich Lachelnd) Nas das nieder
975 2799 1637 2938 heieren soll--
963 2895 2890 3098 Lart dern: Da willet wir also absolnt die teuu
966 3050 1893 3204 Ehre nioht wiedergebent
