<?xml version="1.0" encoding="UTF-8" standalone="yes"?>
<PcGts xmlns="http://schema.primaresearch.org/PAGE/gts/pagecontent/2013-07-15" xmlns:xsi="http://www.w3.org/2001/XMLSchema-instance" xsi:schemaLocation="http://schema.primaresearch.org/PAGE/gts/pagecontent/2013-07-15 http://schema.primaresearch.org/PAGE/gts/pagecontent/2013-07-15/pagecontent.xsd">
    <Metadata>
        <Creator>prov=READ-COOP:name=PyLaia@TranskribusPlatform:version=2.7.0:model_id=50870:lm=none:date=22_01_2024_14:24</Creator>
        <Created>2023-09-27T14:32:30.935+02:00</Created>
        <LastChange>2024-01-22T14:24:49.229+01:00</LastChange>
        <TranskribusMetadata docId="1589025" pageId="60122409" pageNr="202" tsid="145612206" status="IN_PROGRESS" userId="40391" imgUrl="https://files.transkribus.eu/Get?id=GXQCMONTCEUWHTEXGLSWXENQ&amp;fileType=view" xmlUrl="https://files.transkribus.eu/Get?id=JGPBCQGPOHPMZGSUUJJJRTWT" imageId="48547487"/>
    </Metadata>
    <Page imageFilename="1589025_0202.jpg" imageWidth="3064" imageHeight="3496">
        <ReadingOrder>
            <OrderedGroup id="ro_1711796808945" caption="Regions reading order">
                <RegionRefIndexed index="0" regionRef="tr_1"/>
            </OrderedGroup>
        </ReadingOrder>
        <TextRegion orientation="0.0" id="tr_1" custom="readingOrder {index:0;}">
            <Coords points="916,406 916,3091 2830,3091 2830,406"/>
            <TextLine id="tr_1_tl_1" custom="readingOrder {index:0;}">
                <Coords points="2422,483 2443,490 2460,483 2481,500 2498,485 2514,495 2524,490 2538,497 2552,495 2552,402 2533,402 2521,391 2512,398 2493,398 2467,388 2439,410 2422,407"/>
                <Baseline points="2436,462 2466,462 2497,462 2527,462 2558,465"/>
                <TextEquiv>
                    <Unicode>398</Unicode>
                </TextEquiv>
            </TextLine>
            <TextLine id="tr_1_tl_2" custom="readingOrder {index:1;}">
                <Coords points="902,651 1051,646 1089,663 1162,649 1224,675 1333,639 1333,545 1314,540 1281,559 1122,533 1025,556 1006,542 980,559 947,547 902,568"/>
                <Baseline points="916,615 942,612 969,609 995,609 1022,609 1048,609 1075,609 1101,609 1128,609 1154,609 1181,609 1207,609 1234,609 1260,609 1287,610 1313,612 1340,615"/>
                <TextEquiv>
                    <Unicode>entfernen)</Unicode>
                </TextEquiv>
            </TextLine>
            <TextLine id="tr_1_tl_3" custom="readingOrder {index:2;}">
                <Coords points="928,755 2682,736 2682,661 2573,632 2334,677 2067,642 1825,689 1525,651 930,675"/>
                <Baseline points="940,743 1027,737 1114,737 1202,737 1289,738 1377,734 1464,734 1552,734 1639,734 1727,732 1814,730 1901,730 1989,728 2076,727 2164,726 2251,727 2339,725 2426,725 2514,722 2601,719 2689,719"/>
                <TextEquiv>
                    <Unicode>(Richard,Mathilde überschreiten die Fahrbahn</Unicode>
                </TextEquiv>
            </TextLine>
            <TextLine id="tr_1_tl_4" custom="readingOrder {index:3;}">
                <Coords points="923,938 990,911 1264,904 1454,933 1598,897 1598,800 1541,786 1411,814 1371,788 1274,829 1120,800 923,838"/>
                <Baseline points="937,868 970,866 1003,865 1036,865 1070,865 1103,865 1136,865 1170,865 1203,865 1236,865 1270,864 1303,863 1336,865 1369,865 1403,865 1436,865 1469,865 1503,865 1536,865 1569,865 1603,868"/>
                <TextEquiv>
                    <Unicode>zum Park hinüber)</Unicode>
                </TextEquiv>
            </TextLine>
            <TextLine id="tr_1_tl_5" custom="readingOrder {index:4;}">
                <Coords points="907,1006 1799,1001 1967,1056 2649,980 2649,935 2569,914 907,942"/>
                <Baseline points="919,997 1005,994 1092,994 1179,997 1266,994 1352,994 1439,994 1526,994 1613,988 1699,987 1786,988 1873,988 1960,985 2046,985 2133,985 2220,985 2307,982 2393,979 2480,979 2567,979 2654,973"/>
                <TextEquiv>
                    <Unicode>Mathilde: Ich kann dich nicht allein lassen</Unicode>
                </TextEquiv>
            </TextLine>
            <TextLine id="tr_1_tl_6" custom="readingOrder {index:5;}">
                <Coords points="923,1146 1565,1160 1728,1122 1903,1170 2088,1120 2720,1134 2723,1044 2628,1039 1837,1072 1447,1025 1281,1082 926,1063"/>
                <Baseline points="937,1128 1026,1122 1115,1122 1205,1122 1294,1119 1384,1119 1473,1116 1562,1119 1652,1119 1741,1116 1831,1116 1920,1113 2009,1113 2099,1113 2188,1107 2278,1107 2367,1107 2456,1107 2546,1104 2635,1104 2725,1104"/>
                <TextEquiv>
                    <Unicode>in dieser Stunde. Oder vielleicht wünsche ich</Unicode>
                </TextEquiv>
            </TextLine>
            <TextLine id="tr_1_tl_7" custom="readingOrder {index:6;}">
                <Coords points="923,1269 1631,1293 2027,1250 2164,1304 2301,1241 2666,1236 2791,1302 2791,1172 2618,1148 2178,1196 1681,1177 1589,1215 1304,1170 923,1193"/>
                <Baseline points="937,1253 1030,1250 1123,1250 1216,1250 1309,1251 1402,1250 1495,1247 1588,1244 1681,1244 1774,1247 1867,1246 1960,1243 2053,1241 2146,1239 2239,1238 2332,1235 2425,1235 2518,1235 2611,1235 2704,1235 2797,1230"/>
                <TextEquiv>
                    <Unicode>auch nur, daes du mich nicht allein lässt in die</Unicode>
                </TextEquiv>
            </TextLine>
            <TextLine id="tr_1_tl_8" custom="readingOrder {index:7;}">
                <Coords points="919,1387 2751,1392 2751,1290 2192,1338 1982,1293 1740,1331 1527,1300 1392,1359 919,1314"/>
                <Baseline points="931,1379 1022,1382 1113,1380 1205,1377 1296,1376 1387,1378 1479,1375 1570,1370 1661,1372 1753,1373 1844,1368 1935,1370 2027,1370 2118,1369 2209,1370 2301,1367 2392,1367 2483,1364 2575,1364 2666,1364 2758,1367"/>
                <TextEquiv>
                    <Unicode>eer Stunde.. Das wird wohl das Gleiche sein.</Unicode>
                </TextEquiv>
            </TextLine>
            <TextLine id="tr_1_tl_9" custom="readingOrder {index:8;}">
                <Coords points="1641,1442 1712,1439 1745,1454 1787,1435 1842,1444 1896,1430 1993,1454 2064,1435 2064,1409 2022,1404 1974,1368 1939,1397 1854,1368 1776,1392 1764,1378 1643,1387"/>
                <Baseline points="1653,1439 1678,1439 1704,1439 1730,1438 1756,1436 1782,1432 1808,1431 1834,1432 1860,1432 1886,1430 1912,1430 1938,1430 1964,1430 1990,1431 2016,1432 2042,1434 2068,1436"/>
                <TextEquiv>
                    <Unicode>ses it ve ha.</Unicode>
                </TextEquiv>
            </TextLine>
            <TextLine id="tr_1_tl_10" custom="readingOrder {index:9;}">
                <Coords points="959,1451 1013,1468 1113,1449 1134,1463 1264,1454 1283,1439 1347,1458 1390,1439 1447,1449 1447,1392 1390,1378 1354,1402 1229,1385 1203,1406 1144,1387 1096,1425 1027,1387 959,1399"/>
                <Baseline points="973,1439 998,1441 1023,1442 1048,1444 1074,1444 1099,1444 1124,1442 1149,1441 1175,1439 1200,1439 1225,1439 1250,1439 1276,1439 1301,1439 1326,1439 1351,1439 1377,1439 1402,1439 1427,1437 1453,1433"/>
                <TextEquiv>
                    <Unicode>Iwill die vin</Unicode>
                </TextEquiv>
            </TextLine>
            <TextLine id="tr_1_tl_11" custom="readingOrder {index:10;}">
                <Coords points="914,1525 1108,1579 1565,1544 1664,1584 1979,1503 2689,1518 2765,1496 2768,1418 1771,1458 1563,1385 1456,1458 914,1458"/>
                <Baseline points="928,1510 1020,1510 1112,1510 1204,1510 1296,1510 1388,1507 1480,1504 1572,1506 1664,1504 1756,1501 1849,1501 1941,1500 2033,1501 2125,1496 2217,1495 2309,1493 2401,1492 2493,1492 2585,1492 2677,1492 2770,1495"/>
                <TextEquiv>
                    <Unicode>Ieh bn da, Alchard) Und Ich ein immer dieselbe.</Unicode>
                </TextEquiv>
            </TextLine>
            <TextLine id="tr_1_tl_12" custom="readingOrder {index:11;}">
                <Coords points="923,1688 1283,1707 1745,1660 2060,1693 2135,1631 2827,1638 2827,1581 2720,1551 2195,1593 923,1574"/>
                <Baseline points="937,1627 1031,1638 1126,1639 1220,1639 1315,1638 1410,1636 1504,1638 1599,1636 1694,1636 1788,1636 1883,1633 1978,1630 2072,1630 2167,1627 2262,1625 2356,1624 2451,1623 2546,1624 2640,1623 2735,1624 2830,1624"/>
                <TextEquiv>
                    <Unicode>Kichard: Du weiest ja nicht, mit wem du sprichet.</Unicode>
                </TextEquiv>
            </TextLine>
            <TextLine id="tr_1_tl_13" custom="readingOrder {index:12;}">
                <Coords points="919,1802 1196,1773 1482,1818 1608,1773 1769,1809 2396,1761 2602,1814 2649,1806 2652,1683 2512,1716 2107,1674 1811,1721 1465,1671 1203,1724 921,1690"/>
                <Baseline points="931,1764 1017,1768 1103,1769 1189,1766 1276,1764 1362,1764 1448,1764 1535,1764 1621,1764 1707,1763 1794,1761 1880,1761 1966,1761 2052,1758 2139,1759 2225,1758 2311,1754 2398,1752 2484,1752 2570,1752 2657,1749"/>
                <TextEquiv>
                    <Unicode>Zu einem Andern, als du glaubst. Was bin ich</Unicode>
                </TextEquiv>
            </TextLine>
            <TextLine id="tr_1_tl_14" custom="readingOrder {index:13;}">
                <Coords points="923,1939 1099,1903 1522,1960 1759,1901 1877,1927 2221,1885 2701,1913 2725,1837 2630,1804 2431,1844 2197,1811 1617,1835 1548,1799 1184,1856 926,1799"/>
                <Baseline points="937,1901 1026,1898 1116,1901 1206,1895 1295,1895 1385,1892 1475,1892 1564,1892 1654,1892 1744,1889 1834,1889 1923,1886 2013,1883 2103,1883 2192,1886 2282,1883 2372,1883 2461,1880 2551,1880 2641,1880 2731,1880"/>
                <TextEquiv>
                    <Unicode>für ein Menechl) Vor einer Stunde habe ich ihr</Unicode>
                </TextEquiv>
            </TextLine>
            <TextLine id="tr_1_tl_15" custom="readingOrder {index:14;}">
                <Coords points="921,2057 1425,2046 1496,2079 1629,2031 1769,2074 1915,2031 2140,2091 2443,2017 2725,2024 2725,1934 2680,1932 2138,1972 2003,1944 1906,1984 1816,1937 1084,1982 921,1946"/>
                <Baseline points="934,2024 1023,2027 1113,2027 1203,2024 1293,2024 1383,2024 1473,2027 1562,2021 1652,2021 1742,2021 1832,2018 1922,2018 2012,2018 2102,2015 2191,2012 2281,2012 2371,2012 2461,2009 2551,2009 2641,2009 2731,2006"/>
                <TextEquiv>
                    <Unicode>diesen Brief geschriben. Verlassen hatte ich</Unicode>
                </TextEquiv>
            </TextLine>
            <TextLine id="tr_1_tl_16" custom="readingOrder {index:15;}">
                <Coords points="923,2185 1697,2204 1946,2154 2571,2143 2552,2083 2027,2100 1915,2031 1769,2105 1349,2079 1278,2112 923,2057"/>
                <Baseline points="937,2158 1023,2157 1109,2157 1195,2155 1282,2152 1368,2149 1454,2152 1540,2152 1627,2149 1713,2146 1799,2146 1885,2146 1972,2146 2058,2143 2144,2142 2230,2139 2317,2140 2403,2140 2489,2140 2576,2140"/>
                <TextEquiv>
                    <Unicode>eie und war verlobt mit Er und vor einer</Unicode>
                </TextEquiv>
            </TextLine>
            <TextLine id="tr_1_tl_17" custom="readingOrder {index:16;}">
                <Coords points="919,2306 1101,2294 1181,2337 1333,2301 1387,2339 1501,2301 1757,2344 1930,2278 2046,2318 2233,2275 2720,2292 2720,2228 2479,2192 2382,2230 1851,2230 1728,2188 1539,2237 919,2228"/>
                <Baseline points="931,2283 1020,2283 1110,2283 1200,2280 1289,2283 1379,2283 1469,2283 1558,2280 1648,2277 1738,2277 1828,2277 1917,2274 2007,2274 2097,2274 2186,2274 2276,2274 2366,2271 2455,2268 2545,2268 2635,2268 2725,2274"/>
                <TextEquiv>
                    <Unicode>Stunde habe ich ihr diesen Brief geschrieben.</Unicode>
                </TextEquiv>
            </TextLine>
            <TextLine id="tr_1_tl_18" custom="readingOrder {index:17;}">
                <Coords points="921,2472 1449,2434 1771,2491 2088,2408 2734,2410 2734,2327 2188,2372 1719,2330 1629,2368 1577,2332 1501,2370 1276,2320 1046,2356 921,2306"/>
                <Baseline points="934,2406 1024,2411 1114,2410 1204,2410 1295,2409 1385,2409 1475,2407 1566,2407 1656,2406 1746,2406 1837,2406 1927,2403 2017,2400 2107,2400 2198,2406 2288,2406 2378,2400 2469,2400 2559,2397 2649,2397 2740,2394"/>
                <TextEquiv>
                    <Unicode>Er ist nicht mehr in ihre Hände gelangt,sonst</Unicode>
                </TextEquiv>
            </TextLine>
            <TextLine id="tr_1_tl_19" custom="readingOrder {index:18;}">
                <Coords points="921,2569 1544,2583 1806,2538 2067,2573 2098,2479 1366,2493 1314,2457 1136,2510 923,2479"/>
                <Baseline points="934,2543 992,2543 1050,2541 1109,2540 1167,2540 1225,2539 1284,2539 1342,2537 1400,2539 1459,2537 1517,2537 1575,2537 1634,2537 1692,2534 1750,2534 1809,2534 1867,2532 1925,2534 1984,2534 2042,2534 2101,2537"/>
                <TextEquiv>
                    <Unicode>ware vielleicht alles andere.</Unicode>
                </TextEquiv>
            </TextLine>
            <TextLine id="tr_1_tl_20" custom="readingOrder {index:19;}">
                <Coords points="928,2708 1035,2756 1316,2725 1465,2765 1733,2720 2114,2734 2372,2666 2585,2661 2678,2706 2737,2685 2739,2562 1934,2618 1840,2566 1406,2616 1321,2578 928,2600"/>
                <Baseline points="940,2669 1030,2671 1120,2671 1210,2672 1300,2669 1390,2669 1480,2669 1570,2666 1660,2666 1750,2663 1840,2660 1930,2663 2020,2666 2110,2663 2200,2663 2290,2660 2380,2666 2470,2660 2560,2654 2650,2657 2740,2654"/>
                <TextEquiv>
                    <Unicode>Mathilde (Selicksal -2/ Nein,nein, ich will ihn</Unicode>
                </TextEquiv>
            </TextLine>
            <TextLine id="tr_1_tl_21" custom="readingOrder {index:20;}">
                <Coords points="921,2827 1006,2829 1032,2855 1103,2829 1212,2858 1278,2827 1432,2843 1432,2761 1345,2753 1309,2725 1250,2744 1134,2730 1042,2756 990,2734 921,2761"/>
                <Baseline points="934,2803 959,2803 984,2803 1009,2802 1035,2800 1060,2800 1085,2800 1110,2800 1136,2800 1161,2800 1186,2800 1211,2800 1237,2800 1262,2800 1287,2800 1312,2799 1338,2798 1363,2798 1388,2800 1413,2800 1439,2800"/>
                <TextEquiv>
                    <Unicode>nicht lesen.</Unicode>
                </TextEquiv>
            </TextLine>
            <TextLine id="tr_1_tl_22" custom="readingOrder {index:21;}">
                <Coords points="930,2957 1165,2936 1271,2955 1319,2931 1385,2969 1669,2943 1669,2884 1622,2860 1385,2872 1331,2848 1271,2881 1106,2829 992,2874 930,2855"/>
                <Baseline points="943,2931 979,2929 1016,2928 1052,2928 1089,2928 1125,2928 1162,2928 1198,2928 1235,2926 1271,2926 1308,2928 1345,2928 1381,2928 1418,2928 1454,2927 1491,2925 1527,2925 1564,2922 1600,2922 1637,2925 1674,2931"/>
                <TextEquiv>
                    <Unicode>Richard: Lies ihn.</Unicode>
                </TextEquiv>
            </TextLine>
            <TextLine id="tr_1_tl_23" custom="readingOrder {index:22;}">
                <Coords points="919,3116 1821,3120 1885,3082 2190,3120 2356,3049 2578,3064 2578,2995 2389,2971 2159,3023 2072,2976 1894,3009 1705,2966 1617,3014 1345,2971 1278,3009 919,3000"/>
                <Baseline points="931,3063 1013,3063 1096,3060 1179,3060 1261,3058 1344,3059 1427,3057 1509,3057 1592,3055 1675,3052 1758,3053 1840,3051 1923,3051 2006,3051 2088,3051 2171,3050 2254,3049 2336,3047 2419,3048 2502,3045 2585,3051"/>
                <TextEquiv>
                    <Unicode>Kathilde: Er iet nicht an mich gerichtet.</Unicode>
                </TextEquiv>
            </TextLine>
            <TextEquiv>
                <Unicode></Unicode>
            </TextEquiv>
        </TextRegion>
    </Page>
</PcGts>
