3096 3560
2345 402 2508 555 299
736 514 2590 721 Reporter: Wae wollen Sie von mir? Das wär noch
780 662 2646 825 chöner -Kennen Sie mich viel eicht nicht? Fel-
746 817 1884 941 senburg, Neueste Nachrichten.
733 936 2474 1111 Fortihr: Entschuldiger, Herr von Feleenburg.
753 1079 1881 1242 Reporter: (rasch ins Theater)
763 1215 2405 1370 Ludwig:Der Abschluse wer etwas sonderbar.
763 1318 2580 1476 Dogelmann: (kommt aus dem Theater,mit offenem
755 1466 1881 1639 Veverzieher, etwas poeierend)
778 1592 2412 1763 Eine vereinzelte Stimme: Hoch Dögelmann!
775 1748 1578 1856 Dogelmann: (wehrt ab)
775 1834 2661 2019 Junges Mädchen: (reicht ihm eine Karte) Darf ich
788 1985 1713 2106 bitten, Herr Dygelmann.
778 2081 2755 2274 Dogolmann:lgibt ein Autograum, Amel andere drängen
790 2249 1276 2372 sich herzu)
790 2328 2718 2530 (Die Aerste der Rettungsgezellschaft von rechte,
788 2476 2755 2654 resch zur Bühnentur hinauf, entsprechende Bewegung
795 2651 1131 2760 ringsumt
780 2706 2765 2881 Karl Bern: (kommt aus dem Theater,lüest die Aerzte
795 2876 2197 3002 vorbei, gewahrt Helene, raech zu ihr)
780 3032 1852 3160 Heiene: Was ist geschehen?
