3273 3592
892 525 2593 723 dass man es drei Monate lang spielen wird.
905 670 2740 887 Dregulein: Wenn wir ex überhaupt haben werden.
908 801 1326 954 Sntaner
913 924 1406 1063 Sohn: Kiesor
908 994 3056 1179 Dogelmann: Weiest du nicht, dass deine Ex-Gemahlin hey-
905 1128 3059 1305 te wieder einmal ihre Rolle hingehaut hat. (sp ielt und
913 1267 3054 1460 zahlt) X 16,17 - (itest den nächeten Steer wieder aue
940 1390 2992 1559 Sehn: Wenn man sich alles gefallen lüert. Ich möchte
913 1535 2914 1741 Aie Frau Roreda andere behandelt, wenn ich Direkter
916 1706 1138 1811 ware.
916 1728 2392 1974 Oygelhad: (terbercert thal Intendent!
919 1918 2352 2100 Gregerithat eich (geretzt neben John)
930 1996 2957 2245 tohn: Wenn ioh nur wiest, was da für ein Unterechied
913 2167 1104 2347 10t.
1843 2205 1985 2357 de
913 2231 3062 2499 oogelhen: Ein Iatendanh det eipf der noch weniger vo
916 2472 2282 2604 Theater verteht als ein Direktor.
924 2545 3032 2762 Pregulein:(Bilard epielend) - aber schon Gelegenheit
921 2700 3062 2906 gehabt hat er an einen grmhnter Hofthester zu
930 2848 1307 3008 beneigen.
913 2904 3000 3158 vogelhem: leptelt und glocket wieder, stwet den deen
908 3134 2641 3290 mutend auf den Bedenl Kerrgott noch sinnel!
