3128 3608
437 424 820 568 22.11.30
2426 483 2575 614 287
740 522 1812 745 (Applaus hinter der Szenel.
771 660 2801 794 Karl Bern: Was ist denn das? Soliten die Leute mit-
738 815 2179 930 ten in die Szene hineinapplaudieren?
738 946 2223 1115 Dregulein: Und es hört gar nicht auf.
748 1087 2812 1244 Inepieient: (kommt sehr rasch) Herr Doktor, Herr Dokte
730 1198 1825 1326 Karl Bern: Wer gibt's denn?
743 1329 2197 1457 Inepizient: Kommen S' nur geschwind.
735 1434 2272 1601 Karl Bern: Ee ist doch noch nicht aus?
748 1578 2791 1732 Inepizient: Es iet aus. Gehn Sce nur geschwind auf
740 1753 1169 1848 die Bühne.
748 1843 1760 1987 Karl Bern, (sehr rasch ab)
743 1969 2313 2151 Tregulein: Ee kann doch nicht aus sein.
756 2102 2737 2277 Inspizient: Der Vorhang hat früher fallen müssen.»
743 2210 2791 2372 Das Fräulein Friesel iet ofmmtehtig gewerden. im
1043 2334 1532 2431 a eneber
753 2377 2601 2552 tregulein: Sie muss ja zuxamienstürzen gegen.
748 2477 2364 2673 Schluss.(Aber dann gehte (ja) noch meiter.)
743 2624 2567 2812 Inspizient: Aber sie ist nimner auf estanden.
743 2737 2341 2922 Pregulein und Inepizient sehr rasch abl.
758 2889 2706 3009 (Die Türe auf den Gang bleibt often.- Das Konver-
753 3007 2719 3195 sationszimmer bleibt lecr. Einige Arbeiter an der
756 3135 2747 3356 ofienen Zur vorbel.- Der Rihnenportier von rechts.
