3080 3496
2568 388 2714 529 227
949 512 2334 668 Mutter: Was sucht denn der bei dir?
907 644 2744 805 "Franzi: Wir müssen die Hauptszene miteinander
939 783 2673 944 durchprobieren.. Uebermorgen ist schon die
949 934 2709 1095 Generalprobé. Tu mir. den Gefallen,Mütter --
932 1083 2761 1197 möchtest du nicht mit Fraulein Mili im Kabinet
917 1195 2797 1356 nebenan arbeitenr,während ich hier mit dem Gre-
915 1324 1412 1458 got probier?
910 1424 1856 1575 Mili: Der Herr Gregort!
958 1580 2783 1724 ranzi: (erklärend) Wissen Sie, rraulein Mili, der
900 1712 2778 1861 neulich den Major gespielt hat,wo ich Ihnen die
929 1851 1712 1963 itze geschenkt hab?
883 1973 2758 2144 Mil1: Ich werd' doch wissen,wer der üregor ist.
883 2105 2717 2324 Franzi: (den Tisch abdeckend) Wight wahr, Mutter
876 2244 2639 2451 und das Geschirr, das nimmst du gleich mit in
873 2388 1300 2492 die Küche.
861 2505 2627 2712 Mutter: lübezlaunig) Was das gleich für einen
873 2629 2831 2814 wirbel macht, wenn du einmal zu einer Rolle kommet,
868 2773 1983 2900 (rechts mit dem Geschirr ab)
834 2897 2770 3090 Mili: Ja, da werden sich die Frau Fjnanzrat schon
839 3031 2683 3217 dran gewöhnen müssen. Und das nächste Mal wird
