3208 3560
917 532 2588 797 Richt aus, Herr Konnerzialrat, eher mie ein
906 674 1087 778 gam.
898 781 2116 972 Rute: Uit Nachsicht der greut.
882 934 2826 1226 Relene:that sich von Frau Veith und Methilde vere
865 1073 2588 1289 schledet, tritt zu Rschard) Du bleibet nochz
868 1204 2787 1431 Richard: Ich möchte gleich mit dir zueammen fort-
852 1324 1119 1431 gehen.
846 1409 2588 1695 Eelens: Wir wäre es lieber du bliebest noch.
833 1570 1439 1739 Kichard:1Blickl
824 1704 2970 1977 delonei Ee ist wirklich nicht enzuschen, wie du Mathti-
822 1832 1390 1987 de behandelst.
854 1949 2351 2176 Tichard: Nat sie sich am Ende beklagt?
794 2067 2998 2353 Relene: Wie kannet du glauben! Da kennet du sie schlecht
781 2233 2094 2408 Du verdienst sje überhaupt nicht.
824 2359 2809 2604 scherd: wahrecheinlich hast du Recht. Ich bin ein
762 2501 1796 2662 unmöglicher Hensch, Helene.
756 2588 2771 2869 Delene: Ich möchte einmal in Ruhe mit dir reden. Ri-
743 2738 1002 2875 chard.
718 2847 1346 3025 Richerdi Pitte.
713 2984 2310 3238 Rolene: Aber du hart sa leider nie lest.
