3112 3576
2430 477 2573 599 273
737 617 2162 816 Ggeger: trasch auf Fr채nzl zu) 1iso -1
734 775 2022 915 Franzl: (fremd) Was w체nschen Sie?
1454 859 1759 943 moronat li
745 918 1935 1040 Gregor: zu wieren w체neche ich.
765 1040 1897 1183 ranzi: Was willet du wiesen?
750 1188 1578 1323 rejor: Ja oder nein.
2532 1153 2843 1346 nschwese
717 1306 1612 1436 Franzi: (Ferner Blick)
2193 1357 2680 1489 nechten tect
747 1431 2491 1614 regor: Ob xxxx du mit mir kommet? Du
711 1594 1680 1693 hast es mir versprochen.
734 1716 2122 1813 Franzl: Nichte hab ich versprochen.
719 1831 2593 1997 Gregor: Mit dem Kues hast dulg mirl versprochen.
711 1986 2160 2145 Franzi: Der steht doch in der Rolle.
742 2119 2596 2249 Eregor: Der iet nicht drin gestanden. Das weren
704 2231 2680 2438 deine Eippen. Dein Mund und mein Mund. Dae weiset
709 2384 2596 2578 au sehr gut (d eelist dohmnicht mit mir dple-
706 2547 887 2652 ten.
699 2665 2563 2813 Lobleiniltritt ein((Sie sind noch daf Ich hab
2050 2774 2486 2861 waihsh vi 1
686 2795 2624 2943 Sie schon auf der B체hne gerucht. Sie kommen dich
694 2917 2624 3103 gleich dran. (zu Gragor) Und Sto tonh auch+ Aber
678 3052 2731 3284 es tet rotletcht gant gut) ken verrteht Sie nicht.
