<?xml version="1.0" encoding="UTF-8" standalone="yes"?>
<PcGts xmlns="http://schema.primaresearch.org/PAGE/gts/pagecontent/2013-07-15" xmlns:xsi="http://www.w3.org/2001/XMLSchema-instance" xsi:schemaLocation="http://schema.primaresearch.org/PAGE/gts/pagecontent/2013-07-15 http://schema.primaresearch.org/PAGE/gts/pagecontent/2013-07-15/pagecontent.xsd">
    <Metadata>
        <Creator>prov=READ-COOP:name=PyLaia@TranskribusPlatform:version=2.7.0:model_id=50870:lm=none:date=22_01_2024_14:24</Creator>
        <Created>2023-09-27T14:32:25.762+02:00</Created>
        <LastChange>2024-01-22T14:24:40.529+01:00</LastChange>
        <TranskribusMetadata docId="1589025" pageId="60122152" pageNr="150" tsid="145612152" status="IN_PROGRESS" userId="40391" imgUrl="https://files.transkribus.eu/Get?id=YTNQFBAWLTXVAXEOVDHSESBB&amp;fileType=view" xmlUrl="https://files.transkribus.eu/Get?id=FFAHMJNMNYUCVHOLCUKUGOBW" imageId="48547231"/>
    </Metadata>
    <Page imageFilename="1589025_0150.jpg" imageWidth="3128" imageHeight="3528">
        <ReadingOrder>
            <OrderedGroup id="ro_1711796736456" caption="Regions reading order">
                <RegionRefIndexed index="0" regionRef="tr_1"/>
            </OrderedGroup>
        </ReadingOrder>
        <TextRegion orientation="0.0" id="tr_1" custom="readingOrder {index:0;}">
            <Coords points="934,447 934,2980 2942,2980 2942,447"/>
            <TextLine id="tr_1_tl_1" custom="readingOrder {index:0;}">
                <Coords points="2484,532 2513,529 2521,522 2563,529 2580,512 2595,524 2617,522 2622,430 2607,433 2588,421 2565,438 2553,428 2516,453 2513,448 2489,453"/>
                <Baseline points="2498,513 2523,511 2548,510 2573,510 2598,507 2623,504"/>
                <TextEquiv>
                    <Unicode>237</Unicode>
                </TextEquiv>
            </TextLine>
            <TextLine id="tr_1_tl_2" custom="readingOrder {index:1;}">
                <Coords points="985,621 1504,633 1578,670 1786,633 1967,685 2409,646 2751,705 2778,586 2615,542 2442,594 1977,547 1873,589 1732,529 1437,557 1314,517 982,564"/>
                <Baseline points="999,608 1088,611 1177,614 1266,617 1356,620 1445,620 1534,623 1623,626 1713,626 1802,632 1891,632 1980,632 2070,632 2159,640 2248,636 2337,638 2427,641 2516,641 2605,647 2694,647 2784,659"/>
                <TextEquiv>
                    <Unicode>doch so ziemlich den ganzen Tag beschäftigt,</Unicode>
                </TextEquiv>
            </TextLine>
            <TextLine id="tr_1_tl_3" custom="readingOrder {index:2;}">
                <Coords points="990,745 1319,801 1474,759 1685,797 2701,801 2729,688 2498,720 2098,653 2009,700 987,658"/>
                <Baseline points="1002,734 1088,740 1175,743 1262,746 1349,747 1435,748 1522,752 1609,755 1696,757 1782,758 1869,759 1956,761 2043,762 2129,765 2216,768 2303,770 2390,770 2476,773 2563,779 2650,779 2737,790"/>
                <TextEquiv>
                    <Unicode>studieret Sprachen, Kunstgeschichte,Klavier,</Unicode>
                </TextEquiv>
            </TextLine>
            <TextLine id="tr_1_tl_4" custom="readingOrder {index:3;}">
                <Coords points="985,883 1321,883 1455,935 1667,888 1910,888 1907,819 1786,839 1472,789 1370,831 1207,789 982,816"/>
                <Baseline points="999,868 1044,868 1090,868 1136,871 1181,871 1227,871 1273,874 1318,874 1364,874 1410,875 1456,878 1501,879 1547,878 1593,880 1638,881 1684,883 1730,882 1775,879 1821,877 1867,877 1913,874"/>
                <TextEquiv>
                    <Unicode>sogar Harmonielehre --</Unicode>
                </TextEquiv>
            </TextLine>
            <TextLine id="tr_1_tl_5" custom="readingOrder {index:4;}">
                <Coords points="970,1054 1173,1061 1304,1007 1497,1051 1727,1012 2716,1069 2773,1061 2771,967 2315,982 2036,928 1544,955 1254,908 967,942"/>
                <Baseline points="981,993 1070,996 1160,999 1250,1002 1340,1002 1430,1005 1520,1005 1609,1011 1699,1011 1789,1014 1879,1017 1969,1020 2059,1020 2149,1023 2238,1020 2328,1026 2418,1029 2508,1029 2598,1032 2688,1032 2778,1035"/>
                <TextEquiv>
                    <Unicode>Helene: Elles ohne Zweck., ohne Ziel.-Ich will</Unicode>
                </TextEquiv>
            </TextLine>
            <TextLine id="tr_1_tl_6" custom="readingOrder {index:5;}">
                <Coords points="967,1148 2884,1195 2882,1101 2738,1061 2597,1101 2063,1064 1771,1093 1638,1046 1576,1086 1343,1034 965,1069"/>
                <Baseline points="981,1125 1076,1125 1171,1129 1266,1129 1362,1132 1457,1136 1552,1137 1647,1143 1743,1140 1838,1146 1933,1146 2028,1147 2124,1151 2219,1154 2314,1155 2409,1161 2505,1161 2600,1161 2695,1167 2790,1165 2886,1164"/>
                <TextEquiv>
                    <Unicode>einen Beruf haben, einen wirklichen Beruf,mit dem</Unicode>
                </TextEquiv>
            </TextLine>
            <TextLine id="tr_1_tl_7" custom="readingOrder {index:6;}">
                <Coords points="950,1289 1648,1274 1840,1321 1937,1289 1937,1237 1793,1195 1687,1222 1581,1187 1539,1220 1205,1165 950,1212"/>
                <Baseline points="964,1256 1012,1253 1061,1256 1110,1256 1159,1256 1208,1257 1256,1259 1305,1261 1354,1262 1403,1262 1452,1265 1500,1265 1549,1265 1598,1268 1647,1268 1696,1268 1744,1269 1793,1271 1842,1273 1891,1276 1940,1280"/>
                <TextEquiv>
                    <Unicode>men Geld verdienen kann.</Unicode>
                </TextEquiv>
            </TextLine>
            <TextLine id="tr_1_tl_8" custom="readingOrder {index:7;}">
                <Coords points="967,1445 1259,1457 1370,1400 1628,1398 1739,1440 1915,1410 2256,1464 2409,1415 2832,1450 2830,1341 2659,1378 2563,1333 2308,1366 2212,1314 1986,1346 1623,1301 1563,1338 962,1321"/>
                <Baseline points="979,1381 1071,1381 1164,1384 1257,1387 1350,1390 1443,1393 1535,1395 1628,1398 1721,1401 1814,1402 1907,1402 1999,1405 2092,1408 2185,1411 2278,1414 2371,1414 2463,1417 2556,1420 2649,1420 2742,1420 2835,1414"/>
                <TextEquiv>
                    <Unicode>Fricke: Das hast du glücklicherweise nicht not-</Unicode>
                </TextEquiv>
            </TextLine>
            <TextLine id="tr_1_tl_9" custom="readingOrder {index:8;}">
                <Coords points="962,1556 1024,1563 1046,1546 1069,1554 1091,1544 1118,1554 1138,1539 1182,1549 1207,1529 1257,1546 1254,1447 1227,1452 1207,1437 1185,1455 1148,1430 1126,1442 1096,1430 1079,1442 1044,1437 1017,1464 957,1452"/>
                <Baseline points="973,1510 999,1510 1025,1511 1051,1512 1078,1513 1104,1513 1130,1515 1156,1516 1183,1518 1209,1520 1235,1522 1262,1519"/>
                <TextEquiv>
                    <Unicode>wendig.</Unicode>
                </TextEquiv>
            </TextLine>
            <TextLine id="tr_1_tl_10" custom="readingOrder {index:9;}">
                <Coords points="952,1650 1499,1690 1774,1660 2006,1702 2115,1667 2588,1709 2677,1680 2798,1719 2936,1709 2936,1630 2805,1588 2491,1635 2278,1588 1840,1613 1746,1573 1610,1608 950,1558"/>
                <Baseline points="964,1638 1062,1639 1161,1644 1260,1644 1359,1647 1458,1647 1557,1651 1656,1654 1755,1659 1854,1659 1953,1659 2051,1663 2150,1665 2249,1665 2348,1671 2447,1668 2546,1674 2645,1674 2744,1679 2843,1680 2942,1674"/>
                <TextEquiv>
                    <Unicode>Helene: Umso besser. Dafwerde ich umso mehr Freu:-</Unicode>
                </TextEquiv>
            </TextLine>
            <TextLine id="tr_1_tl_11" custom="readingOrder {index:10;}">
                <Coords points="965,1813 1096,1776 1460,1818 1531,1784 1957,1798 2026,1833 2165,1793 2620,1813 2761,1855 2818,1821 2795,1739 2538,1766 1356,1697 1291,1727 1101,1685 962,1714"/>
                <Baseline points="976,1769 1068,1772 1160,1769 1253,1775 1345,1776 1437,1778 1530,1781 1622,1782 1714,1784 1807,1786 1899,1789 1991,1790 2084,1792 2176,1795 2268,1796 2361,1796 2453,1802 2545,1802 2638,1808 2730,1808 2823,1808"/>
                <TextEquiv>
                    <Unicode>de von meinem Beruf haben. Und vor allem einmal</Unicode>
                </TextEquiv>
            </TextLine>
            <TextLine id="tr_1_tl_12" custom="readingOrder {index:11;}">
                <Coords points="960,1937 1192,1897 1262,1932 2496,1962 2494,1895 2434,1865 2244,1838 2019,1875 1865,1816 1776,1868 1593,1821 1462,1860 957,1821"/>
                <Baseline points="973,1898 1049,1898 1125,1898 1202,1898 1278,1901 1355,1904 1431,1907 1507,1910 1584,1913 1660,1910 1737,1913 1813,1915 1889,1916 1966,1919 2042,1922 2119,1922 2195,1923 2271,1925 2348,1928 2424,1929 2501,1934"/>
                <TextEquiv>
                    <Unicode>eine Regelmässige Arbeit, eine Pflicht.</Unicode>
                </TextEquiv>
            </TextLine>
            <TextLine id="tr_1_tl_13" custom="readingOrder {index:12;}">
                <Coords points="945,2031 1239,2036 1383,2085 1457,2036 1793,2075 1863,2046 2169,2105 2615,2068 2706,2113 2741,2108 2738,2009 2273,1969 1645,2006 1314,1942 1232,1981 1116,1925 942,1944"/>
                <Baseline points="958,2023 1047,2026 1136,2029 1226,2032 1315,2032 1404,2032 1494,2038 1583,2044 1672,2041 1762,2044 1851,2044 1940,2041 2030,2047 2119,2050 2208,2056 2298,2059 2387,2059 2476,2062 2566,2062 2655,2065 2745,2068"/>
                <TextEquiv>
                    <Unicode>Fricke: Und eine andere Stellung, eine andere</Unicode>
                </TextEquiv>
            </TextLine>
            <TextLine id="tr_1_tl_14" custom="readingOrder {index:13;}">
                <Coords points="1388,2113 1425,2115 1455,2105 1482,2115 1519,2105 1539,2125 1556,2110 1571,2110 1571,2056 1556,2053 1536,2058 1531,2051 1502,2053 1492,2046 1477,2056 1452,2043 1440,2053 1430,2051 1403,2075 1388,2075"/>
                <Baseline points="1402,2104 1430,2104 1459,2104 1488,2104 1517,2104 1546,2103 1575,2101"/>
                <TextEquiv>
                    <Unicode>dise</Unicode>
                </TextEquiv>
            </TextLine>
            <TextLine id="tr_1_tl_15" custom="readingOrder {index:14;}">
                <Coords points="938,2207 1761,2184 2511,2236 2625,2194 2716,2241 2729,2125 2194,2137 2001,2090 1930,2130 1742,2090 1395,2120 1296,2073 935,2103"/>
                <Baseline points="952,2152 1041,2157 1130,2157 1219,2160 1308,2163 1397,2166 1486,2169 1575,2172 1664,2172 1753,2175 1843,2178 1932,2178 2021,2178 2110,2184 2199,2184 2288,2187 2377,2190 2466,2190 2555,2192 2644,2195 2734,2193"/>
                <TextEquiv>
                    <Unicode>Pficht als Sekretärin bei Herrn Bern gübe es</Unicode>
                </TextEquiv>
            </TextLine>
            <TextLine id="tr_1_tl_16" custom="readingOrder {index:15;}">
                <Coords points="935,2313 985,2293 1007,2306 1049,2301 1086,2318 1126,2318 1153,2333 1195,2330 1192,2226 1150,2226 1071,2197 1037,2214 994,2212 975,2226 933,2202"/>
                <Baseline points="946,2283 971,2283 996,2283 1021,2283 1047,2283 1072,2283 1097,2283 1123,2283 1148,2286 1173,2289 1199,2286"/>
                <TextEquiv>
                    <Unicode>nicht7</Unicode>
                </TextEquiv>
            </TextLine>
            <TextLine id="tr_1_tl_17" custom="readingOrder {index:16;}">
                <Coords points="923,2417 1529,2434 1645,2474 1776,2434 1947,2481 2093,2459 2066,2348 1680,2380 1244,2308 1084,2353 923,2333"/>
                <Baseline points="937,2411 995,2411 1053,2411 1111,2416 1169,2420 1227,2420 1285,2422 1343,2426 1401,2424 1459,2426 1517,2426 1575,2427 1633,2429 1691,2429 1749,2432 1807,2432 1865,2434 1923,2435 1981,2436 2039,2440 2098,2438"/>
                <TextEquiv>
                    <Unicode>Helene: Die bietet sich eben.</Unicode>
                </TextEquiv>
            </TextLine>
            <TextLine id="tr_1_tl_18" custom="readingOrder {index:17;}">
                <Coords points="935,2558 1754,2565 1902,2607 2011,2578 2209,2630 2424,2588 2912,2605 2877,2486 2751,2541 2506,2543 2338,2501 1880,2516 1729,2449 1462,2489 933,2476"/>
                <Baseline points="946,2537 1044,2544 1143,2545 1241,2548 1340,2551 1438,2554 1537,2555 1635,2555 1734,2557 1832,2562 1931,2563 2029,2564 2128,2569 2226,2571 2325,2574 2423,2575 2522,2578 2620,2581 2719,2584 2817,2586 2916,2584"/>
                <TextEquiv>
                    <Unicode>Fricke: Wenn ich dich zum Beispiel zu meiner Pri.</Unicode>
                </TextEquiv>
            </TextLine>
            <TextLine id="tr_1_tl_19" custom="readingOrder {index:18;}">
                <Coords points="938,2709 1096,2682 1178,2724 1460,2696 1826,2733 1991,2701 2219,2763 2340,2726 2526,2758 2840,2731 2837,2632 2778,2615 2474,2662 2306,2620 2184,2657 1890,2607 935,2607"/>
                <Baseline points="952,2674 1046,2674 1141,2677 1235,2680 1330,2681 1425,2686 1519,2687 1614,2689 1708,2692 1803,2692 1898,2695 1992,2695 2087,2698 2181,2701 2276,2703 2371,2705 2465,2709 2560,2710 2654,2713 2749,2714 2844,2716"/>
                <TextEquiv>
                    <Unicode>ratsekretärin machte,- ich wäre vielleicht sogar-</Unicode>
                </TextEquiv>
            </TextLine>
            <TextLine id="tr_1_tl_20" custom="readingOrder {index:19;}">
                <Coords points="933,2808 1093,2860 1373,2815 1447,2852 2006,2837 2251,2889 2417,2845 2615,2887 2818,2855 2818,2776 930,2738"/>
                <Baseline points="946,2799 1039,2802 1133,2805 1227,2807 1321,2809 1415,2812 1509,2814 1602,2818 1696,2820 1790,2823 1884,2823 1978,2826 2072,2829 2166,2832 2259,2832 2353,2835 2447,2838 2541,2838 2635,2840 2729,2844 2823,2832"/>
                <TextEquiv>
                    <Unicode>in der Lage dir einen höheren Gehalt zu bewilli-</Unicode>
                </TextEquiv>
            </TextLine>
            <TextLine id="tr_1_tl_21" custom="readingOrder {index:20;}">
                <Coords points="920,2998 1294,2961 1435,3001 1697,2981 1695,2919 1556,2904 1479,2860 1328,2894 918,2845"/>
                <Baseline points="934,2942 972,2940 1011,2938 1049,2937 1088,2937 1126,2938 1165,2940 1203,2937 1242,2940 1280,2940 1319,2941 1357,2943 1396,2944 1434,2942 1473,2942 1511,2945 1550,2947 1588,2948 1627,2949 1665,2952 1704,2951"/>
                <TextEquiv>
                    <Unicode>gen ale Herry Bern.</Unicode>
                </TextEquiv>
            </TextLine>
            <TextEquiv>
                <Unicode></Unicode>
            </TextEquiv>
        </TextRegion>
    </Page>
</PcGts>
