3091 3576
634 548 2157 712 Rutte: Frau Eiderhof hält eich fande.
636 710 2505 852 Gradel: Harum nichtt Die hat andere Känner ver-
631 821 1922 991 schmerst als Gerold und beszere.
631 887 2512 1136 Antolnette: (iet in Richard Fricke und Eiderhof
644 1082 1014 1247 getreten!
634 1194 2652 1387 Karl Bern:(am Buffet. zum Diener 1 Ein 6lae Sognee,
641 1349 1488 1498 wenn ich bitten darf.
626 1460 2543 1638 Rutte: Wiesen die, Herr Doktor, dase zu Ihrer Pre-
626 1587 1987 1780 miere kein Sitz mehr zu haben ietr
636 1726 2464 1919 karl Bern: Uneo beeser. Ich bin übrigene nicht
634 1871 933 2028 Doktor.
624 1937 2576 2140 Rutte; Darf ich Ihre Protektion beim Theaterkae-
621 2099 2472 2289 eier in Anspruch nehmen? (r kann natüritek auf
639 2241 2013 2403 eie autändiger Trlnkgett rechnen
626 2375 2183 2543 Karl Bern:(notierend) Werde vereuchen.
634 2502 2025 2672 Ratte; Ich wäre Inen ewig dankbar.
624 2629 2662 2804 Karl Bern: (ng. Vierundzwan-1g Stunden genügen.)
1572 2725 2525 2821 er kecuen henite. Aber
629 2786 2563 2951 Anige Dankbarkeit hielt Ioh nicht aue, ragen wir,
631 2890 1498 3072 die nach der Frentére.
611 3045 2261 3225 Ratre; Der spieit die Kauptrolle, Heisteri
