5992 4120
5284 438 5510 600 11
3733 507 5682 772 (Hier aber gebot Rudolf (dem Ablauf) seine
3313 730 5567 951 Gedanken Einhalt. Er sagte sich, dass bei solcher
3307 881 5573 1065 Betrachtungsweise am Ende jeder Mensch unter dem
3307 1053 5477 1192 Fluch einer Belastung stehe, dass aber solchen
3313 1222 5582 1361 Erbschaften doch wieder andere günstige entgegen
3319 1409 5540 1515 zu wirken pflegen, mit denen (gerade) seine eigene
3313 1488 5739 1714 Familie reichlich gesegnet war. So stammte der Vater
3301 1693 5712 1847 selbst aus einer einfachen, kerngesunden Familie,xxx
3313 1814 5619 1989 in gerade Linie, wie er es zuweilen nicht ohne Ge-
4451 1964 5323 2052 am ein Bringuhl
3301 1955 5658 2151 nugtuung feststellte,von xxxx Landbe-
3319 2164 5585 2278 wohnern, die noch vor sechzig oder siebzog Jahren
3319 2272 5573 2447 an der mährischen Grenze ihr Feld bebaut hatten.
