6008 4264
2917 327 3424 484 10.4.1928.
5060 408 5418 567 23 - 31
3489 478 5497 748 fügte zwei Billetts zur Verfüung habe. Be-
2972 504 3288 755 I am
5353 677 5606 779 the frick
2912 680 3356 886 Mchswach
3489 734 5591 917 sondere Kunstleistungen dürfen Sie sich nicht
2930 797 3385 964 be gelegent
3497 904 5541 1056 erwarten", sagte er. „Aber wer weiss,ob es uns
2954 925 3351 1074 “branche-
2875 1035 3403 1299 Wherzweck
3502 998 5541 1223 nicht beschieden ist den Sonnenthal-oder die
3484 1218 5515 1333 Wolthei der nächsten Generation heute Abend
3502 1323 5593 1495 zum ersten Mal ihre Schwingen regen zu sehen.
3502 1537 5515 1641 Er liebte es Phrasen dieser Art, die zu ver-
3484 1621 5494 1853 meiden ihm nicht immer bequem gewesen wäre,
3497 1822 5512 1955 mit###leichter Ironie,wie unter Anführungs-
3502 1994 4561 2117 zeichen auszusprechen.
3824 2115 5486 2258 Rudolf zögerte ein wenig, da er sein
3497 2303 5523 2460 Erscheinen am Familientisch in Aussicht
3508 2446 5499 2564 gestellt hatte, aber im Grunde war er früh
3515 2585 5439 2778 vor sich selbst einen Vorwand zu haben, um
3534 2776 5361 2927 vom Hause wegbleiben zu können,
3547 2873 5293 3176 notre a du livler  in
3604 3105 4122 3272 sich in:
3563 3191 4828 3440 En will the not are his in
