5992 4136
3367 529 5616 766 dem Ritter Götz die Grüsse Selbitzens überbrach-
4339 687 5689 811 gegen die Conclus für (ent de en jolf
3373 754 5710 899 te, trat Lerse ein wenig zur Seite und es war
5506 845 5679 1003 pr de
3367 896 5482 1079 ihm deutlich anzumerken, dass er sehr froh war
3364 1061 5710 1225 seine Szene hinter sich zu haben, aber nun nicht mit
3449 1155 3653 1252 d'Aile
3370 1179 5755 1380 viel mit sich anzufangen wusste. Stolz-Verlegen
4549 1298 5129 1395 erbaite offent
3218 1285 3874 1413 at and the Befried
3373 1361 5810 1532 blickte er ins Parkett, schien irgendwo in den ersten
3373 1446 5476 1696 ein wohlbekanntes Gesicht zu gewahren, und der
3379 1629 5503 1805 primitivsten Bühnengesetze vergessend oder in
3695 1759 4309 1857 am jude nicht in
4923 1747 5227 1857 Cupfind
3373 1841 5622 1951 der wahrscheinlich berechtigten Meinung, dass das
3391 1987 5461 2100 Tublikum von seinem Vorhandensein (nächst der
3379 2060 5579 2312 Coulisse weiter keine Notiz nehme sandte er mit
3385 2230 5579 2458 hochgezogenen Brauen mit einem leichten Kopfni-
4759 2367 5002 2480 him
3923 2379 4218 2483 it imer
3373 2464 5664 2604 cken einen/Gruss zu dem Sitze, den der Freund oder
3373 2598 4382 2738 die Freundin einnahm.
4747 2644 4902 2774 be
3610 2711 5491 2878 Rudolf fühlte sich durch die sonderbar
4959 2820 5214 2935 Jebahir
3950 2838 4373 2951 Ligertible
3391 2902 5445 3066 unschickliche und etwas komische Gebärde des
4233 2990 4719 3100 une même
4829 2978 5436 3093 in me in pder
3391 3033 5369 3236 jungen Mimen an-irgend etwas gerinnert, ohne
3367 3215 5445 3364 (gleich zu wissen woran; (aber als der Vorhang
4190 3297 4348 3385 außer
3373 3349 5597 3513 sank und gleich wieder unter dröhnendem Applaus
3391 3492 5722 3695 in die Höhe gezogen wurde und Götz und Lerse sich
