6200 4168
3040 244 3406 402 2112.28.
5547 326 5779 512 64
3506 405 5733 713 wie es ihm damals und eigentlich heute noch bei
3521 685 5800 868 jeder Art von Theatervorstellung passierteronne¬
5285 780 5575 871 wirde
3521 847 5818 1036 dass dadurch ja sein Urteil getrübt worden wäre.
5249 929 5526 1036 tapfem
3997 999 5764 1176 Nachdem der Teufel von dem/Kasperl in
5115 1081 5572 1185 Beschlop
3531 1133 5800 1353 die Flucht geschlagen worden war, und sich wieder
3540 1325 5666 1490 der Vornang gesenkt hatte erschien neuernings
3546 1435 5888 1642 der Blechteller; diesmal aber war es nicht die al-
3549 1551 5907 1773 te Frau von früher, die absammelte, sondern ein ganz
5642 1688 5940 1806 gekende
4664 1709 4984 1828 a of the
3549 1785 5855 1989 junges Mäuchen, kindhaft und wie ein Firmling an¬
4682 1880 4984 1968 salsfrie
3552 1919 5782 2135 zusehen, in (einem weissen Tüllkleid, das den Hals
3561 2059 5870 2257 frei liess, mit einem schmalen, blossen Gesichtchen
4289 2190 4816 2291 etwas bleibschen
3805 2218 4036 2306 m2 de
3570 2224 5864 2437 und rundlichen, fast blauen Lippen, die sünnen Bei¬
3741 2376 3966 2489 veille
3564 2410 5873 2565 ne in weissen Strümpfen und vertretenen Ballschu-
3823 2516 3997 2605 have
3576 2510 5852 2748 hen. Sie sammelte in den ersten Bank ab, dann bei
4368 2650 4706 2757 Birat
3573 2714 5858 2897 einigen jungen Leuten, die seitlich standen, dabei
3573 2857 5821 3061 sah sie diese während sie ihr kleingeld auf den
4134 2982 4341 3065 n'eine
3595 3019 6041 3208 Teller legten), kaum an, sondern ihre grossen schwarzen
4664 3116 4889 3196 &c-
3579 3119 5690 3336 (fernen) augen schwebten ins Leere-wie blinde
4609 3220 5693 3360 J uwe xxx Blick
3595 3333 5870 3503 Schmetterlinge. Ganz gewis###in der Erinnerung an
3741 3479 3957 3561 dind
3585 3451 5754 3686 diese Augen war Rudoli von dem einsamen Blick
3208 3500 3500 3683 Ander
3607 3607 5943 3869 des jungen Geschöpfs bewegt gewesen, das heute das
