6200 4184
3455 552 5728 860 unmöglich; die bösen Geister, ede Art von Gefahr
3443 812 5686 965 hatte keinerlei Macht über ihn: schon dieses Ge-
3449 908 5644 1117 fühl an sich bewahrte ihn,was weiter nicht son-
3446 1066 5641 1257 derbar war; dieses Gefühl erzeugte Widerstände,
3431 1230 5746 1407 kämpferische Zellen in seinem Blut, die ihn stark,
3443 1415 5787 1580 unangreilbar, unüberwindlich machten. In der Atmos-
3440 1547 5829 1720 phäre,die ihn jetzt umgab,war der Geist des Spiels
3437 1690 5752 1860 so mächtig, dass der Genius des Ernstes darin
4229 1816 4602 1920 met auflos
4862 1834 5808 2016 Lapp nicht ert
3428 1834 4906 2066 zerstäuben und verwehen musste.
5089 1938 5575 2081 I have in
3948 2040 5874 2201 Wieder eine neue Szene. War das nicht der
3449 2159 5769 2362 Götz von früher, der nun einen Kammerdiener minte.
3431 2308 5740 2505 der mit dem Kopf wackelte und so alt und gebrech-
3419 2488 5817 2643 lich aussah,wie lebende Menschen überhaupt nie aus-
3419 2598 5704 2783 sehen können und besonders nicht Kammerdiener in
3434 2741 5811 2971 Amt und Würden. Er sagte "Madame" zu seiner Herrin,
3404 2909 5725 3097 die wieder einmal die Lady xx Milford von früher
3419 3085 5710 3252 war, sie hatte zusehends Sicherheit gewonnen - und
3443 3219 5602 3377 "Monsieur" zu seinem Herrn, der seinerseits, bei
3419 3327 5701 3554 einer Gelegenheit "Sapristi" auszurufen hatte, ja
3422 3551 5752 3751 es schien, als hätte der Uebersetzer keine Zeit ge-
3407 3685 5740 3897 habt die Komödie ganz ins Deutsche zu übertragen.
