6200 4184
3617 499 5818 763 lassen. Rudolf, so fragwürdig er auch das Darge-
3611 757 5832 939 botene fand konnte sich dazu nicht entschlies
3614 909 5832 1077 sen. "Ich will Ihnen aufrichtig gestehen", sagte
3623 1077 5809 1223 er. "Ich mag mich noch so sehr langweilen,nie¬
3623 1218 5926 1382 mals gene ich vor Schluss aus einem Theater fort.
3635 1335 5994 1540 Und komme ich notgedrungen einmal ein paar Minuten
3644 1511 5818 1705 zu spät,-ich glaube, es ist mir in meinem Leben
3641 1663 5847 1860 noch nicht dreimal passiert, heute mitgerechnet,
3632 1822 5985 1960 aber da waren Sie Schuld - so ist mir das so pein-
3653 1966 5988 2127 lich, als hätte ich eine Unhöflichkeit oder eine Ver-
4081 2071 4808 2203 mir, geb. Unterloren
3653 2148 5741 2326 säumnis begangen. Und nebstbei,es mag alles
3653 2288 5826 2473 so minderwertig sein wie möglich und mit Kunst
3647 2461 5718 2643 überhaupt nichts mehr zu tun haben, -ich
3664 2593 5885 2793 amüsiere mich.ich bin beteiligt, ich schwelge, ja
3667 2731 5956 2972 in irgend einem Winkel meiner Seele schwelge ich.
4184 2907 5603 3110 "Sogar heute?" fragte Claudius.
5023 2998 5298 3113 me in
4210 3083 5800 3256 "Ja, auch heute. Und im Prater beim
3670 3227 5821 3453 Wurstl schwelge ich auch. Ja, auch jetzt noch
3682 3406 5785 3620 ohne weissgekleidete Mädchen, ole absammeln.) "
