6120 4168
5586 333 5741 473 49
3966 407 5118 614 manche, die es kommennt
3536 556 5712 685 auf eine oder die andere Erscheinung,vor allem
3536 651 5744 912 unter der Damenwelt aufmerksam und übte
3533 814 5701 1061 seinen Scharfblick, indem er zu erraten suchte
4086 972 4671 1078 wch zu sprechen
3547 975 5721 1156 (wohin,in welche Abteilung)die einzelnen
3547 1147 5706 1308 jungen Künstler und Küntlerinnen gehörten. Er
3733 1273 4095 1388 in the
3553 1348 5675 1474 behauptete Pianisten, Violinspieler, Flötisten.
3547 1442 5709 1649 Organisten, Sänger, Schauspieler auxlx in ihrem
3630 1583 3880 1686 Aussa
3547 1614 5612 1792 Gehaben mit Sicherheit zu unterscheiden. Und
3814 1735 4310 1844 nicht nied
3536 1746 5841 1924 noch bestimmter war er in der Beurteilung der An-
3547 1907 5752 2108 gehörigen, der Mütter, Tanten, Geschwister, Lehrer,
3538 2073 5660 2219 Bekannten;- er las einer älteren Dame von der
3538 2219 5660 2414 Stirn ab, dass sie darauf brannte ihre Tochter
3524 2377 5718 2558 sobald als möglich zu verkuppeln,er sah in dem
3722 2509 3963 2604 mid.
3553 2521 5706 2690 flackernden Blick eines graubärtigen Manns den
3553 2681 5686 2876 Wunsch, dass sich eigene künstlerische Jugend-
3538 2819 5732 3017 träume in einem seiner Kinder erfüllen sollten,
3541 2985 5678 3183 in zwei erregt plaudernden Frauen erkannte er
3900 3126 4456 3223 auf der Erhof ihrer
3541 3143 5666 3332 zwei künftige elfersüchtige Theatermütter, der
513 3126 728 3384 a
3524 3315 5732 3427 hagere Mann dort mit dem durchfurchten Gesicht,
3504 3430 5807 3613 (und falscher Eleganz war ein Provinzdirektor, der
3524 3559 5520 3765 sich rechtzeitig und billig seine künftige
