5992 4088
851 854 1869 1160 M wilt auf eigenen
784 1111 991 1242 N.
761 1192 2221 1431 la telle ci euil rue Oplice.
799 1312 2049 1606 betall.... in a..  "
874 1507 1405 1685 him to
3437 516 5635 764 ohne sich über ihre Natur in Zweifel zu befin-
4180 703 4367 790 retr
3434 726 5594 915 den, nicht im geringsten ernst genommen, und war
3667 834 3938 939 gebracht.
3425 912 5588 1041 keineswegs überrascht gewesen, als er aus Meran
3437 1049 5731 1210 nach karg bemessenem Aufenthalt, dessen Dauer der
3451 1172 5492 1341 Vater durch telegraphische Heimberufung zur
3440 1361 5737 1478 Geburtstagsfeier der Mutter noch weiter abgekürzt
5317 1463 5623 1560 geteilt
3434 1455 5641 1673 hatte, im besten Wohlbefinden, anscheinend völlig
4693 1624 5276 1784 in 2. Schürf
3451 1627 4594 1842 gesund,heimgekehrt war.
2912 1691 3151 1880 Mic
4614 1697 5448 1871 W. sein schleit nicht:
3693 1807 5646 2003 Als viel bedenklicher, schon weil undurch¬
2874 1854 3078 1944 une
2860 1927 3227 2093 de ville.
3431 1985 5649 2110 schaubarer als seinen eigenen Fall, (der ja erle¬
3431 2067 5681 2259 digt schien, fasste Rudolf das Leiden oder, wie er
3428 2271 5775 2486 sich selber verbesserte, den seelisch so schwanken)
3655 2373 3883 2463 sulé
3440 2425 5588 2589 den Zustand seiner Schwester auf. Freilich, wer
3440 2551 5676 2781 Friedericke nur oberflächlich kannte, ihr in Ge-
3437 2702 5559 2924 sellschaft begegnete, wo sie zuweilen, ganz die
3431 2895 5617 3052 Tochter ihres liebenswürdigen Vaters, mit ihrem
3434 3040 5635 3253 lebhaften, etwas spöttischen Wesen, unbefangen
3416 3160 5725 3361 oder heiter wirkte, wäre nie auf die Vermutung ge-
4370 3317 5025 3422 ab. der Geheischer
3443 3341 5737 3568 raten, dass sie, noch nicht seelzehn alt, ein halbes
3434 3489 5556 3685 Jahr und mit neunzehn wieder einige Monate am
