6200 4200
377 1077 2624 1541 H Wafsad R. Wolf, nobr den
575 1326 2464 1649 Ce tout 20h in R. Ewer
575 1602 1100 1817 I don't
586 1759 1355 1971 Sta d H wissel
647 1834 2299 2139 So kr u. sept sei Dort Torle
586 2064 2644 2345 The coa 5. fort, witnighfeſcompts
633 2270 2940 2496 daß Ihre Mtschlag in zu ertheilen
691 2450 2946 2644 Bln. Wünselkam zu verschreiten
734 2586 2676 2810 Mule a ses cœurs x
662 2818 1428 3068 Dt. Henstag
1921 2810 2862 3199 Ausfuhr
3660 467 5941 758 kein Wort von der Geschichte. Immerhin erkundigte
3663 665 5851 891 er sich, ob er die Kleine nachter noch wiederge-
3646 839 5866 1080 sehen hatte. Nein: er hatte ihr das Versprechen
3663 1045 5915 1216 geben müssen sich niemals wieder in der Nähe des
3660 1176 5761 1306 Wurstls zu zeigen, es könnte für ihn (was ihm
3962 1283 4293 1384 allendt
3648 1367 5805 1512 selbstverständlich gleichgültig war - er hatte
3648 1512 5782 1669 seine Fäuste Gott sei Dank), aber auch für sie
3654 1599 5849 1831 ein übles Ende nehmen. Und dass sich/Rudolf ja
3648 1826 5883 1997 nicht verrate, wenn er ihr zufällig einmal begeg-
3646 1892 5773 2139 nen sollte. - Er begegnete ihr niemals wieder.
3654 2087 5863 2232 Auch als kurz nach jener Erzählung Adolfs mehr
3660 2284 5866 2458 aus Neugier als aus Eifersucht den Weg zu jenem
3660 2366 5953 2615 Wursttheater nahm; auch der böse Bruder war nicht
3648 2575 5953 2760 zu sehen, sondern ein anderes, jenem freilich recht
3651 2699 5814 2940 ähnliches Individuum,eine andere Absamlerin -
3648 2839 5857 3082 die Bude schien in neuen Besitz übergegangen zu
3634 3059 4078 3172 sein.-
4064 3097 5820 3312 Rudolf hörte eine Stimme neben sich:-
3608 3274 5944 3518 "An Genies ist ein auffallender Mangel." - Adolf
3622 3448 5904 3686 nein, es war Claudius Doboldt,der zu ihm sprach;
