5992 4168
2869 384 3336 521 14.11.1928.
3351 592 5528 739 aus der Hans und starrte auf die Bühne und be¬
3679 698 4081 790 nach eine Blick
4803 698 5028 807 surt
4194 704 4741 799 M is des chez
3339 760 5702 875 merkte: "Da spielt ja die Gusti noch gar nicht mit.
3357 881 5714 1062 Die Schwester verwies ihn mit einem strengen Blick
3351 1020 5604 1227 zur Ruhe, da das Spiel schon seinen Anfang genom¬
3345 1201 5634 1366 men hatte. In einer Dekoration, die mit etwas ärm-
3348 1325 5545 1505 lichen Mitteln ein gothisches Burggemach vorzu-
4558 1479 4735 1573 Mann
3369 1529 5599 1659 täuschen versuchte, stand ein in einfach-ritter -
3351 1695 5516 1831 licher Hauskleidung, dessen kurzer, grauer, ange-
3351 1828 5670 1984 klebter Bart, jugendlich, ja knabenhaften Zügen
3351 1984 5599 2123 kein älteres Ansehen zu geben vermochte; ein an-
3351 2135 5554 2268 derer, der eintrat in der ziemlich wil dem Lands-
3363 2301 5460 2428 knechttracht mit hohen gelben Schaftstiefeln,
3357 2478 5516 2644 und blau-rotem Wams san mit seinem rot-
4531 2597 4694 2674 selve
3351 2597 5729 2742 blonden Knebelbart beinahe reifer aus. Es war,
4389 2724 4776 2813 stellt.
3339 2733 5643 2955 (wie Rudolf gleich merkte) Lerse der gekommen war,
3366 2931 5693 3043 um Götz von Berlichingen seine Dienste anzubieten.
3336 3070 5664 3203 Unwillkürlich lächelte Rudolf, wie sich die beiden
3919 3176 4398 3286 (espalle ici)
3351 3221 5678 3380 Jünglinge, Knaben beinahe, erwachsen, ja gerade zu xxx
3543 3327 4345 3431 der Ordnung ihre Roll
3357 3383 5593 3531 grossartig gepärdeten, wie es die Rolle eben ver-
3990 3490 4300 3584 A de id
3351 3516 5566 3744 langte. Als später der Knappe Georg auftrat, und
