6200 4264
5403 327 5582 526 65
3559 457 5848 735 Kammermädchen gespielt hatte.) Ja,er kannte diese
3571 689 5881 919 Augen.- Die Kleine (damals) war endlich auch an ihn
3562 838 5703 1055 und Adolf herangetreten. "Bitte sehr,für den
4895 995 5198 1101 mebert
3565 1040 5809 1234 Wurst, bitte sehr“, sagte sie und Rudolf erkannte
4654 1146 5325 1255 du des derniers
3595 1185 5842 1382 das gläserne Stimschen (wieder.) Er liess ein paar
3577 1330 5709 1509 Kreutzer in den Blechteller fallen und Adolf,
4672 1467 5125 1584 dergleichen
3686 1473 4333 1587 inseruait moi
3589 1500 5818 1681 wunderbarerweise tat das Gleiche. Auch enthielt
4832 1621 5216 1727 de bleu
4569 1630 4756 1754 ja
3589 1645 5945 1832 er sich jeden Spasses(als sie ohne einen von ihnen
5500 1775 5760 1872 sagte
3586 1832 5899 1968 wirklich anzusehen sich wieder entfernte,
3601 1950 5951 2156 er vor sich hin: "Der warme/erfrorene Fratz!" Aber
4569 2095 5301 2186 Waxaläxxxxxxxxx
3638 2144 5963 2277 ehe sie nun hinter der Bühne verschwand uxxx
3607 2283 5833 2449 Kaukkaxkav. k.k. a.t.   a. xxx.
4427 2422 4750 2528 a noyeau
3601 2401 6032 2613 wandte sie sich (ganz unerwartet) um und ihr flackern-
3616 2597 5963 2749 der dunkler Blick begegnete, ohne zu suchen, mit ei-
5712 2706 5939 2803 Auge
3601 2718 5942 2969 ner merkwürdigen Festigkeit dem Blick Rudolfs, der
3601 2930 5845 3114 ihr gefolgt war. Er empfang es fast körperlich,
3613 3027 5827 3202 sah gewissermassen einen geheimnisvollen Punkt.
3628 3193 3792 3287 let
3625 3184 5890 3371 in dem die Blicke xxxeinander trafen und wieder
3622 3326 5812 3544 von einander abglitten. Und schon war sie ver-
3641 3495 5866 3641 schwunden. Die beiden Jünglinge sahen sich noch
4366 3607 5004 3719 Bevr veert dare
3644 3695 5942 3855 das nächste Spiel an, Rudolf war gar nicht bei der
