6200 4136
5402 167 5569 460 66
4208 346 5415 548 du Enterie des nex pour
246 337 2473 598 Je don veut-il, suiel me de jou
3402 476 5796 658 Sache, die Kleine war mit ihrer ganzen Erscheinung,
384 548 2567 756 Nun aus ein recht Türger mit
3430 652 5768 822 mit ihrem Blick vor allem, in seinem Herzen haften
1944 712 2202 866 al
5472 734 5850 926 eburit
381 718 2205 936 shim weg. Albertlea de No.
2192 731 2756 914 & condi
3437 810 5676 989 geblieben und ein gewisses,blonde, liebes, etwas
369 850 2706 1134 ne, daß sei Rudolfon d kl
3449 983 5702 1159 gewöhnliches sechzehnjähriges Wesen, das ihm die
356 1030 2441 1320 Tippenbe schwerge-fleck 6.0
3443 1087 5683 1292 Jugendliebe mehr bedeutete als sie es war,löste
3887 1266 4142 1377 gleich
3443 1254 5840 1443 sich für eine Weile in ihrer eigenen Banalität auf.
425 1326 2662 1654 auf die Schul. in eine Ihr
3456 1402 5815 1622 Und (so schüchtern er in Grunde seines Herzens war,
3459 1575 5695 1755 er war fest entschlossen hier zu warten bis sie
406 1525 2690 1818 a Blekell - for I in d Gyr
3462 1732 5780 1890 mit dem Teller wiederkäme, um mit ihr zu sprechen.
441 1792 2451 1975 nen, und auf die verfahren
3468 1871 5991 2066 Es war recht sonderbar, dass die kleine gläserne Stim-
450 1915 2413 2236 Spiel - ( hange Torlegial)
3468 2025 5894 2259 me, die nun aus der wackligen Prinzessin sprach, (wel-
3462 2177 5875 2366 che in diesem Kasperl-Stück die Hauptrolle spielte)
3462 2328 5872 2574 die ihre war, aber noch sonderbarer, dass (für ihn) aus
3474 2473 5818 2681 dem kleinen Puppenkopf der Prinzessin schwarze le-
4230 2637 4719 2728 in flacke schien
3487 2640 5824 2882 bendige Augen flackerten; allerdings war er etwas
3481 2829 4064 3008 kurzsichtig.
4328 2904 4917 3046 Aber statt die
4048 2926 5988 3169 Nun aber kam statt ihrer die Alte mit dem
3465 3112 5875 3298 Blechteller wieder. Sie hielt ihn den beiden Gymna-
3487 3229 5604 3452 siasten gar nicht wieder hin.-Ein anständiger
3481 3358 5818 3560 Zug, dachte Rudolf. Erst nach dem nächsten Spiel, -
3783 3490 4857 3613 de Passeel et Testenssel vif
3496 3550 5856 3736 trat die Kleine wieder hinter der Bühne hervor. Es
