6200 4152
5519 313 5673 500 56
5047 438 5348 580 al
1837 515 2588 773 gegenstanden.
3526 564 5807 730 grossartiger Anfang jedesfalls,das Kammermädchen
5476 699 5645 803 the
4731 702 4891 809 lent
1904 681 2474 871 bejaebdsen
3514 714 5660 954 in "Kabale und Liebe“. Sie geniert sich sögar
3532 859 5752 1113 ein wenig und ist ärgerlich. (Sie hat auch nicht
3526 1021 5611 1217 viel Sympathie für die Lady, die sich auf der
3538 1168 5761 1334 Chaiselongue räkelt und mit schlecht gespielter
3575 1343 5909 1499 Unbefangenheit die Brillantkette zwischen den Fin-
3545 1490 5795 1680 gern dreht und zugleich flüchtig-verlegen-in den
3545 1634 5768 1834 Ausschnitt ihres Busens blickt. Sie redetete zu
3538 1809 5814 1956 der Lady nicht wie zu einer grossen Dame, wie xxx
3538 1969 5844 2128 sie es der Rolle nach sollte, sondern wie zu einer
429 2067 2806 2346 Aber Unglach, ist ein, wesen nicht.
3532 2116 5737 2290 mässig geschätzten Kollegin und hörte ihr kaum
1371 2238 2824 2450 st k k.k. rexlet.
371 2266 1046 2487 C.C.R.
3532 2260 5890 2484 zu. Während die Milfert sich sowohl persönlich als
322 2413 2769 2625 und ins Partes nicht entschweren,
3514 2416 5964 2631 auch im Geist der Rolle in grösster Unruhe befindet.
3532 2628 5976 2763 blickt das Kammermädchen über die Rampe etwas ge-
1414 2554 2517 2919 Mrs Hl Esq
386 2606 1279 2910 fertement
3526 2763 5961 2922 langweilt ins Parkett, vielmehr über das Parkett hin
3535 2885 6004 3069 zum Ende des Saals,mit sehr schwarzen, etwas flackern
3532 3036 5936 3216 den, offenbar kurzsichtigen Augen. Und sie sieht die
4326 3186 4652 3281 ment in
3526 3180 5823 3351 Lady kaum an, während sie sie zurechtweist, wie es
3523 3345 5807 3548 der Dichter vorschreibt. Aber Mylady das ist die
3514 3483 5783 3689 Laune nicht eine Nebenbuhlerin zu empfangen. Er-
