6246 4024
3280 209 3607 397 17.1929
3589 388 5956 624 ein paar Zehntel über die normale Temperatur haben
3592 661 5753 788 sollte, -was hatte das weiter zu bedeuten. Seine
4553 749 4771 843 darin
3595 815 5714 934 Lebensweise hätte er doch nicht geändert. Vor
3601 943 6032 1143 allem kam es auf sein Allgemeinbefinden an. Und jenoch
3589 1106 5723 1228 heute fühlte er sich besonders wohl, wie schon
3586 1285 5926 1446 lange nicht;- beinahe als finge eine neue und bes-
3589 1425 4977 1594 sere Epoche seines Lebens an.
4056 1513 5959 1761 Des Morgensfreilich beim Ersachen fühlte
3598 1737 5674 1904 er sich matt wie gewöhnlich und er wäre gern
3589 1907 5759 2022 noch länger liegen geblieben statt um acht Uhr
4150 1976 4556 2082 Anademie
3589 2052 5681 2155 Früh die Vorgeschichten zweier gestern Abend
3586 2201 6005 2301 eingelieferter Kranken aufzunehmen, die eines recht
3601 2361 5844 2455 unhübschen jungen Mädchens, das einen Selbstmord-
3971 2443 4265 2543 twatt het
3601 2519 5859 2692 versuch und trotz aller Bemühungen und Eingriffe
3595 2668 5853 2792 noch nicht wieder zum Bewusstsein erwacht war, so
3816 2771 3986 2852 man
3589 2816 5878 3010 dass er nur auf die verwirrten Angaben einer ver-
4789 2910 5041 3013 allem
3589 2980 5944 3104 zweifelten und ziemlich unintelligenten Mutter an-
5190 3077 5568 3162 haune
3601 3077 5759 3292 gewiesen blieb,- und die eines alten Herrn von
3589 3216 5929 3477 nahezu siebzig, der in einem plötzlichen Tobsuchts-
3577 3444 5817 3656 anfall seine Frau hatte erschlagen wollen. Nach
