6278 4056
4854 211 5293 341 a p ae
4296 208 4646 398 Ao 1677
3393 261 3625 416 Cher?
4702 235 5124 508 Km., nicht
3761 297 4548 531 a.u.g.  p
4765 404 4937 531 to
4990 413 5267 558 1:6?
3640 505 5801 707 Claudius Dobold, dass Rudolf in einem Liebesver-
3625 701 5753 861 hältnis steckte, aus dem er gern schon heraus
3631 879 5949 1060 wollte und aus Wehleidigkeit nicht heraus konnte,
4121 995 4296 1098 mede
3628 1072 5920 1173 und Rudolf wusste, dass für Claudius der Journalis
3622 1208 5869 1360 mus immer einen Weg bedeute, einen Uebergang, eine
3610 1327 5789 1472 materielle Notwendigkeit. Er arbeitete,wenn er
3610 1511 5949 1645 Zeit dazu hatte, an einem Drama, einem Volksstück, ja
3619 1636 5908 1793 er war, wie er sich ausdrückte, irgendwas ähnliches
3610 1832 5748 1945 wie ein Lichter. "Vielleicht", fügte er hinzu
3616 1924 5988 2087 und zündete eine Zigarette an,„ist die Aehnlichkeit
3613 2075 4572 2253 nur eine entfernte."
4165 2238 5857 2437 Als sie auf der Strasse standen fiel
3610 2384 5854 2547 Schnee, der erste, leise, bescheidene Schnee dieses
3616 2580 5810 2713 Winter3. Es fiel Rudolf auf, dass Claudius etwas
3610 2684 5807 2874 vertretene, ja geradezu schäbige Lackschuhe
4952 2838 5661 2960 fuhr zu mirsten.
3616 2877 5893 3022 trug. Auch der Winterrock sah (nicht sehr gut) aus
4423 2992 4783 3099 schöne
3610 3064 5911 3180 und die besonders elegante Kravatte (Rudolf hatte
3610 3141 5777 3370 Sinn dafür), die jetzt hinter dem aufgestellten
4504 3289 4872 3384 hath sent
3598 3352 5926 3456 Kragen verschwand, verlieh der Erscheinung des jun-
3604 3479 5991 3637 gen Schriftstellers einen trügerischen Schimmer von
