6200 4184
3727 568 5841 755 in einem kleinen „irtshaus gegenüber und nach
3727 763 5803 923 der Vorstellung, der ich beiwohnte,-ich weiss
3732 947 5860 1082 bei Gott nicht mehr, was man spielte,-sass ich
3746 1044 5784 1250 gleichfalls mit dem ganzen Künstlervölkchen
3754 1214 5828 1390 (damals zum ersten Mal ging mir der traurig-
3746 1348 5819 1571 heitere Sinn dieses Wortes auf) an einer,wie
3749 1541 5869 1758 ich glaube, ungedeckten Tafel als eine Art von
3743 1719 5874 1878 Mäzen, denn ich durfte zwei oder drei Flaschen
3754 1829 5457 1994 Wein für die Gesellschaft bezahlen."
4281 1991 5948 2189 "Für wie viel Personen?" fragte Clau-
4040 2120 4375 2233 sachlich
3762 2172 4421 2359 dius (lachend.)
4331 2277 5882 2483 "Sechs oder sieben werden es wohl
3782 2477 5855 2636 gewesen sein. Und Sie denken sich, mit meinem
3768 2620 5811 2760 Mäcenatentum wird es nicht weit her gewesen
3773 2765 5850 2941 sein? Aber ich hatte ja nur mein Taschengeld
3793 2922 5907 3054 zur Verfügung, war achtzehn Jahre alt, eben auf
3787 3114 5995 3241 die Universität gekommen. Deutlich erinnere ich
3787 3232 5951 3386 mich übrigens nur an einen von den jungen Bur-
3801 3372 6006 3562 schen, offenbar nur weil er der sozusagen lustig
3798 3518 5946 3732 ste war und fragwürdige Witze machte. Und ich
