6200 4184
3069 250 3419 376 5.12.1928.
5360 291 5542 485 68
3678 465 4166 638 si n fais
3487 432 5783 735 als wollte er der Drohung eine Tat folgen lassen.
3493 720 5624 864 Adolf wich ein wenig zurück und brachte durch
3928 864 4104 944 ntw
3493 820 5774 1029 eine beschwichtigende Handbewegung zum Ausdruck,
3510 1005 5759 1194 dass ihm jede böse Absicht ferngelegen war. Dass
4510 1132 5027 1232 [illegible] schwert
4090 1138 4310 1247 Bursch
3510 1182 5648 1341 der rabiate Bruder die Kleine heftig beim Arm
3525 1297 5762 1499 packte und mit ich im Hintergrund verschwand,er-
3510 1452 5792 1661 leichterte ihm den Rückzug. "Du wirst dir einmal
4760 1582 5001 1696 bemerk
3513 1629 5848 1796 ordentliche Prügel holen“, segte Rudolf. - "Wieso?"
3528 1793 5801 1940 erwiderte Adoff,”er ist ja davongelaufen;” -Doch
3801 1940 3984 2055 jourte
3525 1932 5836 2126 Beide, ohne weitere Bezahlung entfernten sich nicht
5377 2040 5906 2152 herabudim
3631 2114 3843 2196 incade
3531 2140 5871 2299 etwa eilig, aber doch einigermassen betrof.-
3534 2276 5898 2443 fen vom Orte der Niederlage. Auf dem Nachhausewege
5157 2355 5392 2452 nach
3546 2420 5804 2643 (verhielten sich Beide schweigsamer als<dem unbe-
3540 2546 5804 2737 trächtliche Vorfall erklärlich und als insbeson-
5004 2678 5557 2755 in der vährlichen
3566 2687 5786 2914 dere Adolfs Art war. Und auch am nächsten Tage
3549 2858 5859 3105 in der Schule wurde kein Wort darüber gewechselt.
4281 3008 4663 3105 Re au Maÿs
4113 3002 5886 3193 Ein paar Tage später, an einem schönen
3572 3190 5830 3393 Sonntag,wanderte Rudolf allein in den Prater und
5621 3266 5962 3393 allme
3578 3334 5845 3504 umschlich den Wurstl zuerst in weiteren und dann
4066 3487 4345 3584 eugen
3569 3481 5895 3693 in immer näheren Kreisen. Dann nicht ungern in
