6008 4136
2964 201 3395 461 23.7.1918
5260 332 5730 557 32 meild
4955 383 5149 572 W
3467 470 5658 659 Gegenüber dem Krankenhause, vor der Kirche stand
4826 590 5119 710 bedikten
3458 662 5523 784 ein Fiaker, den, wie sich herausstellte, Dobolt
4703 751 4955 859 ch. Sch.
3443 775 5616 952 hatte warten lassen. Rudolf,(dem die etwas ein¬
3458 925 5598 1150 geschränkten Verhältnisse Dobolts kein Geheim-
3443 1069 5652 1293 nis waren, nahm an, dass der Wagen von der Redak-
3446 1239 5655 1491 tion den Mitarbeitenden für dienstliche Fahrten
3446 1368 4805 1608 zur Verfügung gestellt würde.
3706 1566 5595 1745 Claudius Dobolt erkundigte sich nach dem
3431 1679 5488 1913 Befinden des Matlaus Schwarz und erfuhr, dass
3449 1868 5577 2090 dessen Ueberstellung in die Landesirvenanstalt
3440 2039 5613 2200 bevorstand."Es wird voraussichtlich sehr rasch
3425 2129 5601 2338 mit ihm zu Ende gehen,"sagte Doktor Forlan- und
3413 2317 5661 2500 erzählte bei dieser Gelegenheit, dass der Profes-
3392 2452 5532 2634 sor auch xxxxx in diesem Fall
4170 2590 4422 2697 aber
3766 2584 4012 2682 a le M.
4694 2605 5251 2730 deposé un
3416 2599 4574 2805 versucht den irrsinnigen
4688 2679 5485 2814 miker, dessen fixe
3682 2721 3868 2829 mit
3407 2778 5434 3000 Ideen Vernunfg ründen auszureden. "Es
3404 2886 5476 3170 ist lächerlich", fügte er hinzu "und zugleich
3970 3078 4146 3152 or
3410 3093 5511 3293 erschütterten, xxxx der Professor weiss bes-
3386 3233 5787 3446 ser wie jeder andere, dass er vollkommen Unmögliches
3838 3356 4895 3476 Aber u Kas in wif lasse
3395 3380 5523 3560 versucht. Es ist beinahe, als wenn er sich mit
3395 3578 5700 3778 Got' oder mit dem Teufel in einen Kampf einlassen
3389 3682 5547 3895 wollte. "Claudius meinte mit ernstem Gesicht:
