6200 4168
3575 608 5699 867 die Krankheit bezeichnete, derentwegen man ihn
3578 894 5809 1012 vor Jahren nach Meran geschickt hat. Sein Kolle
5316 982 5490 1092 though
3567 1044 5767 1227 ge, der Sekundararzt Mäuseschläger war innerhalb
3572 1189 5776 1363 sechs Wochen an galoppierender Schwindsucht ge-
3578 1354 5738 1507 storben und eine halbe Stunde lang war Rudolf
3584 1490 5735 1687 überzeugt gewesen,dass ihm dasselbe Los bevor-
3584 1643 5694 1791 sstehe. In jedem Jahr starben so und so viele
3567 1814 5823 2003 Leute an Schwindsucht. Wie sollte denn überhaupt
3572 1950 5791 2103 die für die stattstische Tabelle unerlässliche,
4044 2062 4224 2162 nt
4304 2059 4782 2171 uf anderem
3555 2083 5885 2266 (Jahr für Jahr) fast gleiche Zahl herauskommen, wenn
4876 2218 5334 2325 seu très
3572 2289 5732 2469 er, Rudoli Forlan, nicht auch einer von den 3140
3572 2431 5699 2634 oder 3150 Fällen des Jahres (vorstellte. Warum
3572 2566 5856 2723 gerade er nicht, der überdies schon prädestiniert
3564 2735 5755 2912 war?- Doch heute, jetzt, in diesem Saal, der nach
3584 2882 5814 3083 Jugend (Leben, Leichtsinn, Liebe, Glück) und bemalter
5478 3003 5626 3095 on
3555 3027 5921 3162 Leinwand roch, erinnerte sich jener hypochdrischen
3561 3130 5909 3366 Gedanken/wie eines leichten Wahnsinnsanfalls. Dass
4044 3304 4378 3416 mercier
5460 3316 5655 3431 lige
3567 3375 5915 3496 er krank würde, dass er fiebernd im Bette läge, daß
3567 3528 5856 3702 er hinsiechen,dass er sterben, dass er gar in jun-
3555 3676 5856 3882 gen Jahren sterben könnte,erschien ihm volkommen
