6246 4024
4148 378 4553 531 über ihn
3541 492 5663 621 Rassenantipathie, einigermassen lustig machte.
4007 672 5774 789 Noch während er auf der Abteilung be¬
3541 750 5834 927 schäftigt war, überbrachte man ihm einen Brief.Zu-
3547 945 5780 1056 erst dachte er aufatmend, es sei eine Absage von
3547 1116 5873 1267 nette für heute Abend - was ihm vor wenigen Mona-
3553 1276 5891 1459 ten noch ärgerlich.misstrauisch,vielleicht rasend
3553 1432 5936 1573 gemacht hätte heute empfand er es wie eine Enttäu-
3544 1591 5750 1705 schung, dass es kein Absagebrief von "Anette war,
3899 1666 4565 1774 Kuhl Denburde
4973 1666 5213 1771 dem
3541 1714 5879 1909 sondern ein Schreiben Dobolds, dem eine Fünfgulden-
3553 1873 5807 1993 Banknote beigeschlossen war. Dies-e- Pünktlichkeit
3941 1972 4751 2083 ont été à nulle
3553 2047 5711 2221 beschämte Rudoli ein wenig und er schenkte dem
3541 2185 5678 2374 Boten - (es war ein Redaktionsdiener des neuen
3544 2341 4934 2485 Blats - ein paar Zigaretten.
3977 2500 5717 2683 Im Gasthof sass er später mit einigen
3541 2590 5744 2803 Kollegen unter denen sich auch Dr.Lappa befand,
3547 2818 5711 2941 und dann begab man sich in das übliche Café, wo
3869 2899 4226 3016 mildage
3541 2881 5819 3151 Rudoli eine Carambolpartie spielte. Dann kam die
4400 3064 4589 3145 sant
4670 3052 4940 3151 Frik
3547 3079 5960 3301 Nachmittagsvisite auf der Anteilung,die Dr. Lüdemann
3559 3268 5705 3463 leitete und Rudolf führte sie seine Krankenge-
3559 3376 5687 3611 schichteh weiter. Für den Abend erwartete ihn
