<?xml version="1.0" encoding="UTF-8" standalone="yes"?>
<PcGts xmlns="http://schema.primaresearch.org/PAGE/gts/pagecontent/2013-07-15" xmlns:xsi="http://www.w3.org/2001/XMLSchema-instance" xsi:schemaLocation="http://schema.primaresearch.org/PAGE/gts/pagecontent/2013-07-15 http://schema.primaresearch.org/PAGE/gts/pagecontent/2013-07-15/pagecontent.xsd">
    <Metadata>
        <Creator>prov=READ-COOP:name=TrHtr:version=2.1.0:model_id=51170:date=28_07_2023_01:38</Creator>
        <Created>2023-05-10T11:12:05.971+02:00</Created>
        <LastChange>2023-07-28T01:38:17.728+02:00</LastChange>
        <TranskribusMetadata docId="1428131" pageId="55384072" pageNr="44" tsid="131312702" status="IN_PROGRESS" userId="64420" imgUrl="https://files.transkribus.eu/Get?id=VBNZOIBMTCRHMWIYERJLGWHR&amp;fileType=view" xmlUrl="https://files.transkribus.eu/Get?id=ZQOTWMAUDLRAKGVRKIMHMTHH" imageId="44658972"/>
    </Metadata>
    <Page imageFilename="1428131_0044.jpg" imageWidth="6136" imageHeight="4184">
        <ReadingOrder>
            <OrderedGroup id="ro_1711824811715" caption="Regions reading order">
                <RegionRefIndexed index="0" regionRef="tr_1"/>
            </OrderedGroup>
        </ReadingOrder>
        <TextRegion id="tr_1" custom="readingOrder {index:0;}">
            <Coords points="3658,475 5932,475 5932,3853 3658,3853"/>
            <TextLine id="tr_1_tl_1" custom="readingOrder {index:0;}">
                <Coords points="5618,566 5658,571 5666,563 5686,577 5706,580 5723,560 5740,566 5754,549 5771,552 5768,453 5748,453 5694,419 5658,421 5638,410 5632,419 5612,421"/>
                <Baseline points="5634,525 5723,531 5777,531"/>
                <TextEquiv>
                    <Unicode>50</Unicode>
                </TextEquiv>
            </TextLine>
            <TextLine id="tr_1_tl_2" custom="readingOrder {index:1;}">
                <Coords points="3672,823 4362,761 4716,843 4922,784 5635,840 5799,795 5799,634 5505,702 5341,642 3672,673"/>
                <Baseline points="3688,740 3778,740 3867,746 3957,746 4046,746 4136,746 4225,752 4315,752 4404,752 4494,752 4583,758 4673,752 4762,758 4852,758 4942,758 5031,758 5121,763 5210,763 5300,763 5389,763 5479,769 5568,769 5658,769 5747,775 5807,781"/>
                <TextEquiv>
                    <Unicode>Diva sichern wollte; jener wohlbeleibte Herr,</Unicode>
                </TextEquiv>
            </TextLine>
            <TextLine id="tr_1_tl_3" custom="readingOrder {index:2;}">
                <Coords points="4073,832 4119,846 4164,832 4206,829 4220,843 4254,834 4291,857 4339,832 4376,851 4444,843 4444,764 4407,781 4382,769 4365,784 4314,764 4178,789 4124,767 4073,772"/>
                <Baseline points="4088,811 4094,811 4184,811 4273,817 4363,811 4452,805"/>
                <TextEquiv>
                    <Unicode>is insingel</Unicode>
                </TextEquiv>
            </TextLine>
            <TextLine id="tr_1_tl_4" custom="readingOrder {index:3;}">
                <Coords points="3680,982 4158,984 4226,917 5123,999 5728,950 5728,863 3677,837"/>
                <Baseline points="3694,889 3784,895 3873,895 3963,895 4052,901 4142,907 4231,907 4321,907 4410,907 4500,913 4589,907 4679,913 4768,913 4858,913 4947,913 5037,913 5127,913 5216,913 5306,913 5395,919 5485,913 5574,919 5664,925 5735,925"/>
                <TextEquiv>
                    <Unicode>der von einigen jungen Mädchen umgeben war,</Unicode>
                </TextEquiv>
            </TextLine>
            <TextLine id="tr_1_tl_5" custom="readingOrder {index:4;}">
                <Coords points="4198,1007 4277,1016 4308,993 4370,1013 4407,993 4566,1007 4591,996 4591,953 4506,965 4435,922 4370,939 4320,922 4283,933 4195,925"/>
                <Baseline points="4213,972 4303,978 4392,978 4482,984 4571,984 4595,978"/>
                <TextEquiv>
                    <Unicode>Bonnien</Unicode>
                </TextEquiv>
            </TextLine>
            <TextLine id="tr_1_tl_6" custom="readingOrder {index:5;}">
                <Coords points="5525,1021 5561,1007 5581,1021 5604,1010 5638,1024 5680,1021 5694,1030 5711,1013 5734,1018 5731,953 5700,950 5683,967 5677,962 5658,970 5618,939 5598,939 5544,965 5522,965"/>
                <Baseline points="5538,1002 5628,1002 5717,1008 5735,1002"/>
                <TextEquiv>
                    <Unicode>and</Unicode>
                </TextEquiv>
            </TextLine>
            <TextLine id="tr_1_tl_7" custom="readingOrder {index:6;}">
                <Coords points="3672,1123 5635,1109 5635,1013 5440,1049 5338,987 5245,1038 3672,1007"/>
                <Baseline points="3688,1044 3778,1050 3867,1056 3957,1050 4046,1056 4136,1056 4225,1056 4315,1062 4404,1062 4494,1062 4583,1062 4673,1062 4762,1056 4852,1062 4942,1062 5031,1068 5121,1068 5210,1068 5300,1074 5389,1074 5479,1074 5568,1074 5640,1074"/>
                <TextEquiv>
                    <Unicode>und einem Handelsmann ähnlich sah, war ein</Unicode>
                </TextEquiv>
            </TextLine>
            <TextLine id="tr_1_tl_8" custom="readingOrder {index:7;}">
                <Coords points="3677,1276 5782,1247 5779,1134 3675,1143"/>
                <Baseline points="3694,1175 3784,1199 3873,1199 3963,1205 4052,1205 4142,1205 4231,1211 4321,1211 4410,1211 4500,1211 4589,1217 4679,1217 4768,1217 4858,1217 4947,1217 5037,1217 5127,1217 5216,1217 5306,1223 5395,1223 5485,1229 5574,1229 5664,1229 5753,1223 5789,1223"/>
                <TextEquiv>
                    <Unicode>Agent, der hier zugleich für verschiedene Büh-</Unicode>
                </TextEquiv>
            </TextLine>
            <TextLine id="tr_1_tl_9" custom="readingOrder {index:8;}">
                <Coords points="5199,1301 5366,1335 5542,1315 5887,1355 5881,1259 5824,1247 5626,1273 5547,1250 5502,1276 5338,1239 5196,1267"/>
                <Baseline points="5216,1289 5306,1295 5395,1301 5485,1307 5574,1313 5664,1313 5753,1313 5843,1319 5891,1319"/>
                <TextEquiv>
                    <Unicode>eut bitsde tres</Unicode>
                </TextEquiv>
            </TextLine>
            <TextLine id="tr_1_tl_10" custom="readingOrder {index:9;}">
                <Coords points="3672,1383 4399,1471 5171,1386 5270,1451 5734,1437 5734,1318 5112,1344 4916,1247 4732,1313 3672,1304"/>
                <Baseline points="3688,1354 3778,1360 3867,1360 3957,1360 4046,1360 4136,1360 4225,1360 4315,1366 4404,1366 4494,1366 4583,1366 4673,1366 4762,1366 4852,1366 4942,1366 5031,1372 5121,1372 5210,1372 5300,1378 5389,1378 5479,1378 5568,1378 5658,1384 5741,1378"/>
                <TextEquiv>
                    <Unicode>nen und für seinen Privatharem auf der Suche</Unicode>
                </TextEquiv>
            </TextLine>
            <TextLine id="tr_1_tl_11" custom="readingOrder {index:10;}">
                <Coords points="3680,1581 4328,1598 4656,1528 5802,1593 5827,1502 5329,1482 5179,1386 5032,1468 3677,1460"/>
                <Baseline points="3694,1504 3784,1516 3873,1516 3963,1516 4052,1516 4142,1516 4231,1521 4321,1521 4410,1521 4500,1521 4589,1521 4679,1527 4768,1527 4858,1527 4947,1527 5037,1527 5127,1533 5216,1533 5306,1533 5395,1539 5485,1545 5574,1545 5664,1545 5753,1539 5831,1539"/>
                <TextEquiv>
                    <Unicode>war, jener junge Herr im Frack, für eine grösse-</Unicode>
                </TextEquiv>
            </TextLine>
            <TextLine id="tr_1_tl_12" custom="readingOrder {index:11;}">
                <Coords points="4600,1632 4642,1629 4645,1621 4653,1627 4659,1618 4684,1627 4690,1618 4716,1615 4741,1629 4766,1615 4783,1621 4792,1612 4834,1615 4834,1584 4806,1581 4789,1564 4752,1561 4735,1544 4713,1561 4656,1528 4645,1533 4597,1519"/>
                <Baseline points="4613,1599 4703,1605 4792,1605 4840,1605"/>
                <TextEquiv>
                    <Unicode> trois</Unicode>
                </TextEquiv>
            </TextLine>
            <TextLine id="tr_1_tl_13" custom="readingOrder {index:12;}">
                <Coords points="3663,1745 4172,1706 4931,1771 5162,1689 5607,1771 5604,1610 4744,1635 4523,1556 4362,1618 3660,1598"/>
                <Baseline points="3676,1671 3766,1665 3855,1665 3945,1671 4034,1671 4124,1671 4213,1671 4303,1671 4392,1671 4482,1671 4571,1671 4661,1677 4751,1677 4840,1677 4930,1677 5019,1677 5109,1677 5198,1677 5288,1677 5377,1683 5467,1689 5556,1683 5610,1683"/>
                <TextEquiv>
                    <Unicode>re Gesellschaft angezogen, war ein keiner</Unicode>
                </TextEquiv>
            </TextLine>
            <TextLine id="tr_1_tl_14" custom="readingOrder {index:13;}">
                <Coords points="5080,1779 5120,1782 5134,1768 5162,1771 5179,1759 5310,1791 5332,1771 5341,1779 5403,1751 5403,1700 5372,1706 5324,1694 5284,1717 5230,1714 5162,1689 5126,1703 5080,1700"/>
                <Baseline points="5097,1742 5186,1742 5276,1748 5365,1742 5407,1742"/>
                <TextEquiv>
                    <Unicode>deuxme</Unicode>
                </TextEquiv>
            </TextLine>
            <TextLine id="tr_1_tl_15" custom="readingOrder {index:14;}">
                <Coords points="3643,1918 4860,1844 5694,1907 5694,1762 3643,1765"/>
                <Baseline points="3658,1808 3748,1814 3837,1820 3927,1820 4016,1826 4106,1820 4195,1826 4285,1826 4374,1826 4464,1832 4554,1832 4643,1826 4733,1826 4822,1832 4912,1826 5001,1832 5091,1832 5180,1838 5270,1838 5359,1838 5449,1838 5538,1844 5628,1838 5700,1838"/>
                <TextEquiv>
                    <Unicode>Don Juan, der sich hier eine möglichst wohl-</Unicode>
                </TextEquiv>
            </TextLine>
            <TextLine id="tr_1_tl_16" custom="readingOrder {index:15;}">
                <Coords points="4650,1909 4735,1941 4758,1926 4815,1926 4832,1935 4848,1921 4863,1924 4860,1858 4817,1853 4752,1878 4707,1875 4687,1853 4653,1844"/>
                <Baseline points="4667,1909 4691,1909 4780,1909 4870,1903"/>
                <TextEquiv>
                    <Unicode>n'est</Unicode>
                </TextEquiv>
            </TextLine>
            <TextLine id="tr_1_tl_17" custom="readingOrder {index:16;}">
                <Coords points="3663,2045 5075,2025 5380,2093 5805,2003 5802,1890 5329,1867 4749,1943 3660,1904"/>
                <Baseline points="3676,1963 3766,1975 3855,1975 3945,1975 4034,1975 4124,1981 4213,1981 4303,1981 4392,1981 4482,1981 4571,1981 4661,1981 4751,1987 4840,1981 4930,1987 5019,1987 5109,1987 5198,1987 5288,1987 5377,1993 5467,1993 5556,1999 5646,1999 5735,1999 5813,1993"/>
                <TextEquiv>
                    <Unicode>feile Geliebte zu finden trachtete, (im übrigen</Unicode>
                </TextEquiv>
            </TextLine>
            <TextLine id="tr_1_tl_18" custom="readingOrder {index:17;}">
                <Coords points="3649,2175 4093,2212 4399,2141 4979,2232 5213,2167 5754,2184 5754,2093 5649,2071 3649,2057"/>
                <Baseline points="3664,2130 3754,2130 3843,2136 3933,2136 4022,2136 4112,2136 4201,2136 4291,2136 4380,2136 4470,2136 4560,2136 4649,2142 4739,2142 4828,2142 4918,2142 5007,2136 5097,2142 5186,2148 5276,2142 5365,2142 5455,2148 5544,2148 5634,2148 5723,2154 5759,2148"/>
                <TextEquiv>
                    <Unicode>gleichhgültig,ob sie zum Theater oder auf ein</Unicode>
                </TextEquiv>
            </TextLine>
            <TextLine id="tr_1_tl_19" custom="readingOrder {index:18;}">
                <Coords points="4336,2240 4368,2235 4387,2246 4424,2238 4444,2223 4475,2243 4486,2235 4512,2243 4534,2238 4537,2161 4515,2164 4495,2181 4472,2158 4450,2164 4404,2144 4385,2156 4370,2153 4356,2167 4339,2164"/>
                <Baseline points="4351,2220 4363,2220 4452,2214 4542,2214"/>
                <TextEquiv>
                    <Unicode>aime</Unicode>
                </TextEquiv>
            </TextLine>
            <TextLine id="tr_1_tl_20" custom="readingOrder {index:19;}">
                <Coords points="3655,2351 4351,2393 4611,2300 5199,2396 5816,2359 5816,2252 5219,2164 4653,2269 3652,2201"/>
                <Baseline points="3670,2274 3760,2280 3849,2285 3939,2285 4028,2285 4118,2285 4207,2291 4297,2291 4386,2297 4476,2297 4565,2297 4655,2297 4745,2297 4834,2297 4924,2297 5013,2297 5103,2303 5192,2303 5282,2303 5371,2303 5461,2309 5550,2309 5640,2309 5729,2309 5819,2315"/>
                <TextEquiv>
                    <Unicode>Konzertpedium wollte,jene verblüte,üppige-er-</Unicode>
                </TextEquiv>
            </TextLine>
            <TextLine id="tr_1_tl_21" custom="readingOrder {index:20;}">
                <Coords points="3655,2506 4815,2540 5782,2475 5779,2390 4956,2404 4622,2308 4356,2390 3652,2385"/>
                <Baseline points="3670,2435 3760,2435 3849,2441 3939,2441 4028,2441 4118,2441 4207,2441 4297,2447 4386,2447 4476,2447 4565,2447 4655,2447 4745,2453 4834,2453 4924,2453 5013,2453 5103,2453 5192,2453 5282,2459 5371,2459 5461,2459 5550,2459 5640,2465 5729,2465 5789,2465"/>
                <TextEquiv>
                    <Unicode>schminkte Frau, mit unmodernen Ohrgehängen aus</Unicode>
                </TextEquiv>
            </TextLine>
            <TextLine id="tr_1_tl_22" custom="readingOrder {index:21;}">
                <Coords points="5194,2557 5349,2535 5420,2560 5468,2537 5553,2560 5587,2537 5725,2569 5742,2566 5740,2478 5658,2495 5508,2478 5482,2506 5423,2481 5310,2506 5264,2475 5191,2492"/>
                <Baseline points="5210,2524 5300,2524 5389,2524 5479,2524 5568,2524 5658,2530 5747,2536"/>
                <TextEquiv>
                    <Unicode>du d'Hylen</Unicode>
                </TextEquiv>
            </TextLine>
            <TextLine id="tr_1_tl_23" custom="readingOrder {index:22;}">
                <Coords points="3669,2696 4088,2597 4489,2699 4716,2636 5649,2684 5734,2670 5734,2563 5126,2495 4594,2563 3666,2512"/>
                <Baseline points="3682,2596 3772,2596 3861,2596 3951,2596 4040,2596 4130,2596 4219,2602 4309,2602 4398,2608 4488,2602 4577,2602 4667,2608 4756,2608 4846,2608 4936,2608 5025,2614 5115,2614 5204,2614 5294,2614 5383,2620 5473,2620 5562,2620 5652,2620 5741,2620 5747,2614"/>
                <TextEquiv>
                    <Unicode>Opal war eine Gesangslehrerin (und der Mensch</Unicode>
                </TextEquiv>
            </TextLine>
            <TextLine id="tr_1_tl_24" custom="readingOrder {index:23;}">
                <Coords points="3791,2682 3898,2676 3980,2710 4051,2676 4079,2690 4105,2673 4141,2699 4192,2684 4235,2701 4232,2617 4184,2631 4088,2597 4034,2625 3994,2614 3957,2631 3788,2617"/>
                <Baseline points="3807,2667 3897,2662 3987,2662 4076,2662 4166,2673 4243,2679"/>
                <TextEquiv>
                    <Unicode>möchte an</Unicode>
                </TextEquiv>
            </TextLine>
            <TextLine id="tr_1_tl_25" custom="readingOrder {index:24;}">
                <Coords points="3655,2815 5590,2823 5587,2716 5216,2670 3652,2701"/>
                <Baseline points="3670,2751 3760,2751 3849,2751 3939,2757 4028,2751 4118,2757 4207,2757 4297,2757 4386,2763 4476,2763 4565,2763 4655,2769 4745,2769 4834,2769 4924,2769 5013,2769 5103,2769 5192,2775 5282,2775 5371,2775 5461,2775 5550,2775 5598,2775"/>
                <TextEquiv>
                    <Unicode>mit der Brille, der mit ihr sprach, zweiter</Unicode>
                </TextEquiv>
            </TextLine>
            <TextLine id="tr_1_tl_26" custom="readingOrder {index:25;}">
                <Coords points="3694,2987 4178,2993 4277,2919 4362,2979 4611,2925 4783,3004 5459,3018 5813,2996 5813,2891 3692,2817"/>
                <Baseline points="3706,2888 3796,2912 3885,2912 3975,2912 4064,2912 4154,2912 4243,2918 4333,2912 4422,2912 4512,2912 4601,2918 4691,2918 4780,2918 4870,2924 4959,2918 5049,2924 5138,2924 5228,2930 5318,2930 5407,2930 5497,2930 5586,2930 5676,2936 5765,2942 5819,2942"/>
                <TextEquiv>
                    <Unicode>Miolinist im Opernorchester und ihr Liebhaber.</Unicode>
                </TextEquiv>
            </TextLine>
            <TextLine id="tr_1_tl_27" custom="readingOrder {index:26;}">
                <Coords points="4438,3027 4532,3010 4597,3030 4619,3010 4653,3015 4679,2996 4738,3004 4738,2945 4704,2953 4676,2931 4648,2948 4611,2922 4549,2948 4518,2933 4501,2933 4478,2956 4441,2948"/>
                <Baseline points="4458,2996 4476,2996 4565,2990 4655,2984 4745,2990"/>
                <TextEquiv>
                    <Unicode>tri kein</Unicode>
                </TextEquiv>
            </TextLine>
            <TextLine id="tr_1_tl_28" custom="readingOrder {index:27;}">
                <Coords points="4178,3117 5779,3126 5776,3024 5638,2976 5437,3038 5080,2967 4455,3030 4271,2919 4175,2948"/>
                <Baseline points="4195,3061 4285,3043 4374,3067 4464,3073 4554,3073 4643,3079 4733,3073 4822,3079 4912,3079 5001,3079 5091,3079 5180,3079 5270,3079 5359,3085 5449,3085 5538,3085 5628,3091 5717,3097 5783,3103"/>
                <TextEquiv>
                    <Unicode>Das weiss ich übrigens zufällig</Unicode>
                </TextEquiv>
            </TextLine>
            <TextLine id="tr_1_tl_29" custom="readingOrder {index:28;}">
                <Coords points="3643,3250 5021,3332 5751,3284 5666,3165 5228,3194 4891,3100 4574,3185 3901,3112 3643,3160"/>
                <Baseline points="3658,3217 3748,3223 3837,3223 3927,3223 4016,3229 4106,3229 4195,3229 4285,3223 4374,3229 4464,3229 4554,3229 4643,3229 4733,3229 4822,3229 4912,3234 5001,3229 5091,3234 5180,3240 5270,3234 5359,3240 5449,3240 5538,3240 5628,3240 5717,3246 5753,3246"/>
                <TextEquiv>
                    <Unicode>guthentisch“, setzte er hinzu, „denn ich kenne</Unicode>
                </TextEquiv>
            </TextLine>
            <TextLine id="tr_1_tl_30" custom="readingOrder {index:29;}">
                <Coords points="3652,3443 4419,3468 4568,3380 5898,3434 5895,3301 3649,3301"/>
                <Baseline points="3664,3366 3754,3372 3843,3372 3933,3372 4022,3372 4112,3378 4201,3378 4291,3378 4380,3378 4470,3378 4560,3378 4649,3378 4739,3384 4828,3384 4918,3384 5007,3378 5097,3378 5186,3384 5276,3390 5365,3390 5455,3390 5544,3390 5634,3396 5723,3396 5813,3396 5902,3402"/>
                <TextEquiv>
                    <Unicode>sie. Und die Kleine dort mit der Gretchenfrisur,</Unicode>
                </TextEquiv>
            </TextLine>
            <TextLine id="tr_1_tl_31" custom="readingOrder {index:30;}">
                <Coords points="4568,3445 4631,3465 4741,3445 4817,3485 4928,3457 4987,3505 5046,3468 5148,3465 5145,3409 5046,3409 5010,3383 4942,3420 4809,3386 4766,3411 4656,3394 4631,3409 4566,3380"/>
                <Baseline points="4583,3431 4673,3425 4762,3443 4852,3443 4942,3449 5031,3443 5121,3449 5150,3449"/>
                <TextEquiv>
                    <Unicode>is in the life of</Unicode>
                </TextEquiv>
            </TextLine>
            <TextLine id="tr_1_tl_32" custom="readingOrder {index:31;}">
                <Coords points="3652,3601 5912,3567 5856,3448 3649,3465"/>
                <Baseline points="3664,3521 3754,3527 3843,3527 3933,3527 4022,3527 4112,3533 4201,3527 4291,3527 4380,3527 4470,3533 4560,3533 4649,3533 4739,3533 4828,3533 4918,3539 5007,3539 5097,3539 5186,3533 5276,3533 5365,3539 5455,3533 5544,3539 5634,3539 5723,3539 5813,3545 5902,3545 5920,3545"/>
                <TextEquiv>
                    <Unicode>das ist eine Harfenspielerin- Komische Idee, was?</Unicode>
                </TextEquiv>
            </TextLine>
            <TextLine id="tr_1_tl_33" custom="readingOrder {index:32;}">
                <Coords points="5177,3635 5228,3615 5261,3635 5530,3643 5561,3621 5674,3646 5703,3635 5703,3570 5677,3564 5641,3576 5527,3553 5505,3570 5471,3536 5394,3570 5310,3559 5276,3573 5177,3550"/>
                <Baseline points="5192,3611 5282,3611 5371,3611 5461,3616 5550,3616 5640,3616 5711,3616"/>
                <TextEquiv>
                    <Unicode> Posaunisten</Unicode>
                </TextEquiv>
            </TextLine>
            <TextLine id="tr_1_tl_34" custom="readingOrder {index:33;}">
                <Coords points="3660,3680 5861,3723 5805,3609 3660,3601"/>
                <Baseline points="3676,3652 3766,3652 3855,3652 3945,3658 4034,3652 4124,3652 4213,3652 4303,3646 4392,3646 4482,3652 4571,3652 4661,3646 4751,3646 4840,3646 4930,3652 5019,3658 5109,3670 5198,3676 5288,3682 5377,3682 5467,3682 5556,3682 5646,3682 5735,3682 5825,3682 5867,3682"/>
                <TextEquiv>
                    <Unicode>Und das halbe Konservatorium, die Personen nicht</Unicode>
                </TextEquiv>
            </TextLine>
            <TextLine id="tr_1_tl_35" custom="readingOrder {index:34;}">
                <Coords points="3677,3771 4551,3754 4693,3788 4832,3748 4939,3782 4970,3660 4846,3700 4650,3655 3938,3706 3677,3677"/>
                <Baseline points="3694,3736 3784,3742 3873,3742 3963,3742 4052,3742 4142,3736 4231,3730 4321,3730 4410,3730 4500,3730 4589,3724 4679,3724 4768,3724 4858,3730 4947,3736 4977,3742"/>
                <TextEquiv>
                    <Unicode>cizt Ihr eingere Schiffe ist werde</Unicode>
                </TextEquiv>
            </TextLine>
            <TextLine id="tr_1_tl_36" custom="readingOrder {index:35;}">
                <Coords points="3655,3853 5929,3904 5929,3748 5745,3697 5508,3796 3655,3768"/>
                <Baseline points="3670,3819 3760,3825 3849,3825 3939,3825 4028,3825 4118,3831 4207,3831 4297,3831 4386,3831 4476,3831 4565,3831 4655,3837 4745,3831 4834,3837 4924,3831 5013,3837 5103,3837 5192,3837 5282,3837 5371,3837 5461,3837 5550,3837 5640,3843 5729,3837 5819,3843 5908,3843 5932,3843"/>
                <TextEquiv>
                    <Unicode>ausgenommen, haben sie gehabt. Dabei ist sie noch</Unicode>
                </TextEquiv>
            </TextLine>
        </TextRegion>
    </Page>
</PcGts>
