6305 3960
5759 330 5940 485 109
3768 494 6006 702 Farben im Nachbild bei geschlossenem Aug gesetz-
3768 646 5752 850 mässig die ergänzende (Farbe) hervorruft,so
3774 821 5881 959 tauchte bei Erwähnung Marthas, des sanften und
3764 969 5841 1137 reinen Wesens, in Rudolfs Geist plötzlich die
4813 1071 5340 1173 eyn erlaut
3702 1088 5979 1299 (trübere und unholdere Erscheinung Annettens auf
4160 1216 4753 1328 u et abgeillt
3774 1246 5801 1467 und es war ihm eine Sekunde lang, als könnte
3781 1401 5927 1599 das junge Mädchen für ihn so etwas wie Rettung
4888 1543 5251 1635 appelation
3764 1572 5877 1747 nicht nur aus einer bestimmten Beziehung,son-
4509 1691 4756 1780 des vurs
3774 1744 5950 1889 dern aus seiner unruhigen, ja verstörten Gemüts-
5360 1843 5772 1941 is not
3781 1852 5729 2067 verfassung bedeuten. Sofort aber (im neuen)
4476 1991 4770 2080 Mil i
3817 2007 5841 2205 Wechsel, anstatt des Fräulein Martha Gleiting
3768 2192 5897 2367 tauchte ein anderes weibliches Bild in ihm
5129 2304 5330 2400 Tresen
3781 2314 5861 2492 auf und er sah die junge Schauspielschülerin
3333 2446 5983 2621 Auch kurth vor sich mit den irrenden Augen, die er gestern
5343 2597 5577 2686 art.
4859 2604 5053 2693 Hofgericht
3326 2624 3662 2733 pr 1/2
3781 2663 6002 2835 zum ersten Mal gesehen, und sein Herz glühte auf;
3356 2693 3705 2858 in publ
3781 2822 5986 2967 es glühte unbegreiflicherweise von einer wunder-
3342 2799 3649 2950 Yr to
3774 2947 5966 3075 baren Erwartung, fvon einer Hoffnung, ja von einer
3787 3079 5745 3244 Gewissheit auf. Er fühlte selbst,wie seine
4150 3155 4338 3260 be
3797 3184 5871 3359 tirn, wie sein ganzes Wesen sich erhellte, zu-
3764 3326 5831 3524 gleich auch,wie der Vater diese Veränderung.
