6289 4056
3346 240 3619 419 2,1929
5414 295 5629 465 101
3844 337 4135 519 Fried
3704 410 6145 641 Die Schwester scherzte,er sei doch eigentlich selbst
3719 586 5987 783 ein Gast im Elternhause. Nun war er drei Tage zu
3701 780 5896 926 keiner Mahlzeit dagewesen. (Heute käme übrigens
3704 899 5918 1078 niemand; für Sonntag aber sei ein kleiner Abend
3719 1051 5915 1242 geplant mit etwas Musik, nicht mehr als zehn bis
4290 1196 4694 1303 dumant
4931 1199 5417 1324 du jeunes
3707 1211 5878 1388 zwölf Personen. Sie nannte zwei Aerzte mit in-
4767 1348 5198 1454 der Freundschaft¬
3716 1363 5878 1539 ren Frauen, den Präsidenten Mauthner mit Gattin
3719 1515 5909 1676 und Tochter, den Violinspieler der Oper Lichten-
4005 1652 4545 1761 Einte Chambre
3716 1664 5936 1834 tal und den Professor Hellmann, der nebstbei ein
3716 1822 5802 2037 ausgezeichneter Cellospieler war. Mit diesen
5207 1974 5417 2077 it in
3701 1967 5811 2162 beiden gedachte sie (übrigens Trio zu spielen,
5723 2107 6076 2241 von ersten
3710 2128 5954 2295 einen Mendelsohn, und einen Mozart. Rudolf freute
3710 2274 5951 2475 sich: Seit Jahren hatte sie in Gesellschaft (vor
3710 2435 5972 2629 Leuten) nicht mehr Klavier gespielt. Das war ein
4676 2587 5575 2702 Jas t seeligte Mit¬
5793 2605 5991 2702 eo
3701 2596 5896 2778 gutes Zeichen (für ihre weitere seelische Gesun-
3704 2766 5921 2921 dung. Oder auch nicht -? "Und denke dir“, setzte
3692 2897 5833 3088 sie hinzu, "Dilenz kommt auch". Sie wurde ganz
3710 3048 5836 3231 blass, als sie diesen Namen aussprach. Rudolf
3710 3206 5833 3385 hätte es lieber gesehen, wenn sie rot gevorden
4008 3349 5693 3461 her bef you - - durer Richmern der Thaler, Herr
3719 3361 5772 3537 wäre. Seit so und so vielen Jahren plötzlich
