6152 4184
5216 479 5621 712 aussi
3608 564 5809 848 Und (wirklich)der Vater lächelte und grüsste zu-
5579 777 5803 879 halle
3596 800 5831 956 rück, durch ein Winken mit der Hand. All das dau-
3605 950 5857 1171 erte nur eine Sekunde. (In der nächsten waren die
3577 1115 5840 1285 beiden Sänger gewiss sehen wieder hinter dem pa-
3591 1245 5692 1398 pierenen Busch hervorgetreten und waren Faust
3577 1384 5692 1608 und Mephisto, aber für Radolf war es ein merk-
3596 1571 5729 1758 würdiges (und unvergessliches) Erlebnis gewesen.
3594 1733 5769 1912 wie die Beiden einen Augenblick lang nicht mehr
3577 1832 5681 2042 Faust und Mephisto gewesen waren, sondern zwei
4830 1980 5060 2070 sleurs
3579 2008 5650 2195 verkleidete und maakierte Sänger,die von der
4717 2136 4975 2215 nicht.
5448 2127 5772 2241 not
3591 2136 5775 2368 Bühne aus, als spielten sie gar nicht mit, seinen
3579 2337 5786 2519 Vater gegrüsst hatten. Er hatte es damals nicht
3565 2493 5721 2680 gewusst, auch heute zwanzig Jahre später wusste
4949 2604 5179 2697 is die
3562 2632 5692 2808 er es noch nicht recht, was ihn so sehr bewegt
3562 2780 5769 2987 hatte;- jedenfalls war auch heute, jetzt in der
3559 2964 5837 3126 unbeholfenen törichten Gebärde des kleinen Lerse,
3554 3103 5809 3290 mit der er sich so plötzlich ausserhalb der Sze-
5321 3230 5559 3327 sluir
3551 3276 5724 3438 ne,ausserhalb seiner Rolle zu stellen wagte,in
3559 3409 5664 3605 die er doch durch äusseren und durch inneren
3551 3579 5749 3784 Zwang gebannt sein musste, etwas Seltsames,etwas
