6284 4024
1849 232 2086 435 1/2
3213 258 3610 490 28.2.29
5470 406 5659 559 104
1805 420 2373 681 mais excellé
3712 484 5836 777 Tragödin war (dabei) gewesen (wie gewöhnlich und
5163 698 5320 779 no
3691 693 5789 901 in seiner vornehmen Art hat er seine Frau zu
5589 834 5888 942 erkleit
3712 849 6001 1034 beschwichtigen gesucht. Der neue Direktor war ihr
3726 1011 5946 1176 Toafeind, wenigstens hielt sie inn darür. Was für
3303 1020 3631 1266 Bresl in
3709 1139 5807 1362 ein Absturz in jedem Fall für das
3683 1295 5888 1486 Hoftheater-von dem vornehmen Poeten (mit dem er-
3703 1498 5728 1637 grauten Lünstlerkopf, der
3697 1617 5934 1849 durch viele Jahre geleitet hatte zu dem (burschi-
3697 1785 5743 2002 kosen Doktor Hainfried, der vor einem halben
3697 1915 5821 2104 Jahr auf unbegreifliche Weise aus dem Unter-
3703 2098 5940 2237 richtsministerium plötzlich auf den Direktions-
3697 2228 5856 2422 stuhl geraten war (sich modern und demokratisch
3700 2405 5830 2564 gebärdete, vom Theater nicht das Geringste ver-
3703 2541 5949 2732 stand und in einem Jahr die Hofbühne (einfach)ru-
3691 2724 6018 2886 inieren würde. Der Graf, so erzählte der Medizinal-
3697 2831 5908 3045 rat weiter, hätte mit Vorsicht Hainfrieds Partei
4204 2976 4749 3089 Neuf as Herrn
3700 2976 6018 3210 genommen, er sei aus guter, altbürgerlicher Familie,
3686 3135 5937 3321 sein Vater sei General gewesen, seine Mutter eine
4903 3292 5468 3396 in Paris by her
3683 3309 5992 3483 geborene Baronin Feifring und er habe eigentlich
3851 3434 4138 3535 du but
4743 3436 5097 3538 birthon
3691 3491 5920 3686 sehr gute Manieren. Das Benehmen, das er manchmal
