6216 4184
4862 271 5191 537 hm seilen
3538 452 5861 606 die ganze Zeit über war ihm gewesen, als sässe der
3553 606 5649 748 Schulfreund neben ihm, von dem er seit vielen
3547 706 5921 935 Jahren nichts mehr gehört hatte, der für ihn völlig
642 820 1430 1059 Unglaßlich. -
3559 899 5945 1119 verschollen war. So völlig war er in die Vergangen-
3559 1101 5948 1243 heit verirrt gewesen. Er merkte jetzt erst, dass auf
3571 1185 5924 1415 der kleinen Bühne längst wieder gesielt wurde: ein
3565 1330 5845 1544 modernes kleinen Lustspiel,-die Lady Milfort von
4274 1535 4503 1626 ning
3571 1577 5912 1692 früher stellte/eine kokette Salondame vor, ein jun-
3571 1701 5954 1861 ger Mann,stutzerhaft angetan, sass mit verzweifelter
5155 1813 5396 1915 gebir.
3589 1858 5879 2012 Ungezwungenheit ihr gegenüber und war geistreich.
5426 1964 5607 2048 der
3571 1958 5915 2163 Bald trat auch ein graumelierter Herr auf, dem ele-
3583 2139 5809 2316 ganten Jüngling geistig offenbar überlegen,ihn
3568 2307 5849 2476 mit Ironie behandelte, was sich dieser eigentlich
3571 2467 5879 2630 nicht gefallen lassen wollte. Nachdem die Angele-
3589 2594 5888 2799 genheit eine Weile hindurch auch für die kokette
4383 2751 4748 2850 Auquel
3583 2724 5867 2959 Frau bedenklich zu werden drohte, endete sie sich
3595 2899 6023 3092 in Heiterkeit, und nach Verabschiedung des Jünglings,
3589 3061 5867 3279 der in guter Haltung verschwand und der Umarmung
3604 3245 5969 3426 der beiden zurückbleibenden Personen,konnte an dem
3598 3384 5815 3577 glücklichen Ausgang kein Zweifel mehr obwalten.
4078 3553 6039 3725 Claudius Doboldt regte an den Saal zu ver-
