6289 3960
5704 256 5887 404 108
3723 413 5919 628 nen,beneidete den Vater geradezu um diese Gabe
3866 561 4575 666 von Gevärke in
4779 593 5413 675 me for it.
1821 553 2490 739 "Tidage meaeit"
3653 588 5832 771 Cimmer nur einen Lusschnitt des Gedankengetzes
3799 716 5439 812 gemtwee Rufbam plosufen je laisse
3714 774 5922 954 zu überschauen, in dem er doch wie alle Menschen
5236 890 5390 986 we
3723 931 5934 1108 verstrickt sein musste. Und wie es von der Rove
4500 1050 4878 1129 werden
5233 1056 5457 1132 myl
3714 1053 5835 1245 da zu Tilenz gelangt war, so gelangte er jetzt
5422 1161 5905 1291 von Prote¬
3706 1225 6021 1434 von Dilenz zu (anderen Teilnehmern) der bevorstehen
3706 1350 5922 1568 den Gesellschaft und da er eben seinen Sohn ins
3703 1518 6007 1751 Auge fasste, dessen (verstimmte) Miene er mit dessen
3697 1681 5989 1897 Lebensführung in Zusammenhang brachte - sprach er
3691 1856 6027 2065 vor allem von der Tochter-des- Professor Gleiting
3767 1929 4247 2033 dann todt
4706 1960 5061 2062 manneur
3694 1992 5937 2190 deren Hand ihm seit längerer Zeit für Rudolf als
3677 2141 5835 2301 höchst erstrebenswert schien, Er ging heute
3688 2292 5980 2478 nicht so weit das geradezu auszusprechen, immerhin
3918 2394 5023 2510 mit eine Ängstigvollen höchst
3694 2464 5870 2632 gab er seiner Erwartung Ausdruck, dass der Sohn
3685 2586 5876 2784 diesmal nicht - wie esneulich anlässlich einer,
3668 2801 5966 2955 solchen häuslichen Gesellschaft der Fall gewesen
3674 2944 5913 3112 gerade an diesem Tag dienstlich verhindert sein
3685 3045 5881 3226 würde. Aber er kam (diesmal) mit seiner Bemerkung
3659 3153 5908 3371 den Neigungen des Sohnes offenbar mehr entgegen,
3668 3351 5762 3554 als er selbst gedacht hatte; denn wie manche
