6024 4104
4723 355 5155 512 erended
3901 413 4154 525 nicht
3402 480 5542 602 Wenn heute Abend“,segte Rudolf, ziem¬
4742 579 4899 656 erst
5053 570 5386 653 Aden N.P.
3638 598 3846 678 Lung
3120 643 5475 765 lich rasch, „dann bestimmt morgen Mittag „Und viele
3126 797 4586 915 Grüsse an Mama und Friedericke.
4976 832 5482 973 bemerkte
3638 957 5526 1056 Der Medizinalrat niekte und fügte gleich
3184 1024 3539 1130 by the
3136 1101 5674 1219 hinzu.”Mit Friederickens Befinden bin ich jetzt
5142 1178 5523 1264 Ministre
3136 1261 5526 1366 recht zufrieden. Vorgestern war sie (in Gesellschaft
3152 1430 5530 1539 geladen, gestern war sie mit uns in der Burgtleater-
3411 1530 3619 1619 (b)
3155 1568 5434 1683 loge und nun spielt sie auch wieder Klavier, sogar
3696 1667 4326 1763 he is die Haar fern
3149 1709 5718 1827 etwas zu viel. Ja, diese Neigung gleich zu übertreiben-
3149 1853 5693 2038 Er brach plötzlich ab. "Also nochmals, adieu, mein Sohn.
3168 2032 5472 2131 bleib nur heroben, ich will dich in deiner Lektüre
3168 2211 5645 2304 nicht länger stören.. Uebrigens ist Charcot meines Er-
3168 2352 5635 2448 achtens mit einiger Vorsicht zu gebrauchen, besonders.
3162 2486 3510 2538 is to
3174 2499 4931 2630 wo er über Hysterie spricht.
3792 2653 5565 2746 "Das findet mein (verehrter Chef auch“,
3181 2822 3853 2931 meinte Rudolf.
3722 2944 5613 3114 [Seine Beobachtungen sind interessant,
4307 3062 4560 3158 chol.
3181 3123 5712 3238 aber doch nicht immer vollkommen verlässlich, und nicht
3184 3290 5494 3453 durchaus so neu als er selber, zu glauben
4806 3366 5136 3462 keine
3184 3408 5558 3587 scheint. Gerade über diese Theman könnten wir prak¬
3197 3590 5565 3690 tische Aerzte vielleicht mehr erzählen als die Kli¬
