6132 4419
3465 635 5840 786 niker, die sich für den Fall mehr interessieren oder
3483 776 5677 921 als für den Menschen.) -A propos solltest du dich
3465 997 5689 1089 nicht wieder einmal nach Tante Emma umsehen, Ru¬
3477 1148 3679 1240 dolf
3913 1261 5745 1387 Eudolf zuckte die Achsel. "Es fehlt ihr
3477 1442 4588 1556 ja nicht das geringste.
3931 1630 5809 1725 Trotzdem... du bist nun einmal ihr Faus¬
4508 1694 4839 1786 le ramez moi
3762 1694 4321 1780 at 1 his him
3465 1755 5748 1866 arzt sozusagen -
3483 1927 5803 2035 sie ist eine etwas ängstliche, nacht alte Dame- und
4861 1995 5198 2074 il avait
4103 2016 4321 2096 G.C
3495 2059 5956 2176 du bist ihr Lieblingsneffe. Er lächelte, als sprä-
3489 2237 5874 2308 che er aus besonderer Reinheit irgend etwas Letztes
3495 2394 5705 2480 nicht aus, küsste den Sohn ganz flüchtig auf die
3501 2532 5748 2685 Stirne und, immer zwei Stufen auf einmal nehmend,
3501 2713 5846 2799 jugendlich, trotz seiner fünfundfünfzig Jahre, eilte
3508 2839 4434 2967 er die Treppe hinab.
4692 2894 4907 3017 sera
3919 2937 5778 3130 Rudolf begab sich in sein Zimmer zurück,
5530 3075 5708 3155 I am
3495 3170 5772 3253 schraubte die Petroleumlampe etwas höher - (zu je¬
4072 3231 4692 3342 in G/h uenis
3495 3268 5763 3394 ner Zeit am Ende der achtziger Jahre des vorigen
4747 3391 5465 3492 vous a même si-
4327 3394 4649 3483 fehlt
3508 3480 5840 3551 Jahrhunderts gab es im Wiener allgemeinen Kranken-
3612 3547 4017 3624 never
3508 3612 5809 3805 hause noch kein elektrisches Licht - und nahm die
3517 3722 5748 3934 unterbrochene Lektüre wieder auf. Unten hörte er
