6200 4152
4264 329 4656 634 Mülfe
3459 494 5725 763 Und als die Lady sich erhebt und auf der viel zu
1625 539 2469 805 s dote ere ausauf
3453 739 5680 904 kleinen Bühne mit viel zu grossen Schritten auf
2035 739 2409 922 G.C.F.P.
3465 850 5593 1089 und ab geht und ausruft (zwar beiseite,aber so
3453 1059 5635 1239 laut, dass es Sophie nicht überhören kann) "Wie
4441 1152 4707 1284 schon
3471 1227 5632 1365 tief, wie tief muss ich gesunken sein, dass eine
5306 1293 5614 1418 d Row
3465 1347 5695 1529 solche Kreatur mich ergründet', verzieht sie den
3453 1481 5859 1664 hübschen Mund höhnisch, nicht im geringsten verbirgt
3471 1652 5820 1822 sie, dass Sie sich denkt: Sowas nennt mich Kreatur.
3477 1804 5647 2002 Und als sie nach Anmeldung der Luise Millerin
5351 1912 5623 2017 at in
3444 1972 5737 2149 durch einen angstvollen Kammerdiener und auf das
3465 2125 5671 2247 herrische "Hinweg du!“ der Lady sich entfernt
3477 2238 5662 2430 da sicht Rudolf,er vielleicht als Einziger,wie
3483 2376 5761 2597 die Kleine mit unverhohlener Verachtung, die gegen
3453 2532 5770 2720 Kilfertx sich auf Lady Milfort, auf die Darstelle-
5156 2687 5452 2804 walter
3477 2705 5871 2900 rin, aus die Szene, auf die lächerliche kleine Rolle,
3465 2873 5790 3067 (die sie selber spielt) und weiss Gott auf was noch
3477 3070 5722 3193 alles bezieht.-sieht Rudolf, wie ihre Augen noch
3477 3187 5674 3349 einmal vor ihrem Abgehen gross und kurzsichtig
3471 3331 5755 3495 über den ganzen Saal flackern, und spürt eine Art
3489 3489 5419 3714 von Rührung, ohne recht zu wissen warum.
