6097 4024
3471 396 5736 720 Oder geschah das erst nachher, nach dem siebenten
3462 644 3762 822 Kind?
3825 786 5724 1040 Der Professor war eingetreten/ zur Visite
3474 943 5775 1179 und Rudolfs Gedanken waren jäh unterbrochen; auch
3480 1122 5682 1324 der Unmut darüber, dass er solches nutzlosen,er-
3480 1225 4173 1333 Si leschent d'un
5119 1276 5676 1379 Wie is not
3450 1294 5718 1473 müdenden, entfesselten Assoziationen,tie er diese
3408 1427 5709 1590 -Gedankenflucht selber nannte, immer wieder ausge-
3438 1581 5621 1808 liefert war,hielt nicht lange an; erfolgte dem
4348 1708 4557 1796 be d
4611 1717 4768 1808 Pn
5394 1711 5887 1860 cretelleti
3456 1733 5663 1920 Professor pilichtgemäss, berichtete über die ihm
5452 1905 5766 2008 veplues
3435 1860 5588 2050 persönlich zugeteilten Kranken, wohnte der Vor-
3441 2026 5642 2219 lesung bei, in der einer dieser patienten vorge-
4227 2165 4466 2268 R to
3441 2216 5594 2362 stellt wurde,und er selbst Anamnese und Befund
3432 2322 5594 2537 vorlas. Und er hörte den Ausführungen des Pro-
3435 2467 5591 2706 fessors über Alkoholismus, wozu der Fall Anlass
3895 2628 4454 2730 Au f verhout
3426 2685 5682 2842 gab,mit Interesse zu,so wenig Neues sie für ihn
3997 2785 4164 2876 bre
3423 2830 5721 3042 enthielten. An dem kühlen Blick, mit dem der Pro-
3858 2942 4254 3042 de laquelle
3429 3003 5606 3175 fessor manchmal an ihm vorbeiglitu als ihn fi-
3846 3105 4076 3196 enir
4660 3127 4941 3229 denis
3420 3124 5712 3314 xierte,erkannte erwieder die vollkommene Gleich¬
4838 3281 5080 3375 2. Es
3417 3356 5706 3465 gültigkeit gegen seine Person. Der grosse Gelehr-
3417 3417 5618 3619 te hielt nicht viel von ihm, das spürte er deut-
3402 3607 5830 3780 lich; und auch für den Adssisten dem Dozenten Doktor
