6200 4184
397 1244 2178 1508 Ihr sprach ich weit ud Einfamlich
613 1413 2493 1685 Gort. Sie ist wie jetztet? – Kein
1508 1559 1725 1750 (5)
3697 580 5805 796 - es war ein wundervoller Sommervormittag und
3694 816 5791 971 ich hätte eigentlich in die Anatomie sollen -
3692 943 5788 1148 unter den hohen alten Bäumen auf und ab. Ich
3697 1117 5906 1277 habe keine Ahnung mehr wovon wir redeten,in der
3697 1272 5926 1446 Erinnerung sehe ich uns Beide hin und her gehen
3697 1441 5903 1573 und es waren diese Augen.diese fernen, diese ir-
3697 1559 5929 1747 renden, die mir am meisten auffielen und sie tat
3703 1753 5805 1902 mir leid. Daran erinnere ich mich am besten."
3939 1888 5954 2029 Claudius sah vor sich hin." Ich glaube über-
4719 1992 5127 2105 u mille
3697 2020 5931 2186 haupt", sagte er, dass Sie sich davor hüten müs-
3697 2209 5954 2313 sen“. Und auf "udolfs fragenden Blick!"Dass Ih-
3714 2349 5895 2504 nen die Menschen und vor, allem die Frauen leid
3711 2473 3973 2642 tun."
4102 2617 5895 2836 "O, nicht alle“, meinte Rudolf. “Ich bin
3720 2833 5948 2966 eigentlich gar nicht mitleidig, höchstens wehlei-
3725 2974 4401 3118 dig manchmal.“
4055 3070 5839 3286 Sie sprachen noch lange über Egoismus,
3737 3250 5841 3422 Grausamkeit, über Enttäuschungen,über Untreue,
3720 3396 5906 3562 über die polygamischen Anlagen der Menschen im
3745 3540 5765 3717 allgemeinen und vor Mitternacht noch wusste
