<?xml version="1.0" encoding="UTF-8" standalone="yes"?>
<PcGts xmlns="http://schema.primaresearch.org/PAGE/gts/pagecontent/2013-07-15" xmlns:xsi="http://www.w3.org/2001/XMLSchema-instance" xsi:schemaLocation="http://schema.primaresearch.org/PAGE/gts/pagecontent/2013-07-15 http://schema.primaresearch.org/PAGE/gts/pagecontent/2013-07-15/pagecontent.xsd">
    <Metadata>
        <Creator>prov=READ-COOP:name=TrHtr:version=2.1.0:model_id=51170:date=28_07_2023_01:38</Creator>
        <Created>2023-05-10T11:12:11.222+02:00</Created>
        <LastChange>2023-07-28T01:38:30.280+02:00</LastChange>
        <TranskribusMetadata docId="1428131" pageId="55384214" pageNr="71" tsid="131312729" status="IN_PROGRESS" userId="64420" imgUrl="https://files.transkribus.eu/Get?id=IPMKSMMMUQDMUTSVQGYQXVBH&amp;fileType=view" xmlUrl="https://files.transkribus.eu/Get?id=BUCTAEJKWEFBJGPNKASHBZMF" imageId="44659114"/>
    </Metadata>
    <Page imageFilename="1428131_0071.jpg" imageWidth="6200" imageHeight="4184">
        <ReadingOrder>
            <OrderedGroup id="ro_1711824853105" caption="Regions reading order">
                <RegionRefIndexed index="0" regionRef="tr_1"/>
            </OrderedGroup>
        </ReadingOrder>
        <TextRegion id="tr_1" custom="readingOrder {index:0;}">
            <Coords points="3175,373 5867,373 5867,3680 3175,3680"/>
            <TextLine id="tr_1_tl_1" custom="readingOrder {index:0;}">
                <Coords points="3158,487 3202,487 3266,444 3322,452 3371,485 3395,467 3462,490 3502,449 3552,473 3587,461 3587,344 3558,353 3540,336 3470,359 3389,330 3269,382 3158,388"/>
                <Baseline points="3175,423 3264,423 3354,423 3443,423 3533,429 3593,423"/>
                <TextEquiv>
                    <Unicode>16.12.1928.</Unicode>
                </TextEquiv>
            </TextLine>
            <TextLine id="tr_1_tl_2" custom="readingOrder {index:1;}">
                <Coords points="3535,736 5470,756 5595,844 5554,537 5044,680 4833,607 4267,671 4148,616 3984,686 3532,645"/>
                <Baseline points="3551,716 3640,722 3730,722 3819,728 3909,728 3998,734 4088,728 4178,734 4267,734 4357,740 4446,740 4536,734 4625,734 4715,734 4804,734 4894,740 4983,740 5073,740 5162,740 5252,740 5341,740 5431,746 5520,746 5604,740"/>
                <TextEquiv>
                    <Unicode>Das Auf und Ab, Hin und Her des Publikums, da</Unicode>
                </TextEquiv>
            </TextLine>
            <TextLine id="tr_1_tl_3" custom="readingOrder {index:2;}">
                <Coords points="3517,908 5265,946 5762,911 5762,846 3514,782"/>
                <Baseline points="3533,871 3622,877 3712,883 3802,883 3891,883 3981,883 4070,883 4160,883 4249,889 4339,889 4428,889 4518,889 4607,889 4697,889 4786,889 4876,889 4965,895 5055,901 5144,895 5234,895 5324,895 5413,895 5503,895 5592,895 5682,895 5765,895"/>
                <TextEquiv>
                    <Unicode>Raunen und Schwirren der Gespräche, der Duft von</Unicode>
                </TextEquiv>
            </TextLine>
            <TextLine id="tr_1_tl_4" custom="readingOrder {index:3;}">
                <Coords points="3535,1054 5829,1103 5829,995 5595,975 3535,989"/>
                <Baseline points="3551,1032 3640,1032 3730,1038 3819,1038 3909,1038 3998,1038 4088,1038 4178,1038 4267,1044 4357,1038 4446,1044 4536,1044 4625,1050 4715,1044 4804,1050 4894,1044 4983,1050 5073,1050 5162,1050 5252,1044 5341,1044 5431,1050 5520,1044 5610,1050 5700,1056 5789,1056 5837,1056"/>
                <TextEquiv>
                    <Unicode>allerlei Parfums, die eigentlich nicht immer Wohl¬</Unicode>
                </TextEquiv>
            </TextLine>
            <TextLine id="tr_1_tl_5" custom="readingOrder {index:4;}">
                <Coords points="3546,1255 5680,1217 5680,1162 5353,1100 5000,1165 3546,1132"/>
                <Baseline points="3563,1193 3652,1193 3742,1199 3831,1199 3921,1199 4010,1199 4100,1199 4189,1199 4279,1199 4369,1199 4458,1199 4548,1199 4637,1199 4727,1199 4816,1199 4906,1199 4995,1199 5085,1199 5174,1199 5264,1199 5353,1199 5443,1199 5532,1205 5622,1205 5688,1205"/>
                <TextEquiv>
                    <Unicode>gerüche waren, von ungelüfteten Gewändern, von</Unicode>
                </TextEquiv>
            </TextLine>
            <TextLine id="tr_1_tl_6" custom="readingOrder {index:5;}">
                <Coords points="3529,1360 5773,1389 5697,1284 3529,1287"/>
                <Baseline points="3545,1336 3634,1342 3724,1342 3813,1348 3903,1348 3993,1348 4082,1348 4172,1348 4261,1348 4351,1348 4440,1348 4530,1348 4619,1348 4709,1354 4798,1354 4888,1354 4977,1354 5067,1354 5156,1354 5246,1354 5335,1354 5425,1354 5515,1360 5604,1360 5694,1360 5777,1372"/>
                <TextEquiv>
                    <Unicode>Gas, von feuchter Haut, von halbverwelkten Blumen,</Unicode>
                </TextEquiv>
            </TextLine>
            <TextLine id="tr_1_tl_7" custom="readingOrder {index:6;}">
                <Coords points="3535,1515 5692,1541 5636,1433 3535,1456"/>
                <Baseline points="3551,1486 3640,1498 3730,1498 3819,1504 3909,1504 3998,1504 4088,1504 4178,1504 4267,1504 4357,1504 4446,1504 4536,1504 4625,1504 4715,1510 4804,1504 4894,1504 4983,1504 5073,1504 5162,1510 5252,1510 5341,1510 5431,1510 5520,1510 5610,1510 5700,1510 5705,1504"/>
                <TextEquiv>
                    <Unicode>von bemalten Pappendeckel,al das zusammen war</Unicode>
                </TextEquiv>
            </TextLine>
            <TextLine id="tr_1_tl_8" custom="readingOrder {index:7;}">
                <Coords points="3535,1687 5794,1707 5817,1559 5624,1629 3535,1579"/>
                <Baseline points="3551,1647 3640,1653 3730,1653 3819,1653 3909,1659 3998,1653 4088,1659 4178,1653 4267,1659 4357,1659 4446,1659 4536,1659 4625,1659 4715,1659 4804,1659 4894,1659 4983,1659 5073,1659 5162,1659 5252,1659 5341,1665 5431,1665 5520,1665 5610,1665 5700,1665 5789,1659 5825,1659"/>
                <TextEquiv>
                    <Unicode>wieder einmal berauschend, gerade weil man so völ-</Unicode>
                </TextEquiv>
            </TextLine>
            <TextLine id="tr_1_tl_9" custom="readingOrder {index:8;}">
                <Coords points="3517,1839 5709,1833 5709,1760 4334,1710 3517,1757"/>
                <Baseline points="3533,1802 3622,1808 3712,1808 3802,1808 3891,1814 3981,1814 4070,1808 4160,1808 4249,1808 4339,1808 4428,1814 4518,1814 4607,1814 4697,1814 4786,1814 4876,1814 4965,1814 5055,1820 5144,1820 5234,1826 5324,1820 5413,1820 5503,1826 5592,1826 5682,1826 5717,1826"/>
                <TextEquiv>
                    <Unicode>lig bei klarem Bewusstsein blieb. Eine wohlige</Unicode>
                </TextEquiv>
            </TextLine>
            <TextLine id="tr_1_tl_10" custom="readingOrder {index:9;}">
                <Coords points="3529,1988 5709,2017 5759,1818 4953,1926 3529,1886"/>
                <Baseline points="3545,1957 3634,1957 3724,1957 3813,1963 3903,1963 3993,1963 4082,1963 4172,1963 4261,1963 4351,1957 4440,1963 4530,1963 4619,1963 4709,1963 4798,1963 4888,1969 4977,1963 5067,1963 5156,1963 5246,1969 5335,1969 5425,1969 5515,1969 5604,1969 5694,1969 5765,1969"/>
                <TextEquiv>
                    <Unicode>Wärme, die mit der äusseren Temperatur nichts zu</Unicode>
                </TextEquiv>
            </TextLine>
            <TextLine id="tr_1_tl_11" custom="readingOrder {index:10;}">
                <Coords points="3511,2157 5657,2169 5814,2142 5814,2002 5239,2084 3511,2064"/>
                <Baseline points="3527,2118 3616,2118 3706,2118 3796,2118 3885,2124 3975,2124 4064,2124 4154,2124 4243,2124 4333,2130 4422,2130 4512,2130 4601,2130 4691,2124 4780,2130 4870,2130 4959,2124 5049,2124 5138,2124 5228,2124 5318,2124 5407,2124 5497,2124 5586,2118 5676,2124 5765,2124 5819,2124"/>
                <TextEquiv>
                    <Unicode>schaffen hatte, durchfloss ihn. Etwas Fieber viel-</Unicode>
                </TextEquiv>
            </TextLine>
            <TextLine id="tr_1_tl_12" custom="readingOrder {index:11;}">
                <Coords points="3517,2309 5791,2288 5662,2198 3517,2201"/>
                <Baseline points="3533,2268 3622,2274 3712,2274 3802,2274 3891,2274 3981,2274 4070,2274 4160,2274 4249,2274 4339,2274 4428,2280 4518,2274 4607,2280 4697,2280 4786,2280 4876,2280 4965,2280 5055,2280 5144,2280 5234,2280 5324,2280 5413,2280 5503,2280 5592,2280 5682,2280 5771,2280 5795,2280"/>
                <TextEquiv>
                    <Unicode>leicht, dachte er, ein paar Zehntel nur,es war im-</Unicode>
                </TextEquiv>
            </TextLine>
            <TextLine id="tr_1_tl_13" custom="readingOrder {index:12;}">
                <Coords points="3517,2443 5738,2455 5718,2370 5137,2399 4728,2320 4407,2385 3514,2358"/>
                <Baseline points="3533,2417 3622,2423 3712,2429 3802,2429 3891,2429 3981,2429 4070,2429 4160,2429 4249,2429 4339,2429 4428,2429 4518,2435 4607,2435 4697,2429 4786,2429 4876,2429 4965,2435 5055,2435 5144,2435 5234,2435 5324,2435 5413,2435 5503,2435 5592,2435 5682,2441 5747,2435"/>
                <TextEquiv>
                    <Unicode>merhin möglich. Vor einigen Wochen hatte er ein</Unicode>
                </TextEquiv>
            </TextLine>
            <TextLine id="tr_1_tl_14" custom="readingOrder {index:13;}">
                <Coords points="3529,2615 4804,2659 5700,2595 5359,2472 5219,2542 3529,2533"/>
                <Baseline points="3545,2578 3634,2578 3724,2578 3813,2578 3903,2584 3993,2584 4082,2584 4172,2584 4261,2584 4351,2590 4440,2584 4530,2584 4619,2584 4709,2590 4798,2590 4888,2584 4977,2584 5067,2584 5156,2590 5246,2590 5335,2590 5425,2590 5515,2590 5604,2590 5694,2590 5705,2590"/>
                <TextEquiv>
                    <Unicode>paar Abende Lintereinander dieses leichte Fie-</Unicode>
                </TextEquiv>
            </TextLine>
            <TextLine id="tr_1_tl_15" custom="readingOrder {index:14;}">
                <Coords points="3529,2755 5747,2767 5747,2694 5309,2700 5157,2624 5011,2691 3698,2691 3529,2615"/>
                <Baseline points="3545,2727 3634,2733 3724,2733 3813,2733 3903,2739 3993,2739 4082,2739 4172,2739 4261,2739 4351,2739 4440,2739 4530,2739 4619,2739 4709,2739 4798,2739 4888,2739 4977,2739 5067,2739 5156,2739 5246,2745 5335,2739 5425,2739 5515,2745 5604,2745 5694,2745 5753,2751"/>
                <TextEquiv>
                    <Unicode>bergefühl gehabt und hatte es vermieden sich zu</Unicode>
                </TextEquiv>
            </TextLine>
            <TextLine id="tr_1_tl_16" custom="readingOrder {index:15;}">
                <Coords points="3520,2930 5613,2936 5630,2764 5274,2863 3517,2820"/>
                <Baseline points="3533,2888 3622,2888 3712,2888 3802,2894 3891,2888 3981,2888 4070,2894 4160,2894 4249,2888 4339,2894 4428,2894 4518,2894 4607,2894 4697,2894 4786,2894 4876,2894 4965,2894 5055,2900 5144,2900 5234,2900 5324,2894 5413,2900 5503,2900 5592,2906 5640,2906"/>
                <TextEquiv>
                    <Unicode>messen. Es war wohl eine Verkühlung gewesen;</Unicode>
                </TextEquiv>
            </TextLine>
            <TextLine id="tr_1_tl_17" custom="readingOrder {index:16;}">
                <Coords points="3535,3065 5467,3059 5659,3155 5829,3108 5829,3000 4553,2951 4358,3021 3532,2936"/>
                <Baseline points="3551,3038 3640,3038 3730,3038 3819,3043 3909,3043 3998,3049 4088,3049 4178,3049 4267,3049 4357,3049 4446,3049 4536,3049 4625,3049 4715,3049 4804,3049 4894,3049 4983,3049 5073,3049 5162,3049 5252,3055 5341,3055 5431,3055 5520,3055 5610,3061 5700,3055 5789,3049 5837,3049"/>
                <TextEquiv>
                    <Unicode>das Hüsteln hatte wohl kaum viel zu bedeuten, im-</Unicode>
                </TextEquiv>
            </TextLine>
            <TextLine id="tr_1_tl_18" custom="readingOrder {index:17;}">
                <Coords points="3517,3225 5864,3234 5721,3126 3517,3138"/>
                <Baseline points="3533,3193 3622,3205 3712,3199 3802,3205 3891,3205 3981,3205 4070,3205 4160,3205 4249,3199 4339,3205 4428,3205 4518,3205 4607,3205 4697,3205 4786,3205 4876,3205 4965,3205 5055,3205 5144,3211 5234,3211 5324,3211 5413,3205 5503,3211 5592,3211 5682,3217 5771,3211 5861,3211 5867,3211"/>
                <TextEquiv>
                    <Unicode>merhin hatte er sich etliche Male besonders in ei-</Unicode>
                </TextEquiv>
            </TextLine>
            <TextLine id="tr_1_tl_19" custom="readingOrder {index:18;}">
                <Coords points="3523,3383 4171,3432 4810,3365 5607,3462 5584,3214 5277,3319 3523,3246"/>
                <Baseline points="3539,3348 3628,3354 3718,3354 3807,3354 3897,3354 3987,3354 4076,3360 4166,3360 4255,3360 4345,3360 4434,3360 4524,3360 4613,3354 4703,3360 4792,3360 4882,3360 4971,3360 5061,3360 5150,3360 5240,3360 5329,3360 5419,3366 5509,3366 5598,3366 5610,3366"/>
                <TextEquiv>
                    <Unicode>ligen übernächtigen Morgenstunden eingebilde</Unicode>
                </TextEquiv>
            </TextLine>
            <TextLine id="tr_1_tl_20" custom="readingOrder {index:19;}">
                <Coords points="3523,3517 5546,3564 5715,3543 5712,3383 5546,3476 5137,3383 5032,3447 3520,3450"/>
                <Baseline points="3539,3503 3628,3503 3718,3509 3807,3509 3897,3509 3987,3509 4076,3509 4166,3509 4255,3509 4345,3509 4434,3509 4524,3509 4613,3509 4703,3509 4792,3509 4882,3509 4971,3509 5061,3509 5150,3515 5240,3515 5329,3515 5419,3515 5509,3515 5598,3521 5688,3521 5723,3521"/>
                <TextEquiv>
                    <Unicode>dass es eine Mahnung xxx seines Spitzenkata rhs</Unicode>
                </TextEquiv>
            </TextLine>
            <TextLine id="tr_1_tl_21" custom="readingOrder {index:20;}">
                <Coords points="3535,3689 5429,3718 5662,3701 5662,3540 5184,3602 4906,3540 3535,3567"/>
                <Baseline points="3551,3658 3640,3658 3730,3664 3819,3664 3909,3664 3998,3664 4088,3670 4178,3670 4267,3664 4357,3664 4446,3670 4536,3670 4625,3670 4715,3664 4804,3664 4894,3664 4983,3664 5073,3664 5162,3664 5252,3664 5341,3664 5431,3664 5520,3670 5610,3670 5670,3670"/>
                <TextEquiv>
                    <Unicode>war, wie man mit vielleicht unverdienter Milde</Unicode>
                </TextEquiv>
            </TextLine>
        </TextRegion>
    </Page>
</PcGts>
