6200 4168
3543 560 5838 799 auch wieder zur Stelle war, Berthold und die ganze
4216 702 4558 820 Rastin
3528 761 5809 962 Familie von Labitzky hiess. Die junge Dame aber
5313 876 5493 976 at
3543 888 5862 1112 trug sogar den französischen Namen Martha Saville
3534 1092 5868 1254 hatte falsche Brillanten im Ohr, ein dummes Kinder-
4797 1174 5298 1286 grellrotes
3549 1221 5791 1422 gesicht und ein ausgeschnittenes Seidenkleid, wie
4699 1325 5201 1437 Von Sie sehr
3540 1407 5909 1549 eine Chasonettensängerin.Rudolf war etwas erstaunt,
3543 1481 4457 1578 dass die junge Dame
3537 1543 5806 1687 während sie davonrauschte
3522 1684 5738 1882 als Fräulein Gueti, während Fräul ein von Saville
3534 1858 5694 1974 schon davonrauschte, inm mitteilte, dass sie, das
3534 2015 5779 2156 rauschende Fräulein nämlich,in der nächsten Vor-
3525 2151 5829 2339 stellung die Maria:Stuart spiele. Dazu verzog sie
3525 2313 5773 2510 den Mund mit Spott und etwas Resignation. Füher
3537 2472 5788 2626 aber hatte sie das Fräulein von Saville aus bei-
4283 2555 4434 2664 und
3531 2623 5767 2811 de Wangen geküsst: „Grüss dich Gott,Margoterl”.
4410 2720 5080 2826 est diejens donc
3528 2749 5803 2932 Ein oischen falsch, dachte Rudolf, aber er nahm es
3519 2918 5738 3092 inn weiter nicht übel. Sie durfte auch ein bisl
3531 3089 5216 3266 falsch sein, es gehörte sogar zu ihr.
