6132 4419
3465 715 3868 903 im Hof
3489 861 5747 988 den Wagen davonrollen, der im Hof gewartet hatte,
3495 1049 5811 1164 und nun den Medizinalrat zu seinen Kra ken führte,
3507 1149 5659 1310 oder wenigstens zu Leuten, (die seinesärztlichen
3495 1258 5647 1491 oder freundschaftlichen Tates vor allem seiner
3513 1440 5784 1607 beruhigenden Gegenwart bedurften. Denn beruhi-
3507 1640 5750 1764 gen war seine Kunst, fast sein Genie. (Er verstand
3507 1807 5856 1967 es nicht nur kleine Aengstlichkeiten (mit Laune) weg
3513 1976 5729 2110 zuplaudern, ernsthaftere Besorgnisse durch kluge
3513 2082 5838 2231 (oder spöttische Zusprache) zu zerstreuen; - auch der
3519 2237 5832 2446 Verzweiflung gegenüber gab er sich keineswegs ge
5502 2340 5853 2437 feindet
3510 2358 5708 2580 schlagen, da gerade (ien solchen Fällen sein -lau¬
4095 2519 4271 2619 ick.
3513 2583 5850 2740 niges Wesen/zu humorhafter Heiterkeit, seine Ueber-
3531 2701 5641 2828 redungsgabe zu einer wahren Meisterschaft der
3522 2825 5802 2992 Lüge, ja bis zum Selbstbetrug (zur Annahme der Mög¬
3525 3034 5738 3180 lichkeit von Wunderheilungen) ja bis zum Glauben
3537 3177 5735 3346 an die eigene Wunderkraft sich zu steigern ver-
5393 3265 5659 3362 habit
4914 3286 5153 3380 Noch
4074 3283 4392 3392 Schriften
3544 3350 5893 3465 mochte.
5129 3419 5429 3537 the. I
4277 3434 4717 3537 d. Frei. d
3537 3516 5708 3674 Praxis er behandelte hauptsächlich in Schau¬
4671 3586 5092 3677 dont il est
3537 3604 5969 3816 spieler-und Sängerkreisen - sah er sich bedenklicher
3556 3750 5772 3962 oder gar erschütternden Fällen verhältnismässig
3556 3925 5768 4165 selten gegenüber. Und begegnete es ihm auch bei
