6184 4184
278 550 470 798 +
642 707 2717 1106 Jetzt spricht Rudolf vor den
707 1008 2634 1286 Tiedrach in der Vater - denn
710 1304 1546 1576 Gerstertes
775 1493 2791 1803 Cland.. Je d. Spiele de créonier
843 1783 1818 2025 barr. Pruby
1047 1984 2740 2214 Hochwies auch T. theil Ter. Sp.
1005 2170 2652 2460 ist. Alles nicht weh.
2022 2344 2226 2483 ti
727 2300 1895 2625 Kurz ohne 1 für
990 2599 2477 2894 Ihr Kussfach... -.. tud
1091 2850 1670 3057 propalm.
3636 565 5717 783 die Loge hinauf,hörte Dobold interessiert zu
3624 789 5626 970 (und behauptete,in dem ganzen Vorgang etwas
3654 911 5709 1123 fast/ Symbolisches zu empfinden.) Auch die Ge-
3636 1076 5842 1248 schichte von dem kleinen Mädchen mit dem Blech-
3098 1106 3598 1286 Til Marille
3636 1236 5856 1389 teller unterhielt ihn sehr, doch spürte er
3110 1280 3494 1425 ous avés.
3190 1384 3592 1540 & not in
3648 1407 5942 1570 nichts Symbolisches heraus, denn Rudolf verschwiegte.
3128 1490 3465 1664 liches.
3636 1552 5726 1723 zwar nicht die irrenden Augen, jedoch die
3642 1676 5901 1857 Aehnlichkeit dieser Augen mit denen des Fräulein
3642 1895 5983 2025 von Labintzky und er berichtete, was ihm jetzt erst
3633 2028 5942 2176 einfiel, dass er solchen Augen einige Jahre später
3642 2185 6019 2347 wiederbegegnet war und zwar bei einer nungen Schau-
3636 2294 5209 2513 spielerin des Sulkowsky-Theaters.
4127 2445 5842 2672 "Wie kommen Sie dorthin?" fragte Clau-
3624 2637 5865 2797 dius. Dort hatte Ihr Herr Vater doch wohl keine
3642 2767 4511 2995 Patienten gehaot?"
4168 2924 5930 3128 "Aber manche glaube ich haben dort an-
3654 3095 5930 3267 gefangen. Uebrigens glaube ich,es existiert nicht
3636 3258 3970 3426 mehr.
4186 3367 6016 3548 “Ich hab es nie gesehen“, sagte Claudius.
4180 3509 5839 3734 "Es war ein kleines Theater in dem
