6152 4152
5435 404 5612 536 44
3510 427 5724 707 junge afiektierte Herr war, der ihm vor zwanzig
3502 734 5630 926 Jahren übers Haar gestrichen. "Was macht mein
3534 887 5600 1046 junger Freund, Monsieur Rudolf, nein, Rodolphe,
3508 993 5600 1223 hat er gesagt, so war man wohl berechtigt ihn
4560 1141 4978 1238 do 1/2 -a.
3522 1208 5630 1376 affektiert zu nennen. Ob das wirklich während
3534 1362 5759 1533 jener Vorstellung von Faust sich zugetragen hat¬
3534 1483 5565 1642 te? Keinesfalls war x der arie###ierte junge
3950 1598 4333 1707 unserveit
3513 1639 5565 1857 Herr noch in der Loge gewesen, als der Vater
3513 1819 5591 2013 plötzlich wieder erschien. Ach, wie hatte das
3537 1972 5821 2105 Antlitz der Mutter sich ernellt, als er unerwartet
3534 2107 5727 2267 wieder da war mit seinem heitern ironischen Lä¬
3513 2231 5594 2455 cheln una von der kleinen Lögenbank aus sich
4840 2390 5043 2482 ugen.
3502 2455 5712 2606 herniederbeugend der Mutter etwas ins Ohr flüs-
4613 2529 5308 2653 us for it belon
3513 2597 5712 2774 terte, worüber sie den Kopf schüttelte. Ja,
3499 2756 5871 2886 er erzählte öfters solche Geschichten, gelegentlich
3502 2865 5759 3015 hörte Rudolf auch (das oder jenes wozu die Mutter
3502 3033 5768 3233 milde, aber doch etwas unzufrieden den Kopf
3508 3216 5759 3360 schüttelte, doch als er diese Geschichten zu ver-
3522 3322 5759 3546 stehen anfing, hörte man auf sie in seiner Gegen-
3525 3487 4351 3617 wart zu erzählen.
