6284 4040
5720 380 5905 492 102
5634 466 5936 578 a(tible
1640 475 2420 673 It was Ich as well as
3755 475 5861 688 wieder Dilenz. Wo kam der überhaupt her? Seit
3859 633 4207 722 my wie
3185 509 3545 751 t-m
1873 636 2417 811 mij fast als
3738 679 5942 852 wann lebt der wieder in Wien? Rudolfs deutlich-
3744 823 6000 993 ste Erinnerung an ihn war (in diesem Augenblick)
3197 875 3407 1099 by.
3744 998 5928 1128 der Moment,wie er-vor fünfzehn Jahren beinahe -
3755 1114 5962 1338 ihm in einer Opernloge über das Haar gestrichen
3749 1309 5732 1445 war mit den affektierten Worten!"Was macht
3194 1292 3623 1459 tull us it
4572 1384 4921 1485 Rovbyck
5254 1404 5528 1499 melin
3741 1473 5916 1652 mein junger Freund Rudi?“ Alle folgenden Begeg-
3191 1442 3686 1600 noch - dien
3211 1554 3585 1735 Thebrnts
3744 1600 5873 1770 nungen, hier im Elternhause, wo er durch einige
3220 1678 3502 1813 dan
3755 1755 5838 1954 Jahre so oft zu sehen gewesen war,hatten kei-
3223 1778 3559 1977 prennt.
3738 1908 5528 2092 nen besonderen Eindruck hinterlassen.
4161 2055 5790 2250 Die Mutter trat ein. Obzwar in der
3749 2167 5956 2388 wohlgeordneten Wirtschaft alles seinen geregel-
3767 2391 5956 2570 ten Gang nahm, hatte sie doch immer in der Küche
3761 2521 5790 2690 oder sonst im Hause zu tun. Rudolf scherzte
4000 2630 4431 2725 no him be
5266 2636 5784 2725 C.C. R.M.
3726 2679 6034 2849 (wie gewöhnlich) über ihre xxxx Geschäftigkeit,
4532 2788 5251 2883 (trite) et ce voif un flad.
3761 2849 5861 2967 die ihn freilich oft genug ungeduldig machte.
4184 2935 4808 3047 est luilismarp et
3755 2981 5824 3168 Er solle nicht spotten, sagte die Mutter: sie
3988 3099 4282 3188 aber nicht
3744 3145 5902 3326 habe ein Päckchen draussen für ihn zurecht ge-
3755 3303 5830 3430 macht mit allerlei hausgebackenen Sachen, die
3738 3416 5902 3637 er sich ins Spital) für seine Junggesellenfrüh-
