6008 4104
4102 259 4276 444 Sz
3413 407 5629 644 hen,- aber (selbst, wenn Rudolf auf gut Glück die
3407 558 5643 763 vier Stockwerke des kahlen Zinshauses
4441 709 5045 820 emporrielier
3396 701 5606 880 in der Pelikangasse hinauigeeilt wäre,
3407 932 5606 1065 wie er es wohl
3401 1026 5652 1222 noch vor wenigen Monaten ### getan hatte (selbst
3413 1234 5629 1399 auf die Gefahr hin nicht xxxx, sondern ei¬
3396 1359 5561 1530 ne ihrer Schwestern oder ihren Bruder oder gar
3393 1513 5686 1701 die gesamte Familie anzutreffen,-heute wusste er,
4085 1615 4276 1704 was
5208 1629 5453 1723 Ain
3396 1661 5595 1786 war die Wahrscheinlichkeit allzu gering sie ge-
3493 1778 5629 1869 Mr. Mehrstund hart als geg, a.u. deten p.d. we
3401 1849 5467 1980 wiss nieht zuhause, sondern vermutlich in der
3703 1920 4418 2023 er zweifs u ds T
3399 1954 5660 2151 Fechtstunde, da, ebenso wie das singen und Tanzen
3396 2151 5680 2296 auch jene Fertigkeit für die Kunstreise erforder.
3401 2282 5603 2439 lich schien, auf die sich Anna vom ersten Januar
3401 2444 5541 2587 an mit zehn anderen anmutigen Wienerinnen, wie
3396 2570 5547 2726 es in den Notizen des Impresario hiess-, begeben
3390 2755 5549 2931 sollte, um wie es in den Notizen des Impresario
3373 2897 5515 3071 hiess, den Ruhm von Wiener Frauenschönheit und
3384 3062 5623 3236 Grazie in den fernsten Osten, nämlich über Press-
3387 3176 5641 3387 burg,Budapest,Agram, Essegs, Belgrad, Sofia bis nach
3390 3344 4564 3507 Constantinopel zu tragen.
3820 3515 5467 3718 Rudolf saafzte leicht und rechnete
