<?xml version="1.0" encoding="UTF-8" standalone="yes"?>
<PcGts xmlns="http://schema.primaresearch.org/PAGE/gts/pagecontent/2013-07-15" xmlns:xsi="http://www.w3.org/2001/XMLSchema-instance" xsi:schemaLocation="http://schema.primaresearch.org/PAGE/gts/pagecontent/2013-07-15 http://schema.primaresearch.org/PAGE/gts/pagecontent/2013-07-15/pagecontent.xsd">
    <Metadata>
        <Creator>prov=READ-COOP:name=TrHtr:version=2.1.0:model_id=51170:date=28_07_2023_01:38</Creator>
        <Created>2023-05-10T11:12:06.598+02:00</Created>
        <LastChange>2023-07-28T01:38:19.112+02:00</LastChange>
        <TranskribusMetadata docId="1428131" pageId="55384085" pageNr="47" tsid="131312705" status="IN_PROGRESS" userId="64420" imgUrl="https://files.transkribus.eu/Get?id=CMHIQORWRBLORCVWRJMONSUD&amp;fileType=view" xmlUrl="https://files.transkribus.eu/Get?id=CGDRZMMWTBSCUPAEFKYVCGQG" imageId="44658985"/>
    </Metadata>
    <Page imageFilename="1428131_0047.jpg" imageWidth="6168" imageHeight="4136">
        <ReadingOrder>
            <OrderedGroup id="ro_1711824816442" caption="Regions reading order">
                <RegionRefIndexed index="0" regionRef="tr_1"/>
            </OrderedGroup>
        </ReadingOrder>
        <TextRegion id="tr_1" custom="readingOrder {index:0;}">
            <Coords points="3586,391 5830,391 5830,2289 3586,2289"/>
            <TextLine id="tr_1_tl_1" custom="readingOrder {index:0;}">
                <Coords points="5662,488 5686,496 5700,490 5746,526 5757,517 5781,528 5819,520 5827,364 5800,367 5792,356 5751,356 5738,367 5668,340"/>
                <Baseline points="5681,447 5741,447 5830,441"/>
                <TextEquiv>
                    <Unicode>53</Unicode>
                </TextEquiv>
            </TextLine>
            <TextLine id="tr_1_tl_2" custom="readingOrder {index:1;}">
                <Coords points="3571,757 4530,782 4980,709 5455,760 5692,717 5692,606 3571,625"/>
                <Baseline points="3586,704 3640,710 3730,710 3819,710 3909,710 3998,710 4088,710 4177,704 4267,704 4356,704 4446,704 4535,704 4625,704 4714,698 4804,698 4893,698 4983,698 5073,692 5162,692 5252,692 5341,692 5431,686 5520,686 5610,686 5699,698"/>
                <TextEquiv>
                    <Unicode>schuldigend und etwas lächelnd zu Rudolf auf,</Unicode>
                </TextEquiv>
            </TextLine>
            <TextLine id="tr_1_tl_3" custom="readingOrder {index:2;}">
                <Coords points="4789,790 4821,784 4840,795 4867,773 4926,795 4935,787 4956,795 4967,784 4997,798 5056,787 5053,687 5034,690 4999,720 4959,709 4918,744 4854,738 4819,714 4786,725"/>
                <Baseline points="4804,769 4893,763 4983,769 5061,775"/>
                <TextEquiv>
                    <Unicode>Eusté</Unicode>
                </TextEquiv>
            </TextLine>
            <TextLine id="tr_1_tl_4" custom="readingOrder {index:3;}">
                <Coords points="3584,941 4064,892 4873,951 5077,868 5552,930 5670,897 5673,790 3587,798"/>
                <Baseline points="3598,859 3622,859 3712,865 3801,865 3891,865 3980,865 4070,865 4159,859 4249,859 4338,859 4428,859 4517,853 4607,853 4697,847 4786,847 4876,853 4965,853 5055,847 5144,847 5234,847 5323,847 5413,847 5502,841 5592,847 5681,847"/>
                <TextEquiv>
                    <Unicode>als wollte sie sagen: er ist noch ein Bub, er</Unicode>
                </TextEquiv>
            </TextLine>
            <TextLine id="tr_1_tl_5" custom="readingOrder {index:4;}">
                <Coords points="3592,1067 5600,1083 5708,1070 5711,951 5077,884 4875,949 3595,954"/>
                <Baseline points="3610,1014 3658,1020 3748,1020 3837,1020 3927,1020 4016,1020 4106,1020 4195,1014 4285,1014 4374,1014 4464,1014 4553,1014 4643,1008 4732,1008 4822,1008 4911,1002 5001,1002 5090,1002 5180,1002 5269,1002 5359,1002 5449,1002 5538,1002 5628,1002 5717,996"/>
                <TextEquiv>
                    <Unicode>hat keine Manieren. Die Mutter bemerkte: "Wenn</Unicode>
                </TextEquiv>
            </TextLine>
            <TextLine id="tr_1_tl_6" custom="readingOrder {index:5;}">
                <Coords points="3595,1224 5409,1256 5630,1210 5633,1102 3598,1110"/>
                <Baseline points="3610,1169 3670,1175 3760,1175 3849,1175 3939,1175 4028,1169 4118,1175 4207,1169 4297,1169 4386,1169 4476,1169 4565,1169 4655,1169 4744,1163 4834,1163 4923,1163 5013,1163 5102,1163 5192,1163 5281,1157 5371,1157 5460,1163 5550,1163 5640,1163"/>
                <TextEquiv>
                    <Unicode>man gut gelernt hat, braucht man keine Angst</Unicode>
                </TextEquiv>
            </TextLine>
            <TextLine id="tr_1_tl_7" custom="readingOrder {index:6;}">
                <Coords points="3584,1366 5721,1396 5746,1240 4016,1226 3584,1296"/>
                <Baseline points="3598,1336 3604,1336 3694,1336 3783,1336 3873,1336 3962,1336 4052,1330 4141,1330 4231,1324 4321,1324 4410,1324 4500,1324 4589,1318 4679,1318 4768,1318 4858,1313 4947,1318 5037,1318 5126,1318 5216,1313 5305,1318 5395,1313 5484,1313 5574,1313 5663,1313 5753,1318"/>
                <TextEquiv>
                    <Unicode>zu haben." Die Schwester errötete noch tiefer,</Unicode>
                </TextEquiv>
            </TextLine>
            <TextLine id="tr_1_tl_8" custom="readingOrder {index:7;}">
                <Coords points="3595,1539 3886,1595 4506,1504 4687,1568 5072,1477 5660,1560 5762,1515 5765,1385 3598,1380"/>
                <Baseline points="3610,1486 3616,1486 3706,1480 3795,1480 3885,1480 3974,1480 4064,1480 4153,1480 4243,1480 4332,1480 4422,1480 4512,1480 4601,1480 4691,1474 4780,1474 4870,1468 4959,1468 5049,1468 5138,1468 5228,1468 5317,1468 5407,1468 5496,1462 5586,1462 5675,1462 5765,1468"/>
                <TextEquiv>
                    <Unicode>so dass Rudolf sich beinahe verpflichtet fühl-</Unicode>
                </TextEquiv>
            </TextLine>
            <TextLine id="tr_1_tl_9" custom="readingOrder {index:8;}">
                <Coords points="5015,1558 5050,1555 5067,1568 5080,1560 5107,1563 5120,1579 5145,1566 5158,1577 5169,1566 5188,1566 5191,1490 5174,1490 5164,1501 5131,1477 5102,1493 5088,1493 5064,1477 5048,1490 5015,1498"/>
                <Baseline points="5031,1551 5108,1545 5198,1545"/>
                <TextEquiv>
                    <Unicode>Pch</Unicode>
                </TextEquiv>
            </TextLine>
            <TextLine id="tr_1_tl_10" custom="readingOrder {index:9;}">
                <Coords points="3601,1690 4994,1674 5250,1746 5759,1701 5759,1539 4835,1579 4506,1504 3601,1587"/>
                <Baseline points="3616,1629 3706,1635 3795,1641 3885,1641 3974,1635 4064,1635 4153,1635 4243,1635 4332,1635 4422,1635 4512,1629 4601,1629 4691,1629 4780,1623 4870,1623 4959,1623 5049,1623 5138,1623 5228,1623 5317,1623 5407,1623 5496,1623 5586,1617 5675,1617 5765,1617"/>
                <TextEquiv>
                    <Unicode>te sie durch ein freundliches Lächeln zu beru-</Unicode>
                </TextEquiv>
            </TextLine>
            <TextLine id="tr_1_tl_11" custom="readingOrder {index:10;}">
                <Coords points="3590,1868 3665,1889 3730,1851 3786,1878 3875,1857 3927,1884 3927,1733 3883,1741 3835,1717 3754,1711 3733,1733 3719,1725 3676,1744 3630,1709 3590,1719"/>
                <Baseline points="3604,1796 3694,1808 3783,1802 3873,1802 3933,1802"/>
                <TextEquiv>
                    <Unicode>higen.</Unicode>
                </TextEquiv>
            </TextLine>
            <TextLine id="tr_1_tl_12" custom="readingOrder {index:11;}">
                <Coords points="4056,2002 5724,2016 5724,1881 5627,1854 4056,1857"/>
                <Baseline points="4070,1939 4118,1939 4207,1945 4297,1945 4386,1939 4476,1939 4565,1939 4655,1939 4744,1939 4834,1939 4923,1939 5013,1939 5102,1939 5192,1939 5281,1933 5371,1933 5460,1933 5550,1927 5640,1933 5729,1933"/>
                <TextEquiv>
                    <Unicode>Ein zweites Klingelzeichen ertönte,</Unicode>
                </TextEquiv>
            </TextLine>
            <TextLine id="tr_1_tl_13" custom="readingOrder {index:12;}">
                <Coords points="3606,2172 5107,2148 5107,2062 4802,2035 4732,1978 4361,2043 4005,1981 3749,2040 3606,2016"/>
                <Baseline points="3622,2106 3682,2106 3771,2106 3861,2100 3950,2100 4040,2100 4130,2100 4219,2100 4309,2100 4398,2100 4488,2100 4577,2100 4667,2094 4756,2094 4846,2094 4935,2094 5025,2094 5114,2094"/>
                <TextEquiv>
                    <Unicode>der Vorhang hob sich von neuem.</Unicode>
                </TextEquiv>
            </TextLine>
            <TextLine id="tr_1_tl_14" custom="readingOrder {index:13;}">
                <Coords points="3673,2342 3719,2331 3805,2358 3956,2304 3994,2328 4075,2326 4131,2377 4212,2366 4212,2213 4180,2202 4121,2215 4051,2191 3991,2213 3894,2169 3803,2172 3773,2148 3673,2194"/>
                <Baseline points="3688,2261 3777,2261 3867,2256 3956,2261 4046,2261 4136,2256 4219,2261"/>
                <TextEquiv>
                    <Unicode>m p  en</Unicode>
                </TextEquiv>
            </TextLine>
            <TextLine id="tr_1_tl_15" custom="readingOrder {index:14;}">
                <Coords points="4288,2315 4433,2328 4466,2299 4657,2288 4730,2315 4781,2277 5007,2334 5007,2178 4856,2148 4565,2221 4479,2172 4406,2191 4288,2169"/>
                <Baseline points="4303,2267 4392,2273 4482,2279 4571,2279 4661,2279 4750,2273 4840,2267 4929,2267 5013,2267"/>
                <TextEquiv>
                    <Unicode>Il faut</Unicode>
                </TextEquiv>
            </TextLine>
        </TextRegion>
    </Page>
</PcGts>
