6200 4184
5341 271 5612 565 63
3522 538 5702 728 den Teller fallen, während sich die
3780 725 4015 824 genoten
3516 719 5798 935 Alte von Adolf mit der Bemerkung abfinden lassen
3516 890 5762 1077 musste: "Noch bin ich kein Millionär Mütterchen"
3756 1011 4577 1131 feyler de me ruffère
3528 1104 5871 1233 Sie war dergleichen gewohnt und verschwand wieder,
5047 1170 5444 1296 in the
5558 1170 5786 1293 flöckt
3558 1191 5669 1395 Auf der kleinen Bühne/ zappelte/ der Wurstl
3516 1386 5702 1552 hin und her und hielt eine Art Monolog, der aus
3528 1495 5765 1723 lauter Flüchen bestand. Er nahm dann, nachdem er
3534 1708 5741 1859 sich einigemale daneben gesetzt, auf einem Baum-
3534 1808 5669 1982 stumpf aus Pappendeckel Platz und es erschien
3540 1961 5615 2138 ein ländlich gekleidetes Mädchen, die ihn mit
5513 2072 5720 2201 sall
4544 2096 4956 2208 ak ayein
3540 2174 5807 2271 einer etwas pipeenden/Stimme bewilikomnte; Umar-
3534 2262 5952 2472 mungen mit schlenkenden Armen und Händen erfolgten.
3696 2424 5477 2514 in 60 tembt er der Siefe mit Homm und in roth
3540 2487 5693 2601 der Teufel liess nicht lange auf sich warten; -
3531 2601 5627 2782 die die xxxx cheatralische Angelegenheit
4054 2749 4442 2842 Gesagen w
3534 2761 5904 2962 (damals ausging, wusste Rudolf heute nicht mehr, aber
3801 2899 4069 2983 un
3546 2938 5907 3092 er wusste noch, dass er eigentlich mit der gleichen
5134 3020 5804 3155 F. H. Kirgerrein
3540 3089 5717 3251 Selbstvergessenheit und Andacht zugeschaut und
3546 3197 5462 3392 zugehört hatte - obwohl die Worte in den
3555 3317 5910 3531 Wind verflogen — wie immer wenn er im Theater war,
3561 3447 5946 3678 ob nun Marionetten oder Menschen vor ihm agierten.
3711 3690 3874 3826 in
