6172 4024
4501 352 4681 500 elie
3415 407 5741 673 gehabt? Und hat er vielleicht damals in ihrer Um-
3409 602 5754 820 armung besonderes Vergnügen empfunden? Und wie hat
3409 791 5847 948 sie geheissen? Anna - Ernestine -Brigritte? Brigitte
3181 689 3374 945 is not
3742 868 4255 980 Vin  Perzette
4716 884 5325 990 sca du b de
3188 919 3351 1073 Gill
3415 939 5581 1051 gewiss nicht. Berta? Und wo waren sie an jenem
3553 1032 3966 1118 Nédouveau
3406 1076 5802 1240 Abend? In einem Hotel, in einem Absteigquartier oder
3947 1182 4386 1294 ant Rani
3425 1243 5728 1400 geschah es viel eicht in einer Frühlingsnacht auf
3425 1355 5847 1551 einer mondbeschienenen Wiese? Alles das war unsicher
3588 1496 3748 1602 my
4847 1490 5148 1595 studie
3422 1554 5680 1682 und kaum mehr eruierbar und nebstbei vollkommen
3422 1708 5840 1890 gleichgültig. Sieher und wesentlich war nur, dass der
5283 1794 5507 1903 heut
3422 1833 5722 2002 alte Mann (nach seinem tobsüchtigen Anfall) auf dem
3422 2012 5805 2195 Beobachtungszimmer war und mit stieren Augen, unver-
3422 2182 5872 2339 ständliche Worte brummend, während Speichel über sein
3422 2313 5693 2496 Kinn lief, erschöpft in seinem Gitterbett lag, die
3425 2428 5764 2650 Tafel zu seinen Häupten: Georg Reitmayer, xxxx pen-
3425 2598 5808 2810 sionierter Oberrechnungsrat,67 Jahre,p.P, - ein er-
4402 2717 5033 2835 dazu bestimmt
3425 2787 6001 2986 ledigtes Individuum und in anderthalb Jahren spätestens
3425 2874 5840 3095 wenn er Glück hat noch früher, auf dem zentralfried-
3659 3028 4171 3130 bestattet
3431 3072 5770 3242 hof zu verwesen. Hier ruht Georg Reitmayer, tiefbe-
3422 3229 5776 3386 trau ert von seiner Gattin, seinen Kindern - hat er
3431 3348 5824 3585 überhaupt welche? Wie viele? Eins, drei, sieben? Wien
3444 3572 5863 3784 lange nach seiner Infektion hat er sich verheiratet?
