6305 4024
3601 451 5735 707 dem Parere des Polizeiarztes handelte es sich
3604 704 5973 870 zweifellos um Paralyse. Doktor Forland achte: Wenn
4887 804 5288 901 nen onfl
3604 851 6032 1029 man jetzt die Liebesstunde rekonstruieren könnte, der
4580 954 5297 1076 des G. Allfait. veu
3614 1026 6007 1208 dieser würdige Greis dieses Ende verdankt. Wie lang
3598 1170 6092 1352 mag es her sein? Dreissig, vierzig, fünfzig Jahre? Ist
3936 1255 4668 1374 ich ih in Verne
3611 1317 5788 1477 er von einer Dirne krank geworden? Nach einem
3611 1471 5848 1649 lustigen trinkfrohen Abend, nach einer Studenten-
3970 1571 4928 1686 M. a bleu de    Halle  sujet
3611 1636 5901 1821 kneipe? Oder hat ihn seine Geliebte betrogen? Er-
4233 1724 4440 1799 me c
3410 1818 5920 1980 hier innert er sich überhaupt noch? Ist die Dirne noch
3617 1943 5870 2134 am Leben? Wie viele hat sie vor ihm und nach ihm
5378 2018 5960 2156 -nnt - al h.
3776 2049 4067 2131 aujet
3601 2112 5866 2290 krank gemacht? Lebt sie vielleicht heute als die
3604 2262 6017 2415 geachtete Mutter oder Grossmutter in einer würdigen
5116 2347 5385 2456 thinerest
3611 2393 6095 2597 Familie, umgeben von Kindern und Enkeln? Denkt sie
3601 2556 6054 2766 überhaupt noch an ihre Vergangenheit?
3999 2738 5798 2903 Und wenn es seine Geliebte war, hat er
4305 2810 5203 2925 ¬ dit il a sur bezézu
3989 2832 4174 2919 geint
3607 2891 5963 3076 damals gewusst, was er ihr verdanken würde? Und wer
3607 3044 5845 3204 war der Mann,mt dem sie ihn betrog? Ein Commis,
3611 3204 5854 3360 ein Graf, ein Offizier? Und hat sie später gehei-
5516 3279 5845 3385 retenel
3611 3338 5926 3514 ratet? War sie es vielleicht schon damals und hat
3629 3479 5913 3670 für sie die Krankheit überhaupt ernstliche Folgen
