6024 4120
5139 416 5468 603 Ione
3439 539 5598 742 der niemals Entschuldigungen gelten liess, wenn
3826 655 4313 755 Eintolium in
3433 678 5591 903 es sich um Informationen in einem die Oeffent-
3446 868 5468 1061 lichkeit interessierenden Fall handelte und
3433 1029 5627 1207 überdies derartige Berichte seinen Lesern in
3426 1171 5675 1339 möglichst dichterischer Ausschmückung dargebrü
4843 1274 5394 1378 der sich mit
3452 1342 5669 1461 reicht wünschte. Rudolf, keineswegs gleich ver¬
3294 1420 3926 1568 The pr mollt wll
4133 1432 5268 1539 manche ganz überflüssige
5488 1429 5759 1555 afecay
3439 1494 5733 1632 söhnt, wies auf mancherlei Ungenauigkeiten, ja den
3100 1642 5698 1794 In der Fachmann geradezu lächerliche Missverständ-
5110 1752 5268 1845 Mj
3439 1771 5688 1978 nisse hin, die der im übrigen gewiss glänzend ge-
5023 1891 5394 2010 erste
3439 1910 5752 2149 schriebene Artikel enthalte. Dobolt (lächelte fein
3442 2074 5836 2287 undes ergab sich) dass jene Mängel nur zum geringsten
3439 2226 5778 2452 Teil in Flüchtigkeiten der Beobachtung oder in un-
4504 2349 4655 2458 ihr
3446 2420 5701 2604 zureichender Kenntnis seine Ursachen hatten,son-
4072 2523 4530 2610 des ernées
3442 2555 5781 2713 dern in der leidigen und unvermeidlichen Rücksicht
3439 2726 5701 2894 auf den Geschmack der Zeitungsleser - unvermeid-
3439 2826 5778 3078 lich wenigstens nach der Meinung des Herausgebers,
3439 2991 5791 3223 dessen bezahlter Angestellter, man nun einmal trotz
3452 3181 5701 3333 aller inneren Selbständigkeit und gelegentlicher
3452 3317 5743 3471 äusserer Auflehnung man nun einmal war und immer-
3439 3500 5243 3688 hin noch eine Zeitlang bleiben müsste.
