6216 4200
3508 433 5784 616 war recht dämmerig geworden, von einer Laterne in
3511 643 5559 809 einem benachbarten Wirtshausgarten fiel ein
5102 737 5360 842 de Rh.
3514 779 5745 938 Schein auf den braunen Lockenkopf und die Augen
3499 938 5799 1160 irrten noch fremder als vorher. Nun aber geschah
3686 1073 4055 1178 & C.M. Erb
3520 1112 5775 1263 das Unerwartete, dass Adolf auf sie zutrat, ihr ge
3529 1242 5703 1443 wissermassen entgegenging; Rudolf,dem das Herz
3511 1410 5832 1581 stillestand,blieb auf seinem Platz stehen. Er sah
3532 1539 5649 1705 dass Adolf mit der Kleinen sprach, doch konnte
5255 1659 5679 1762 niet obue
3731 1674 4470 1783 in the said
3550 1714 5919 1888 er sie nicht hören und er sah auch mit einiger Ent-
5459 1813 5877 1909 nicht in
3980 1837 4410 1930 Maklé
3538 1828 5883 2017 täuschung, dass der Blick der Kleinen alles Geheim-
3586 1987 4407 2086 Exempté rien ne
3544 2014 5784 2177 nis verlor. Sie guckte Adolf etwas al-
3821 2137 4651 2249 and, tho it be per
3544 2201 5715 2318 bernxx, kokett xx an, ganz entzaubert stand
3547 2300 5727 2498 sie da. Und Adolf - was auch ein wenig für den
3538 2504 5823 2624 Kameraden berechnet war - knifi ihr plötzlich in
3547 2597 5820 2799 die Wange. Da stand aber auch schon, als hätte er
3541 2751 5880 2940 gelauert,ein grosser kräftiger Bursch in einem un-
5240 2904 5495 2997 He is
3556 2973 5829 3163 ordentlichen drap Anzug mit offenem Kragen, einen
3797 3072 4389 3178 empeschement
3550 3120 5850 3310 gelben Gürtel um das Beinkleid, auf dem Kopf eine
3544 3241 5796 3406 Radfahrkappe, neben den Beiden: "Wirst nicht
3550 3448 5964 3620 gleich schauen, dass du weiterkommst blöder Lausbub"
3671 3526 4825 3644 i'a avec l'hivert sur tout le
3562 3595 5820 3743 und seine erhobene Hand sah ganz darnach aus, als
