5992 4104
3536 374 4245 601 Ihr bei ich
3425 541 5564 751 Bodensee in einer Heilanstalt für Gemütskranke
2910 556 3305 757 in so in
2899 730 3198 888 regelne
3257 736 5534 891 Zw Matte verbringen müssen. Im Laufe der seither
2893 847 3362 1002 noch 24/2 80
3425 888 5680 1086 vergangenen sieben Jahre hatten sich nur zeitwei¬
3407 1047 5621 1244 se Anwandlungen von Melancholie gezeigt, die (den
3407 1214 5558 1388 Beginn tieferer Störungen anzukünden schienen,
3410 1376 5609 1538 waren aber) nun seit mehr als einem Jahre völlig
3404 1535 5612 1705 verschwunden (Zugleich aber war auch jene andere
3413 1639 5692 1917 lichtere Seite ihres Wesens allmählig abgeblasst,
3398 1816 5647 1983 sie wurde stiller, ging seltener in Gesellschaft,
3410 2001 5540 2148 und beschäftigte sich mehr als früher mit der
3407 2166 5650 2312 Ausbildung ihrer bescheidenen künstlerischen Ta-
3404 2279 5647 2468 lente, zu denen das Zeichnen und das Klavierspiel
3419 2417 4837 2584 gehörte. Professor Gine we
4930 2474 5647 2647 „an dessen Kli-
3398 2602 5647 2788 nik Rudolf seit einigen Monaten als Sekundararzt
4962 2737 5324 2833 seuvert
3395 2743 5612 2913 beschäftigt war, glaubte (für die Zukunft)
3404 2940 5594 3144 eine günstige Prognose stellen zu dürfen) trotz-
3395 3066 5630 3260 dem er den Fall zu den atypischen rechnen müsse.
3386 3254 5630 3422 Die typischen dachte Rudolfskeptisch wie er war,
3401 3371 5630 3509 stehen überhaupt nur in den Büchern. Aber (über¬
3383 3515 5785 3748 legte er weiter, wenn sich auch die Fernerstehenden,
4798 3649 5112 3757 Andw%
3392 3652 5606 3901 die es am Ende nichts anging, auch der Professor
