6088 4200
4744 319 5391 506 (sel: Erw.cht
142 383 2330 554 das de Mlle in schmerz Albertlee
4325 503 4486 603 or
1196 535 1502 674 a ye
3393 503 5601 735 glas aus Perlmutter zum Auge führte. Sie musste
103 596 2427 815 sich in dem Ecke, und das gahin ihm ihm
3416 657 5536 860 damals doch wohl schon achtzenn oder neunzenn
3941 815 4286 922 ondwth
158 770 2639 1028 en Bekennt xxx Rea in werpe
3413 828 5572 986 Jahre sein. Die Mutter in schwarzem Atlaskleid
5040 951 5275 1041 er selts
3416 989 5759 1150 sass in der anderen Ecke der Loge, der Bub zwischen
180 947 1060 1176 Ryn u bl.
4802 1125 5639 1347 Bub damals mit zu¬
3419 1163 4750 1386 ihnen. Ja, er war ein kleiner
1250 1102 1953 1350 1. S. 4 E
3426 1308 5668 1511 rückgekämmtem Haar und breitem weissen Kragen,
3426 1431 5639 1643 (so sass er da und blickte ins Orchester, das ihm
2249 1540 2784 1705 per cemh
100 1550 2259 1769 4 De Valer in censt anwesend -
2243 1653 2504 1759 peyt
3448 1598 5620 1837 als eine unruhige, blinkende, wirbelnde Masse er-
251 1695 2836 1956 befe a uit u/ ihr frageren ein Schuert
3448 1792 5672 1943 schien, seine Augen erinnerten sich lebhafter als
4444 1872 4763 1982 V. de M r
3448 1888 5739 2124 sein Gehör. (Er san) die Geigenbogen aus dem Dunkel
261 1888 2729 2104 den es mehrem d Vorhalt als klar auch
3455 2027 5565 2236 in die Luft fliegen, das Messing der Posaunen
325 2075 2691 2352 3lf d auch im Brief zu freundl.
5030 2175 5388 2278 eieunter
3474 2224 5759 2436 leuchtete, kleine Lichter funkelten, von den grünen
267 2301 657 2507 Zeit
3455 2365 5614 2565 Pultschirmen nicht immer genügend verdeckt wa-
3867 2494 4682 2613 Ain der Fall - sov in-
3471 2497 5739 2742 ren.) Wo war denn nur der Vater! (Wohl auf der Bün-
506 2472 2684 2791 Anfahren der Bücherin Größe
4795 2652 4969 2752 servt
3564 2675 3993 2791 votre leur
200 2623 419 2849 #
3467 2704 5620 2881 ne, in der Garderobe eines (seiner)Patienten,de-
364 2700 2675 3016 at him offoet, but will de &c
3477 2871 5659 3019 nen er manchmal während der Vorstellung zur Be-
3484 3029 5594 3248 ruhigung irgenawelche kleine ärztliche Hilfen
371 2965 2655 3206 ein, werde ein ganze lie, u Stucken
5501 3094 5775 3206 rieuw
3487 3187 5684 3313 leistete. Jedesfalls sai die Mutter öfters nach
3496 3252 5755 3477 der Logentüre,ob er nicht endlich wiederkäme
4283 3435 5001 3554 Wennv der Stück
3745 3461 3993 3558 and is
3500 3471 5746 3696 aber da war es zuerst ein Keliner mit Gefrorenem
3477 3632 5736 3854 und Bäckerei oder irgend ein Besuch, zum Beispiel
