6200 4200
2061 238 2781 379 we weghe he
1225 267 2633 453 ert hatt u a - d/ Rehele Tod
383 421 2871 727 1 J de Cngebort - ttig fladeel gros
383 653 2042 878 it had beg in. R.A.
383 772 2803 1000 & Tisb by fof I put Roms
334 1019 2607 1325 20he geleichet sehr slosten. er ist
817 1202 1257 1402 noiff
450 1273 3035 1608 frt sifngewandt. -  S Solliff Kleid
585 1601 2720 1836 En vous bien fait.S'il de me
637 1762 1370 1952 N. Sudlut
5514 389 5732 572 75
3655 485 5732 756 Doboldt nickte wohlwollend. “Das gefällt mir
3672 698 4234 823 eigentlich.'
3948 813 5829 1000 Die Erzherzogin vor ihm wandte sich um.
3926 929 4716 1026 nach der Frider, der
3659 1022 5819 1177 die Beiden hatten vielleicht etwas zu laut ge-
3662 1145 5687 1331 sprochen. Und eine zweite junge Dame wandte
4659 1257 4832 1350 there
3643 1312 5781 1450 gleichfalls den Kopf, zwei Augen flackerten in
4617 1408 5073 1505 eine Stimme
3655 1460 5684 1588 die seinen, standen aber plötzlich still und
3630 1601 5816 1807 (eine Sekunde lang blieben sie in Rudolfs Blick
3646 1775 5684 1906 gesenkt. Dann irrten sie (wieder)davon. Auch
3655 1884 5652 2077 der Kopf war wieder der Bühne zugewandt, wo
3662 2087 5848 2225 eine neue Szene, diesmal eine aus "Uriel Acosta"
3652 2196 4993 2440 ihren Anfang genommen hatte.
3951 2376 5771 2546 Das Fräulein mit den flackernden Augen
3643 2485 5732 2742 sass so, dass, wenn sie den Kopf nur ein wenig
3633 2656 5768 2820 nach rückwärts wandte, ein Seitenblick Rudolfs
5469 2800 5797 2916 evged
3649 2848 5723 2996 Stirn streifte; es geschah nicht oft und sie
3652 2971 5803 3173 sah eigentlich an ihm vorbei. Und doch war die
3633 3128 5887 3292 Absicht unverkennbar.- Der Bruder war verschwun:
5179 3266 5443 3360 you don't
3659 3254 5774 3485 den. (Die junge Schauspielerin sass auf seinem
3633 3421 5832 3598 Platz zwischen Mutter und Schwester, wie gleich
4504 3562 5121 3672 at 1 du 2 bret
3639 3582 5719 3800 sam in die Mitte genommen als Ehre und Stolz
