6024 4104
3779 388 3968 560 Mr
3422 523 5478 732 dass es bis zum ersten Januar immerhin noch
3574 637 3928 755 in the
4531 674 4750 769 boué
3445 661 5590 903 lange genug sei, das ihm aber doch ersparte da
3445 836 5468 1055 unausbleibliche und erwünschte Ende dieser
3756 954 4123 1062 chinale
3381 1001 5563 1210 (etwas benælen] und seiner nicht ganz würdigen
3442 1119 5640 1386 Liebesbeziehung durch freien Entschluss herbei
3435 1338 5593 1500 zuführen (wie er es schon im Herbst einmal ver¬
3435 1466 4548 1662 geblich versucht hatte.
3186 1632 5549 1831 Von der Uhr im Turm des Verwaltungs-
2953 1601 3135 1864 be
3442 1736 5640 1938 gebäudes hörte er es sieben schlagen und so be-
3442 1949 5701 2134 schloss er denn langsam durch die Stadt nach dem
3432 2077 5539 2259 Elternhaus zu schlendern, um dort noch vor dem
5134 2208 5407 2309 in the
3442 2242 5559 2454 Abendessen mit Schwester und Mutter ein wenig
3429 2370 5677 2616 zu plaudern. Er machte Ordnung in seinem kleinen
4538 2501 4737 2603 orifd
2906 2404 3267 2603 met leur
2940 2522 5650 2704 Betriebissend Zimmer, schloss das Pianino und machte sich xxx
2926 2646 3300 2788 de monde
3415 2724 5539 2913 fertig xxxx und schickte sich eben
2899 2734 3270 2886 angestellt
3422 2842 5546 3037 an das Zimmer zu verlassen, als es an die Türe
3850 2960 4160 3071 Hulrik
4669 2984 5354 3078 j'ai eu tout est
3412 3048 5670 3206 klopfte. Dachte er/erfreut, und fühlte wie-
3429 3169 5576 3331 der einmal, dass von allen Freunden dieser lie-
3884 3273 4059 3371 abri
3422 3287 5414 3516 benswürdige Treulose seinem Herzen doch am
3418 3469 5576 3678 nächsten stand. Aber der eintrat war nicht der
3412 3584 5640 3850 Erwartete, sondern Herr Claudius Dobolt, Mitarbei
