<?xml version="1.0" encoding="UTF-8" standalone="yes"?>
<PcGts xmlns="http://schema.primaresearch.org/PAGE/gts/pagecontent/2013-07-15" xmlns:xsi="http://www.w3.org/2001/XMLSchema-instance" xsi:schemaLocation="http://schema.primaresearch.org/PAGE/gts/pagecontent/2013-07-15 http://schema.primaresearch.org/PAGE/gts/pagecontent/2013-07-15/pagecontent.xsd">
    <Metadata>
        <Creator>prov=READ-COOP:name=TrHtr:version=2.1.0:model_id=51170:date=28_07_2023_01:38</Creator>
        <Created>2023-05-10T11:12:05.354+02:00</Created>
        <LastChange>2023-07-28T01:38:15.545+02:00</LastChange>
        <TranskribusMetadata docId="1428131" pageId="55384052" pageNr="41" tsid="131312699" status="IN_PROGRESS" userId="64420" imgUrl="https://files.transkribus.eu/Get?id=IQTBSEQKFBCBLXAGUODHAVVC&amp;fileType=view" xmlUrl="https://files.transkribus.eu/Get?id=QECHHTGWOCTUKUIJVUEOYRXA" imageId="44658956"/>
    </Metadata>
    <Page imageFilename="1428131_0041.jpg" imageWidth="6168" imageHeight="4168">
        <ReadingOrder>
            <OrderedGroup id="ro_1711824806822" caption="Regions reading order">
                <RegionRefIndexed index="0" regionRef="tr_1"/>
                <RegionRefIndexed index="1" regionRef="tr_2"/>
            </OrderedGroup>
        </ReadingOrder>
        <TextRegion id="tr_1" custom="readingOrder {index:0;}">
            <Coords points="1182,559 5851,559 5851,2476 1182,2476"/>
            <TextLine id="tr_1_tl_1" custom="readingOrder {index:0;}">
                <Coords points="1170,646 1213,649 1258,621 1318,638 1338,629 1424,681 1484,652 1553,646 1550,500 1519,495 1461,529 1413,506 1327,566 1267,549 1238,521 1167,543"/>
                <Baseline points="1182,609 1271,609 1361,609 1451,609 1540,615 1558,615"/>
                <TextEquiv>
                    <Unicode>P.S.V.</Unicode>
                </TextEquiv>
            </TextLine>
            <TextLine id="tr_1_tl_2" custom="readingOrder {index:1;}">
                <Coords points="3749,646 3781,652 3827,638 3847,655 3878,644 3904,649 3912,521 3875,518 3838,489 3827,495 3815,483 3758,480"/>
                <Baseline points="3767,615 3821,615 3911,609"/>
                <TextEquiv>
                    <Unicode>e</Unicode>
                </TextEquiv>
            </TextLine>
            <TextLine id="tr_1_tl_3" custom="readingOrder {index:2;}">
                <Coords points="4756,635 4779,632 4819,649 4873,635 4896,644 4956,615 4976,621 4988,423 4945,423 4928,438 4888,449 4876,440 4842,458 4825,446 4768,446"/>
                <Baseline points="4771,626 4806,626 4896,621 4986,615"/>
                <TextEquiv>
                    <Unicode>B7 I</Unicode>
                </TextEquiv>
            </TextLine>
            <TextLine id="tr_1_tl_4" custom="readingOrder {index:3;}">
                <Coords points="3564,784 5754,781 5751,655 5494,658 5342,558 4750,698 4430,595 3561,664"/>
                <Baseline points="3576,740 3666,734 3755,728 3845,734 3935,734 4024,734 4114,734 4203,734 4293,740 4382,740 4472,740 4562,746 4651,746 4741,746 4830,752 4920,752 5009,752 5099,752 5189,752 5278,758 5368,752 5457,752 5547,752 5636,752 5726,758 5762,758"/>
                <TextEquiv>
                    <Unicode>geradezu Unheimliches, das ihm leise Erschauern</Unicode>
                </TextEquiv>
            </TextLine>
            <TextLine id="tr_1_tl_5" custom="readingOrder {index:4;}">
                <Coords points="3561,918 3941,998 4447,904 5820,947 5817,766 4367,867 4035,769 3558,784"/>
                <Baseline points="3576,883 3666,889 3755,889 3845,889 3935,883 4024,889 4114,889 4203,895 4293,895 4382,895 4472,901 4562,895 4651,901 4741,901 4830,901 4920,901 5009,907 5099,901 5189,907 5278,907 5368,907 5457,907 5547,907 5636,907 5726,907 5816,913 5828,913"/>
                <TextEquiv>
                    <Unicode>machte, als wenn zwischen zwei getrennten Welten</Unicode>
                </TextEquiv>
            </TextLine>
            <TextLine id="tr_1_tl_6" custom="readingOrder {index:5;}">
                <Coords points="4462,984 4699,990 4748,972 4768,992 4925,1004 5051,981 5054,927 4908,907 4871,932 4805,912 4770,935 4696,932 4665,909 4613,924 4464,904"/>
                <Baseline points="4478,979 4520,973 4609,973 4699,973 4789,967 4878,967 4968,967 5057,967"/>
                <TextEquiv>
                    <Unicode>He is a hour</Unicode>
                </TextEquiv>
            </TextLine>
            <TextLine id="tr_1_tl_7" custom="readingOrder {index:6;}">
                <Coords points="3566,1081 5451,1110 5694,1095 5694,984 3566,1001"/>
                <Baseline points="3582,1039 3672,1044 3761,1044 3851,1039 3941,1044 4030,1044 4120,1044 4209,1044 4299,1050 4388,1050 4478,1050 4568,1050 4657,1050 4747,1050 4836,1056 4926,1056 5015,1056 5105,1056 5195,1056 5284,1056 5374,1062 5463,1056 5553,1062 5642,1062 5702,1068"/>
                <TextEquiv>
                    <Unicode>eine unsichtbare Wand lautlos zusammenstürzte</Unicode>
                </TextEquiv>
            </TextLine>
            <TextLine id="tr_1_tl_8" custom="readingOrder {index:7;}">
                <Coords points="3569,1218 5783,1250 5780,1127 5660,1084 4522,1170 3566,1115"/>
                <Baseline points="3582,1194 3672,1194 3761,1194 3851,1194 3941,1200 4030,1200 4120,1206 4209,1206 4299,1206 4388,1212 4478,1212 4568,1212 4657,1206 4747,1206 4836,1206 4926,1212 5015,1212 5105,1212 5195,1212 5284,1212 5374,1212 5463,1212 5553,1218 5642,1218 5732,1218 5786,1224"/>
                <TextEquiv>
                    <Unicode>und das Spiel auf den Brettern sich rettungslos</Unicode>
                </TextEquiv>
            </TextLine>
            <TextLine id="tr_1_tl_9" custom="readingOrder {index:8;}">
                <Coords points="4035,1304 4073,1296 4096,1313 4124,1304 4136,1313 4196,1301 4224,1310 4336,1301 4339,1241 4281,1244 4244,1227 4141,1250 4113,1233 4078,1236 4038,1221"/>
                <Baseline points="4054,1289 4078,1289 4168,1289 4257,1289 4347,1283"/>
                <TextEquiv>
                    <Unicode>ment</Unicode>
                </TextEquiv>
            </TextLine>
            <TextLine id="tr_1_tl_10" custom="readingOrder {index:9;}">
                <Coords points="3566,1367 5809,1410 5809,1273 5720,1233 4945,1318 3566,1296"/>
                <Baseline points="3582,1349 3672,1349 3761,1349 3851,1349 3941,1349 4030,1349 4120,1355 4209,1355 4299,1355 4388,1355 4478,1355 4568,1355 4657,1355 4747,1355 4836,1361 4926,1361 5015,1361 5105,1367 5195,1367 5284,1367 5374,1367 5463,1367 5553,1367 5642,1367 5732,1373 5816,1361"/>
                <TextEquiv>
                    <Unicode>als das entpuppte was es war, als etwas Unwirkli-</Unicode>
                </TextEquiv>
            </TextLine>
            <TextLine id="tr_1_tl_11" custom="readingOrder {index:10;}">
                <Coords points="3555,1516 5317,1533 5691,1624 5689,1459 5534,1396 5079,1464 4865,1379 4636,1467 4141,1410 3555,1456"/>
                <Baseline points="3570,1504 3660,1504 3750,1504 3839,1504 3929,1504 4018,1510 4108,1510 4197,1510 4287,1510 4376,1510 4466,1510 4556,1510 4645,1516 4735,1510 4824,1516 4914,1516 5003,1516 5093,1516 5183,1522 5272,1522 5362,1522 5451,1522 5541,1522 5630,1522 5696,1522"/>
                <TextEquiv>
                    <Unicode>ches.Erfundenes und gerade dadurch wieder als</Unicode>
                </TextEquiv>
            </TextLine>
            <TextLine id="tr_1_tl_12" custom="readingOrder {index:11;}">
                <Coords points="3549,1676 5654,1707 5654,1619 5434,1559 3549,1613"/>
                <Baseline points="3564,1660 3654,1660 3744,1660 3833,1660 3923,1660 4012,1666 4102,1666 4191,1666 4281,1666 4371,1671 4460,1671 4550,1671 4639,1671 4729,1671 4818,1671 4908,1671 4998,1671 5087,1671 5177,1671 5266,1677 5356,1677 5445,1683 5535,1689 5625,1689 5660,1683"/>
                <TextEquiv>
                    <Unicode>etwas durdhaus Anderes, Gleichberechtigtes, ja</Unicode>
                </TextEquiv>
            </TextLine>
            <TextLine id="tr_1_tl_13" custom="readingOrder {index:12;}">
                <Coords points="4730,1750 4816,1756 4845,1785 5039,1773 5074,1802 5139,1773 5268,1788 5308,1756 5391,1756 5391,1690 5368,1685 5325,1705 5251,1687 5177,1716 4971,1676 4733,1696"/>
                <Baseline points="4747,1749 4771,1749 4860,1749 4950,1749 5039,1749 5129,1737 5218,1737 5308,1731 5398,1725"/>
                <TextEquiv>
                    <Unicode>Mume is a</Unicode>
                </TextEquiv>
            </TextLine>
            <TextLine id="tr_1_tl_14" custom="readingOrder {index:13;}">
                <Coords points="3561,1828 5480,1845 5849,1916 5800,1753 5074,1799 3561,1719"/>
                <Baseline points="3576,1809 3666,1815 3755,1821 3845,1821 3935,1821 4024,1821 4114,1821 4203,1821 4293,1821 4382,1821 4472,1821 4562,1827 4651,1827 4741,1827 4830,1827 4920,1833 5009,1833 5099,1833 5189,1833 5278,1839 5368,1833 5457,1833 5547,1833 5636,1839 5726,1839 5816,1845 5851,1845"/>
                <TextEquiv>
                    <Unicode>Ueberlebendiges (sich zu erkennen gab.) Dieser Herr</Unicode>
                </TextEquiv>
            </TextLine>
            <TextLine id="tr_1_tl_15" custom="readingOrder {index:14;}">
                <Coords points="3549,1991 5617,2042 5766,2022 5766,1896 5297,1836 4719,1945 3546,1845"/>
                <Baseline points="3564,1964 3654,1970 3744,1970 3833,1970 3923,1970 4012,1976 4102,1976 4191,1976 4281,1976 4371,1976 4460,1982 4550,1982 4639,1976 4729,1976 4818,1976 4908,1982 4998,1982 5087,1982 5177,1988 5266,1988 5356,1988 5445,1994 5535,1994 5625,1994 5714,2000 5774,2000"/>
                <TextEquiv>
                    <Unicode>Wendelstein(so hiess der unfertige kleine Mime)</Unicode>
                </TextEquiv>
            </TextLine>
            <TextLine id="tr_1_tl_16" custom="readingOrder {index:15;}">
                <Coords points="3535,2159 5769,2202 5834,2068 5488,1996 4748,2053 4227,1991 3864,2082 3532,2016"/>
                <Baseline points="3552,2125 3642,2125 3732,2125 3821,2125 3911,2125 4000,2125 4090,2125 4179,2131 4269,2131 4359,2131 4448,2137 4538,2137 4627,2137 4717,2137 4806,2137 4896,2143 4986,2137 5075,2137 5165,2143 5254,2143 5344,2143 5433,2143 5523,2143 5613,2155 5702,2149 5792,2143 5839,2149"/>
                <TextEquiv>
                    <Unicode>hatte der den Lerse gespielt, hatte nicht eigent-</Unicode>
                </TextEquiv>
            </TextLine>
            <TextLine id="tr_1_tl_17" custom="readingOrder {index:16;}">
                <Coords points="3549,2299 5331,2380 5766,2314 5763,2239 5288,2176 4999,2262 4459,2148 3798,2248 3546,2199"/>
                <Baseline points="3564,2281 3654,2281 3744,2281 3833,2281 3923,2281 4012,2281 4102,2281 4191,2287 4281,2287 4371,2287 4460,2292 4550,2292 4639,2292 4729,2292 4818,2292 4908,2292 4998,2298 5087,2298 5177,2298 5266,2298 5356,2298 5445,2298 5535,2298 5625,2304 5714,2298 5774,2298"/>
                <TextEquiv>
                    <Unicode>lich der Franz Lerse den Herrn Wendelstein ge-</Unicode>
                </TextEquiv>
            </TextLine>
            <TextLine id="tr_1_tl_18" custom="readingOrder {index:17;}">
                <Coords points="3549,2445 5766,2485 5706,2371 5162,2342 4367,2397 4064,2308 3546,2397"/>
                <Baseline points="3564,2430 3654,2436 3744,2436 3833,2436 3923,2436 4012,2442 4102,2436 4191,2442 4281,2442 4371,2448 4460,2442 4550,2448 4639,2448 4729,2448 4818,2448 4908,2448 4998,2448 5087,2448 5177,2454 5266,2454 5356,2454 5445,2454 5535,2460 5625,2460 5714,2460 5774,2466"/>
                <TextEquiv>
                    <Unicode>spielt und zwar geradeso schlecht wie früher der</Unicode>
                </TextEquiv>
            </TextLine>
        </TextRegion>
        <TextRegion id="tr_2" custom="readingOrder {index:1;}">
            <Coords points="3493,2535 5851,2535 5851,3861 3493,3861"/>
            <TextLine id="tr_2_tl_1" custom="readingOrder {index:0;}">
                <Coords points="3535,2608 4699,2680 5019,2603 5814,2637 5812,2540 5714,2520 4221,2528 3535,2440"/>
                <Baseline points="3552,2585 3642,2585 3732,2591 3821,2591 3911,2591 4000,2591 4090,2597 4179,2591 4269,2597 4359,2597 4448,2597 4538,2597 4627,2603 4717,2603 4806,2603 4896,2603 4986,2603 5075,2603 5165,2603 5254,2609 5344,2609 5433,2609 5523,2615 5613,2615 5702,2615 5792,2621 5822,2621"/>
                <TextEquiv>
                    <Unicode>Herr Wendelsetin den Lerse oder noch schlechter.</Unicode>
                </TextEquiv>
            </TextLine>
            <TextLine id="tr_2_tl_2" custom="readingOrder {index:1;}">
                <Coords points="3478,2817 3847,2757 5720,2786 5677,2657 5248,2706 4888,2611 4596,2711 4296,2611 3475,2608"/>
                <Baseline points="3493,2734 3582,2740 3672,2740 3761,2746 3851,2746 3941,2746 4030,2746 4120,2746 4209,2752 4299,2752 4388,2752 4478,2752 4568,2758 4657,2758 4747,2758 4836,2758 4926,2758 5015,2764 5105,2758 5195,2764 5284,2764 5374,2764 5463,2764 5553,2764 5642,2764 5726,2776"/>
                <TextEquiv>
                    <Unicode>Waren sie wirklich die gleichen und dieselben?</Unicode>
                </TextEquiv>
            </TextLine>
            <TextLine id="tr_2_tl_3" custom="readingOrder {index:2;}">
                <Coords points="3561,2911 5737,2986 5717,2791 5460,2860 5039,2766 3855,2826 3558,2754"/>
                <Baseline points="3576,2878 3666,2890 3755,2896 3845,2902 3935,2902 4024,2908 4114,2908 4203,2908 4293,2908 4382,2902 4472,2908 4562,2908 4651,2914 4741,2914 4830,2914 4920,2914 5009,2914 5099,2914 5189,2919 5278,2914 5368,2919 5457,2919 5547,2925 5636,2925 5726,2931 5744,2931"/>
                <TextEquiv>
                    <Unicode>Wer war wirklich und wer war es nicht? Mit dem</Unicode>
                </TextEquiv>
            </TextLine>
            <TextLine id="tr_2_tl_4" custom="readingOrder {index:3;}">
                <Coords points="4390,3014 4413,3014 4419,3020 4456,3000 4545,3003 4545,2943 4530,2943 4522,2934 4479,2937 4462,2923 4444,2923 4439,2917 4430,2917 4407,2934 4390,2934"/>
                <Baseline points="4406,2979 4496,2979 4550,2979"/>
                <TextEquiv>
                    <Unicode>o</Unicode>
                </TextEquiv>
            </TextLine>
            <TextLine id="tr_2_tl_5" custom="readingOrder {index:4;}">
                <Coords points="3549,3069 5829,3115 5826,3023 5586,2954 3987,3026 3549,2946"/>
                <Baseline points="3564,3045 3654,3051 3744,3057 3833,3057 3923,3057 4012,3057 4102,3057 4191,3063 4281,3063 4371,3063 4460,3063 4550,3069 4639,3063 4729,3069 4818,3069 4908,3069 4998,3069 5087,3069 5177,3075 5266,3075 5356,3075 5445,3075 5535,3081 5625,3081 5714,3081 5804,3087 5834,3087"/>
                <TextEquiv>
                    <Unicode>Verstand wusste er es wohl, dass Herr Wendelstein</Unicode>
                </TextEquiv>
            </TextLine>
            <TextLine id="tr_2_tl_6" custom="readingOrder {index:5;}">
                <Coords points="3549,3238 5617,3235 5797,3300 5797,3095 3549,3123"/>
                <Baseline points="3564,3212 3654,3212 3744,3212 3833,3212 3923,3212 4012,3212 4102,3212 4191,3218 4281,3218 4371,3218 4460,3218 4550,3218 4639,3218 4729,3224 4818,3224 4908,3224 4998,3224 5087,3218 5177,3224 5266,3224 5356,3230 5445,3230 5535,3230 5625,3236 5714,3236 5804,3230"/>
                <TextEquiv>
                    <Unicode>der Wirkliche war, dass er sich nur für eine hal-</Unicode>
                </TextEquiv>
            </TextLine>
            <TextLine id="tr_2_tl_7" custom="readingOrder {index:6;}">
                <Coords points="5082,3306 5108,3306 5117,3315 5137,3306 5148,3315 5162,3303 5168,3309 5182,3306 5194,3318 5202,3312 5217,3315 5237,3300 5265,3298 5268,3235 5234,3232 5222,3243 5194,3243 5159,3263 5108,3252 5085,3255"/>
                <Baseline points="5099,3296 5183,3296 5272,3290"/>
                <TextEquiv>
                    <Unicode>in</Unicode>
                </TextEquiv>
            </TextLine>
            <TextLine id="tr_2_tl_8" custom="readingOrder {index:7;}">
                <Coords points="3549,3372 5843,3418 5843,3309 5563,3255 5165,3329 4296,3226 3549,3289"/>
                <Baseline points="3564,3355 3654,3361 3744,3361 3833,3361 3923,3361 4012,3367 4102,3367 4191,3367 4281,3367 4371,3367 4460,3367 4550,3367 4639,3367 4729,3367 4818,3373 4908,3373 4998,3373 5087,3373 5177,3379 5266,3379 5356,3373 5445,3379 5535,3379 5625,3379 5714,3379 5804,3379 5851,3373"/>
                <TextEquiv>
                    <Unicode>be Stunde als Lerse verkleidet, dass er nur einge-</Unicode>
                </TextEquiv>
            </TextLine>
            <TextLine id="tr_2_tl_9" custom="readingOrder {index:8;}">
                <Coords points="5454,3478 5506,3466 5537,3478 5551,3463 5568,3472 5588,3463 5620,3489 5666,3461 5683,3475 5703,3466 5731,3472 5751,3466 5754,3421 5723,3415 5709,3426 5663,3392 5571,3429 5543,3429 5497,3403 5457,3415"/>
                <Baseline points="5469,3463 5487,3463 5577,3457 5666,3451 5756,3457"/>
                <TextEquiv>
                    <Unicode>wohnen</Unicode>
                </TextEquiv>
            </TextLine>
            <TextLine id="tr_2_tl_10" custom="readingOrder {index:9;}">
                <Coords points="3544,3538 5780,3558 5780,3478 5288,3401 3544,3443"/>
                <Baseline points="3558,3523 3648,3517 3738,3517 3827,3517 3917,3517 4006,3523 4096,3523 4185,3523 4275,3523 4365,3523 4454,3523 4544,3529 4633,3529 4723,3529 4812,3529 4902,3529 4992,3529 5081,3529 5171,3529 5260,3529 5350,3535 5439,3535 5529,3535 5619,3535 5708,3535 5786,3541"/>
                <TextEquiv>
                    <Unicode>lernte Worte gesprochen hatte. Und doch - diese</Unicode>
                </TextEquiv>
            </TextLine>
            <TextLine id="tr_2_tl_11" custom="readingOrder {index:10;}">
                <Coords points="3535,3744 5277,3695 5500,3764 5654,3729 5654,3581 4447,3532 3535,3621"/>
                <Baseline points="3552,3678 3642,3678 3732,3678 3821,3678 3911,3678 4000,3678 4090,3678 4179,3684 4269,3684 4359,3678 4448,3684 4538,3678 4627,3684 4717,3678 4806,3684 4896,3684 4986,3684 5075,3684 5165,3684 5254,3684 5344,3684 5433,3690 5523,3690 5613,3690 5660,3696"/>
                <TextEquiv>
                    <Unicode>paar Worte lang mit dem komischen Knebelbart</Unicode>
                </TextEquiv>
            </TextLine>
            <TextLine id="tr_2_tl_12" custom="readingOrder {index:11;}">
                <Coords points="3535,3867 5623,3895 5797,3867 5797,3712 5434,3792 4270,3778 4133,3692 3535,3747"/>
                <Baseline points="3552,3827 3642,3827 3732,3827 3821,3827 3911,3827 4000,3833 4090,3833 4179,3839 4269,3839 4359,3839 4448,3839 4538,3839 4627,3833 4717,3833 4806,3833 4896,3839 4986,3839 5075,3839 5165,3839 5254,3839 5344,3839 5433,3845 5523,3845 5613,3845 5702,3845 5792,3851 5804,3851"/>
                <TextEquiv>
                    <Unicode>und dem lächerlichen Kostüm, das ihm offenwar zu</Unicode>
                </TextEquiv>
            </TextLine>
        </TextRegion>
    </Page>
</PcGts>
