6024 4088
3861 215 4164 308 -
4097 233 4696 520 P. v. St. A.
3332 483 5510 736 legentliche Fortsetzung Dobolt bescheiden, aber
3347 677 4940 855 lebhaft zu erbitten sich erlaubte.
3794 814 5550 1058 Tag darauf stand in der Abendzeitung
3341 986 5498 1166 ein Artikel zu lesen,der unter der Aufschrift
3347 1157 5568 1358 "Die Tragödie des Komakers" nicht nur einen aus-
3347 1349 5489 1526 führlichen xxxixxx wenig zutreffenden Bericht
3774 1436 4178 1553 Rankherl
3320 1486 5405 1631 über den Fall des Matthäus Schwarz und eine
4783 1608 5103 1713 dicten.
3320 1660 5568 1826 stimmungsvolle Schilderung der klinischen Räume,
3323 1785 5658 1951 sowie ihrer Insassen, von melancholischen, Tobsüch-
3323 1904 5446 2090 tigen, stumpfsinnigen Männern und liebestollen
3312 2128 5521 2265 Frauen enthielt, sondern auch den grossen Irren-
3309 2195 5565 2413 arzt selbst,den Dobolt nur zwischen Tür und An¬
3995 2370 4254 2486 blgge
3317 2355 5652 2591 gel flüchtig gesehen, als eine Art von gütig weisen
3297 2500 5437 2736 Magier schilderte, der verwunschene Seelei aus
3323 2704 5469 2899 verschütteten Tiefen des Wahns zu Vernunft und
4446 2852 4696 2948 in pb
3300 2826 5530 3044 Klarheit emporzuführen versuchte. Doktor Rudolf
3291 2989 5425 3175 Forlan, von seinem Chef, einem abgesagten Feind
3303 3128 5559 3329 der Oeffentlichkeit und ganz besonders der Jour-
3297 3283 5556 3509 nalisten, zur Rede gestellt, erklärte zuerst wahr-
3285 3437 5361 3713 heitsgemäss, dass der Verfasser des Berichtes
