6024 4120
3415 400 5733 639 erhaltener Erlaubnis nur ganz
3415 621 5712 783 kurze Zeit bei dem Kranken, der heute völlig teil-
3403 774 5557 965 nahmslos in seinem vergitterten Bette kaueind,
3409 950 5667 1120 den àlten Freund nicht zu erkennen schien, zeigte
3406 1081 5616 1273 aber das lebhafteste Interesse nicht nur an dem
4714 1222 5309 1338 secret well.
3397 1270 5611 1455 Fall des Matthäus Schwarz, sondern an der ganzen
3403 1341 5587 1554 Ein ungewohnten Umgebung, durchschritt dann Ein
4562 1530 5085 1649 durchstellt.
3403 1580 5697 1778 des jungen Arztens Seite die Krankenzimmer und da
3364 1715 5709 1870 und dort, wo eben der Ausdruck eines Gesichtes ihn
3391 1855 5700 2017 besonders fesselte, stellte er teilnahmsvolle Fra-
4442 1993 4649 2091 Porlu
3397 1993 5599 2211 gen richtete er an seinen Begleiter teilnahms¬
4559 2154 5413 2259 ge nach dem be
3391 2169 5688 2381 volle Fragen aller Art, die diesem laien-
3848 2282 4006 2381 it be
3376 2351 5631 2477 haft, manchmal indiskret,oder originell erschie-
4681 2465 4923 2563 lyar
3385 2489 5455 2683 nen. An der Ausgangstür begegnete den Beiden
3379 2638 5628 2850 der Chef,mass den Unbekannten mit einem flüchtig
3373 2760 5637 3011 strengen Blick, der ehrerbietig-unbefangen erwie-
3373 2928 5667 3161 dert wurde. Auf dem Weg durch den Garten bedankte
3367 3092 5700 3298 sich Dobolt sehr herzlich bei Rudolf, erwähnte bei-
3361 3250 5664 3427 läufig ein Buch von Lombroso über Genie und Wahn-
3654 3370 4272 3477 i - es enlije
4888 3400 5201 3510 angeregte
3355 3439 5757 3612 sinn, das er kürzlich gelesen, ein lebhaftes Gespräch
3480 3510 4039 3624 ab. d. Gu. +
3352 3546 5655 3815 über dieses Thema knüpfte sich daran dessen ge-
