6008 4136
4573 379 5762 622 ndre Croyay de Blume Ses
3439 556 5691 716 sich über eine Seitentreppe zu dem kleinen Saal.
3413 647 5574 830 (Dort hatie die Veranstaltung schon (eine halbe
3436 798 5606 1038 Stunde früher begonnen, mit anderen verspäteten
4365 947 4665 1044 mochten
3441 1004 5734 1195 Besuchern stenden die beiden jungen Leute
3504 1112 5261 1200 we Psent in the Cp ueles, at de thure est
3422 1200 5637 1334 vor der Türe; diepe tat sich kltzlisk plötzlich
3610 1217 4308 1354 that had cipin
3422 1277 5620 1514 auf, denn ein verfrühten Applaus (den Schluss eines
3419 1428 5534 1659 Aktes anzukündigen schien und so begaben sich
3422 1582 5432 1751 Claudius und Rudolf auf ihre.Plätze,während
4898 1745 5685 1856 seems cile séjus
3422 1745 5514 1982 auf der kleinen Bühne das Spiel noch im Gange
4442 1876 4596 1973 ihn
3424 1873 5594 2076 war. Die Atmosphäre, die nun umfing,und von der
3407 2024 5648 2230 einen Hauch schon in den Vorräumen verspürt hat-
3721 2164 3883 2255 the
4679 2190 4833 2258 cpt.
3347 2201 5406 2426 te, empfand Rudolf als töchst ohltuend. Er
3413 2386 4693 2560 liebte diese Atmosphäre von
4802 2389 5606 2546 umen, in denen für
3407 2503 5563 2692 eine mehr oder minder festlieb gestimmte Menge
3382 2692 5566 2826 Musik gemacht oder Theater gespielt wurde,
3692 2789 4177 2911 wie imme
3402 2843 5460 3057 dieser seltsam gemischte Geruch von Blumen,
3402 2917 5423 3153 Samt, Parfüm, Feiertagsgewändern, und allerlei
4676 3088 5722 3250 mentl its en weis beur
3382 3171 5446 3307 menschlichen Ausdünstungen xxx angenehm.
3647 3279 4816 3364 Auf die mich wierens solle xxx
3384 3336 5537 3504 Die Beleuchtung in ihrem Wechsel, der Glanz der
3376 3467 5634 3664 Luster,die roten Lämpchen über den Ausgängen,die
4901 3590 5109 3707 van
3382 3575 5503 3815 oft scharfe und sich doch immer verwischende
3370 3752 5546 3929 Grenze zwischen dem für die Zuhörer bestimmten
