6168 4120
3529 387 5683 608 Die Bühne stellte einen Rokokosaal vor, der (in
3544 589 5723 764 jedem Falle den Anspruch erhob als prächtig zu
5484 727 5745 832 bli...
3541 746 5766 927 gelten. An der Rückwand starrte ein hoher grau-
3547 905 5717 1059 er Spiegel, der es sich natürlich nicht gestat-
3547 1056 5828 1304 ten durfte wirklich ein Bild zurückzuwerfen. Auf
3566 1270 5864 1399 einer mit blauem Damast überspannten Chaiselongue
3535 1356 5766 1605 ruhte eine Dame mit einem Suppengesicht und ei-
3547 1547 5791 1679 ner grossen weissen Perücke in kostbarer Seiden-
3535 1666 5778 1906 robe, brillantengeschmückt und fragte: "Alsosahst
3535 1829 5778 2007 du sie? Wird sie kommen?" —Ein junges Mädchen,
4345 1973 4514 2068 M4
3523 1970 5812 2145 zierlich, einfach, xxxx in dunkler
4115 2130 4689 2234 de la née
3351 2136 5812 2314 de Kammerzofer (tracht), erwiderte: "Diesen Augenblick.
3535 2289 5683 2550 Sie war noch im Hausgewand und wollte siehnur
3560 2443 5168 2630 in der Geschwindigkeit umkleiden".
3916 2575 5778 2789 Es war eine sonderbar dunkle Stimme, die
3554 2734 5778 2915 zugleich unwirsch klang, wie es eigentlich einer
4563 2915 4931 3010 l'une car
3547 2915 5861 3072 Äkmmerzofe gegenüber der Lady Milfort nicht recht
3554 3072 5785 3287 anstand. (Und als die Lady weiterfragte, wie sich
3554 3207 5812 3391 Louise Millerin bei der Einladung benommen habe,
3566 3373 5772 3544 erwiderte die Kleine etwas ungeduldig, als hätte
3547 3483 5861 3725 sie eigentlich keine Lust und keinen Inlass sich
