6305 4008
5677 181 5887 370 111
5150 397 5387 548 Mart
3734 435 5999 675 Man einigte sich auf eines der Brandenburgischen
3746 625 5848 862 Konzerte; (es ging vorzüglich) die Mutter hörte
3758 797 5931 1001 beglückt zu, der Vater hatte sich in das benach-
3758 954 5925 1116 barte Ordinations-und Studierzimmer zurückgezo-
3749 1155 5994 1333 gen, aber die Türe offen gelassen,so dass die Tö-
3740 1294 6041 1492 ne zu ihm drangen,während er bei der grünbeschhirm
3737 1442 6020 1658 ten Studierlampe ein medizinisches Journal durch-
3752 1552 4235 1741 blätterte.
4143 1688 6088 1913 Schon lange nicht hatte Rudolf das Eltern
5058 1839 5280 1943 l'inta
4599 1845 4818 1940 buité
3731 1842 5967 2070 haus in einer so zufriedenen Stimmung verlassen
3728 2017 6008 2251 und wenn etwas sie trübte war es nur die Erkennt-
3722 2168 5896 2328 nis, dass er nicht oft genug seine Ungeduld und
3716 2310 5949 2556 Reizbarkeit im Familienkreis zu beherrschen ver-
3716 2464 5848 2701 mochte,die aus dem Gefühl seiner finanziellen
3728 2636 5946 2807 Abhängigkeit her stammte und sich in unfreundli-
3734 2781 5982 3006 cher, zuweilen störriger Laune kundgab. (Vor allem
4187 2920 5090 3041 Sieur Geld sehr
3349 2778 3669 3071 "by
3746 2961 5896 3163 aber fühlte er sich seiner Schwester gegenüber,
5591 3083 5902 3154 Man
3722 3095 6103 3248 schuldig;- als wenn es in seiner
3705 3231 5922 3405 Macht gestanden wäre sie, nicht nur aus der Enge
3705 3364 6005 3577 ihres bürgerlichen Mädchendaseins, das nun allmäh-
