5992 4136
4470 496 4746 664 pett.
3699 559 5564 828 Claudius Dobolt war nicht mehr an seiner
3360 723 5445 950 Seite. Rudolf, der ihn unwillkürlich im Saale
3363 894 5637 1097 suchte, san ihn im Seitengang mit einer Dame plau-
3360 1041 4949 1240 dern, (die einen Ecksitz inne hatte)
4945 1128 5190 1278 dabei
3765 1208 5518 1376 Auf dem Sitz gerade vor Rudolf Forlan
3370 1338 5553 1582 sass eine junge Dame, die  bald den Theaterzettel
4565 1484 4739 1575 neil
3210 1491 5619 1736 der für, bald in xxx Richtung des Eingangstüre schau¬
3370 1666 5644 1868 te, als erwarte sie jemand. (Ihr scharf geschnitte-
3363 1813 5522 2040 nes, aber zugleich mildes Profil fiel ihm dabei
3377 1966 5557 2169 auf. Sie war einfach, fast mit zu viel Schlicht-
3377 2102 5612 2319 heit gekleidet. Der runde Ausschnitt des Kleides
3370 2298 5434 2504 war durch eine etwas altmodische Brosche ge-
3381 2410 5571 2609 schlossen,ein schmaler goldener Reif umschloss
4205 2563 4446 2647 in die
3363 2574 5654 2742 ihr Handgelenk. Die schlanke Zartheit ihrer Hand,
3388 2721 5644 2955 insbesondere aber die bis zur Steifheit vornehme
5103 2864 5473 2955 V.Mamts.
3360 2892 5679 3056 Haltung des Oberkörpers liess Rudolf ohne weitere
4816 3021 5494 3133 de ved Creslok
2892 2944 3276 3182 in kleine
2867 3042 5679 3304 ### ausreichende Gründe an eine Dame von kleinen Adel
3388 3185 5235 3398 denken; wenn nicht nach einer Gewohnheit,
3007 3245 3252 3367 Avec
4247 3227 5571 3419 samml in den Erzteresse blicke
3891 3367 5585 3552 Als das Klingelzeichen tönte schaute
3377 3513 5508 3695 sie noch ungeduldiger, ja fast schon ärgerlich
3370 3650 5501 3831 nach der Türe hin, unwillkürlich folgte Rudolf
