6128 4056
5593 279 5750 442 90
3551 428 5804 704 Eleganz. Claudius begleitete den jungen Arzt bis
3554 680 5724 849 zum Tor des Krankenhauses, aber ehe dieser noch
3568 825 5762 977 di e Glocke zog, bemerkte slaudius durchaus ohne
3551 950 5759 1110 Verlegenheit:“ (Da Sie ja Mäzen sind, Herr Doktor
3557 1158 5682 1282 darf ich Sie vielleicht bitten mir bis morgen
3536 1259 5421 1487 Mittag mit ein paar Gulden auszuhelfen?"
4049 1434 4990 1565 "Aber mit Vergnügen.
4055 1562 5926 1758 "Nicht etwa, weil ich mir einen Wagen neh-
4795 1701 5080 1802 genotzt
3551 1722 5798 1945 men wollte, sondern weil ich in einem Hotel über-
3551 1882 5845 2072 nachten muss. O, ich bin nicht obdachlos, Herr Dok-
3551 2028 5893 2188 tor, aber es gibt Nächte, in denen man unmöglich mit
4468 2155 4792 2241 dewelt
3848 2161 4052 2244 him to
3551 2185 5887 2363 zwei Brüsern in einem Zimmer schlafen kann, man mag
3554 2342 5854 2503 sie noch so sehr lieben. Danke. Morgenpunkt zwölf
3562 2506 5932 2693 Uhr.. Sie können sich darauf verlassen." Er steckte
3557 2642 5938 2817 eine Fünfgulden-Banknote etwas zu nonchalant in die
3562 2847 5525 2969 Westentasche, dann wandte er sich und ging.
4038 2995 5887 3117 Das Tor des Krankenhauses tat sich auf,
3539 3144 5920 3260 in einex Viertelstunde darauf lag Rudolf in seinem
3557 3275 5914 3468 etwas zu schmalen Bett, las noch ein paar Zeilen
3554 3393 5908 3607 Charcot und schlief xxx bald ein. Eigentlich hatte
3545 3545 5893 3755 er sich vorher messen wollen, aber wenn er auch ein
