6290 4056
3384 222 3658 518 1929
5587 429 5789 567 106
3758 539 6031 786 über die literarischen und Moralbegriffe der Grä-
2344 769 2497 924 G.C.H.F.F:P.S.
3753 783 6054 982 fin, die es nicht eben nötig habe sich sittlich zu
3758 956 6071 1100 entrüsten. Sie hatte offenbar die eigenen Jugend
3758 1117 6045 1305 erlebnisse vergessen und einige aus späterer Zeit
3741 1259 5956 1466 gleichfalls. Im übrigen sei an der
3747 1414 5904 1601 üblen Stimmung der Gräfin vor allem ein Neuen-
3750 1564 5970 1774 gagement schuld - die erste Tat des neuen Direk-
3758 1696 5904 1895 tors - Fräulein Roveda vom Residenztheater,je-
3747 1849 5835 2016 denfalls eine gefährliche Rivalin der Gräfin
3747 2007 5939 2241 in jeder Beziehung und um zwanzig Jahre jünger.
5299 2151 5498 2249 u k
3753 2148 5910 2385 Ganz beiläufig erwähnte er, dass sie früher dem
3747 2301 5982 2491 neuen Direktor sehr nahe gestanden sei und jetzt
3727 2477 5933 2635 mit Dilenz in mehr oder minder zarten Beziehun-
3738 2624 5314 2843 gen stehe (wie er sich ausdrückte.
4101 2788 6074 2961 Rudolf vermied es die Schwester anzusehen;
3914 2874 4620 3004 Kurtz mit denken
3735 2923 5904 3116 er wusste ohnedies, dass sie blass geworden war
3738 3073 6013 3312 und fragte sich, warum der Vater nicht darauf ver¬
3730 3240 5809 3430 zichtet hatte auch dieses Gerüchts - ob wahr
3747 3370 5826 3565 oder unwahr - am Familientische Erwähnung zu
3744 3534 5910 3761 tun. Indess war es durchaus möglich, dass er in
