5992 4088
347 1207 2373 1585 Mollte es nicht tiefen, at mir is
484 1467 1557 1663 H. sehr seit.
4844 458 5025 562 die
5188 436 5403 559 mille
3547 500 5696 643 harmlose Verkühlung und in nicht ein-
3547 612 5696 794 mal ganz unverdiente Folge einer etwas unso-
4947 777 5288 892 du cet
3558 838 5598 953 liden Lebensführung erkennen, kurz, eine unbe¬
3564 998 5545 1110 trächtliche Gesundheitsstörung,die am Ende
4539 1076 4726 1179 d.J.
3547 1132 5657 1277 mit ein paar Wochen häuslicher Pflege erle-
4067 1221 4360 1333 würde;
3550 1275 5551 1473 digt sein könnte und erst der Erimarius der
3569 1453 5523 1551 Abteilung, auf der Rudolf als Hilfsarzt be¬
3552 1632 5618 1761 schäftigt war, setzte es bei dem alten Freund
3547 1702 5710 1912 und Collegen durch, dass dieser seinen Sohn
3541 1867 5607 2082 in den Süden schickte, von wo
3552 2085 5660 2256 er ihn übrigens sehen nach wenigen Wochen zur
3312 2012 3552 2311 .
3125 2085 3337 2390 be
3550 2208 5593 2398 Geburtstagfeier für die Mutter zurückberief.
3550 2370 5612 2504 Doch was Rudolf heute in der Erinnerung bei¬
4777 2476 5663 2571 fast leichtsinnige
3499 2549 5691 2717 nahe noch sonder jarer erschien, als jenes Ver-
5255 2633 5442 2722 des
3536 2666 4427 2862 haltens des Vaters
4494 2655 5741 2887 leichtgemute Verhalten des
3569 2843 5755 2993 aters das immerhin folgerichtig aus dessen We¬
4430 2949 5755 3063 Erschier rückthäte der sohn heute
3536 3019 5699 3147 sen sich verstehen liess, war sein eigener See-
4765 3097 5822 3245 Leute mit besondern Stuellecht
3536 3116 5635 3276 lenzustand, dessen er sich (aus jenen Tagen xx
4237 3225 5710 3362 Drt ou Rduells self nile
3536 3306 5744 3483 her erinnerte. Auch er bis dahin, wie so monehei
2935 3306 3279 3538 Wy 1
4732 3407 5389 3530 e S. H.
5478 3418 5702 3536 eile
3552 3471 5800 3664 andere junge Mediziner, von xxxx  Hypochon-
3779 3558 4156 3664 elle lut
3552 3606 5719 3818 drie heimgesucht, hatte damals seine Erkrankung
