6152 4136
3449 421 5721 714 so ausfragen zu lassen, Sie schien bestürzt, wurde
3442 676 5587 910 nachdenkend, sah mich mit grossen Augen an und
3456 876 5694 1048 schwieg“. Dabei machte sie selbst/grosse Augen.
3425 1035 5721 1186 (was komisch wirkte. Und sie fuhr fort: “Ich hatte
3449 1152 5625 1328 mich schon auf ihre Ausflüchte vorbereitet, als
3456 1293 5694 1500 sie zur Antwort gab: Ihre Dame befiehlt mir,was
5108 1435 5604 1555 tige könne
3000 1466 5770 1700 No somit ich mir morgen erbitten wollte." Das Fräulein auf
3476 1593 5821 1831 dem Sitz vor Rudolf flüsterte der Mutter etwas ins
3014 1628 3425 1855 Jur F. eng
3483 1766 5749 1973 Ohr. Die nickte. Und nun machte auch der Bub, der
3832 1911 5149 2004 michte uit de (weil eine bemerkt
3463 1942 5870 2093 zwischen ihnen sass, eine leise Bemerkung. Alle Drei
5521 2049 5721 2155 Sache
3473 2093 5725 2290 schienen unverhältnismässig erregt. Also das Kam
3476 2228 5732 2449 mermädchen da oben ist oflenbar Gusti und da von
3473 2438 5739 2618 mir sitzt die Familie, die Wama, die Schwester und
4714 2545 5046 2614 enclaise
3490 2593 5728 2745 der Bruder. Die Sache kommt ihnen offenbar sehr
3483 2707 5739 2873 wichtig vor. Wie auch nicht? Das Debut a offenbar
3497 2852 5721 3038 der Anfang einer Carrière, das Vorspiel zu einem
3680 2994 5156 3094 du Ecrit  - de la Général de l'autre
3490 3059 5735 3249 ben, zu Ruhm oder zu Enttäuschungen,zu kleinen Vor¬
3507 3173 5842 3376 hältnissen,zu grossen Leidenschaften, zu einem bal-
3497 3328 5718 3504 digen Ehebündnis, zu einer armseligen oder gross
3494 3473 5739 3725 Existenz, zu einem Schicksal jedesfalls.- Kein st
