6168 4136
3010 390 3582 616 22.11.1928.
5547 462 5931 691 todann
3573 625 5857 780 dabei ist sie noch nicht achtzenn." Ruuolf hatte
3582 759 5860 902 sein Glas leider nicht mitgenommen, was er
5360 869 5535 962 ihm
3591 926 5937 1131 jetzt bedauerte. Von weitem schien sie ein anmuti-
3582 1060 5770 1295 ges Geschöpf. Eine andere junge Dame begrüsste
5226 1188 5431 1286 Guchot
3606 1221 5970 1405 eben Claudius Doboldt, ein kleines Wesen mit schwar¬
5511 1343 5901 1483 n que je n'ai pas
3609 1346 5693 1554 zem Strubelkopf; und blickte wielganz aus der
3618 1504 5693 1760 Tiefe mit einem verheissenden Augenaufschlag
3603 1736 5735 1912 zu ihm auf. "Also doch,Herr Doktor", sagte sie
5154 1813 5758 1909 Durchtwiederte
3618 1843 5753 2069 und reichte ihm die Hand hin. "Inwiefern also
3615 2046 5946 2194 doch?" fragte Claudius, zog die Hand der Kleinen an
5264 2132 5526 2221 (wenige
3624 2194 6015 2311 die Lippen und küsste sie, was nient so sehr respekt
4642 2284 5089 2403 gevent in
3630 2305 5729 2483 voll, als scherzhaft intim wirkte und längere
3636 2501 5726 2695 Zeit in Anspruch nahm. "Sie haben ja gesagt,
3630 2599 5976 2811 Herr Doktor, dass Sie erst zur nächsten Vorstellung
3644 2802 5878 2992 kommen werden. Heute habe ich nämlich nichts zu
3653 2960 3892 3117 tun."
3853 3097 5931 3281 Claudius Doboldt erwiderte ihr sehr leise.
3647 3240 5690 3457 und mit einem etwas vertrakten Lächeln, das
3665 3379 5884 3594 aber - Rudolf merkte es gleichngeradeso wie der
3665 3588 5881 3814 Flüsterton, mehr für ihn, Rudolf, bestimmt war, als
616 3841 860 4020 B
