6230 4008
5554 317 5754 462 110
4255 364 5257 553 was auf ein Feuerlehre
3802 473 5963 687 bemerkte und sich darüber freute; und wie die
3827 645 4472 743 der Sohn wie
4684 651 5660 754 eines Aufsleben vom Pird
3808 681 6044 857 zur Belohnung batter ihm eine Havannazigarre an,
3805 795 5827 993 worüber Rudolf wider Willen eine ärgerliche
4230 957 4464 1040 I am
3802 976 5838 1163 Rührung empfand. Und ziemlich unvermittelt -
3933 1121 4361 1202 hier früher
5582 1101 5994 1227 Annken
3791 1143 5952 1321 wieder ein Zeichen des Wohlwollens, der Freund-
3791 1318 5999 1480 schaft geradezu, begann der Vater mit ihm
3354 1382 4138 1491 mit ein kann, ich
4417 1410 4728 1507 a été
4917 1438 5095 1502 an
3810 1468 6016 1641 von gewissen, rein persönlichen, unbeträchtlichen
4291 1571 4478 1655 erige
3802 1613 5891 1774 Vorgängen im Kollegenkreis zu sprechen, in der
3805 1780 5952 1958 unverkennbaren Absicht den Sohn damit zum Rang
4208 1861 5346 1958 am Grundschaftvollage des
3808 1919 5020 2072 eines Kollegen zu erheben.
5056 1994 5273 2125 drel
4164 2061 5957 2258 Indess hatte sich Agathe an den Flügel
3791 2233 5766 2392 gesetzt i halblaut, flüchtig, wie zur Uebung
3780 2347 5802 2517 spielte sie den Klavierpart des Mendelsohn-
4225 2475 4531 2578 or the
3799 2528 5857 2726 Trios. Die Mutter blätterte ihr um und ihrer
4789 2631 5198 2740 La hympe
3791 2684 5946 2865 Gewohnheit nach gab sie durch Nicken xxx Takt
3796 2826 5729 3009 und gelegentliche Blicke zu ihrem Sohn hin
4703 2937 5067 3037 nicht im
3799 2987 5891 3151 ihr Einverständnis mit Agathens Spiel und mit
3796 3129 5902 3279 der Komposition kund. Rudolf trat zum Klavier
3791 3221 5782 3421 hin und bekam Lust mit Agathe, wie er es in
3782 3388 5930 3574 früherer Zeit oft getan, vierhändig zu spielen.
