6008 4136
5512 465 5667 602 21
3379 489 5816 781 Er sprach von der Schwierigkeit diese unerlässlichen
3382 738 5695 972 Rücksichten mit den Forderungen der Selbstachtung
3376 915 5682 1124 und der Währheitsliebe in Einklang zu bringen und
3385 1088 5679 1273 fand Verständnis bei dem jungen Sekundararzt.xx
5445 1197 5655 1310 in a
3358 1206 5549 1419 der sich ähnlichen Konflikten auf
3671 1319 3902 1422 Wm. L
3370 1337 5679 1589 anderem Gebiet mehr als einmal gegenüber gefunden
3370 1528 5682 1741 hatte und andeutete, dass auch in seinem Fach
3376 1699 5546 1848 durch höhere Stellung nicht immer das richtige
3853 1781 4272 1887 gegen die
3370 1832 5658 2057 Verhalten Parienten, ja nicht einmal
3358 2027 5433 2203 das umfangreichere Wissen gewährleistet sei.
4476 2109 4634 2197 d'est
3777 2161 5664 2352 Man verabredete für den übernächsten Tag
3352 2316 5613 2495 ein Zusammensein im Kaffeehaus. Ein nächstes Mal
3367 2443 5479 2607 besuchte man auf Referentensitzen Dobolts die
3367 2550 5561 2777 fünfzigste Aufführung einer Operette und unter-
4382 2711 4698 2823 Gecken
2935 2692 3215 2875 kn.
3352 2774 5524 2975 hielt sich nachher im Restaurant, diesmal schon
2887 2844 3194 2996 Seyer.
3352 2908 5689 3133 über (persönlichere Verhältnisse) so angeregt, als es
2887 2932 3221 3124 il pour
3349 3042 5734 3264 die Zurückhaltung gestattete, die beiden jungen Leu-
3355 3239 5622 3367 ten gemeinsam war und die bei Rudpli in einer ge-
3707 3312 3859 3397 nalu
3355 3364 5603 3552 wissen Befangenheit, bei Claudius aber in dem Be-
3355 3492 5561 3692 streben ihren Grund hatte sich nicht etwa durch
3340 3704 5597 3890 alizu viel Aufgeschlossenheit etwas zu vergeben.
