6200 4168
3063 255 3467 463 1.12.1928.
3541 342 4370 565 Am Nasse eine Verfüllung
5358 407 5514 516 60
4234 466 4507 606 naisant
3373 516 5834 724 an einem Vorfrühlingstag (inden Nachmittagsstunden) im
3988 659 4631 752 „unterstorfe
3361 714 5796 864 Volksprater spazierengehen. Die meisten Buden waren
4613 829 4805 904 man
3361 826 5802 1016 noch geschlossen, nur vor einzelnen versuchten Ausru-
3380 1013 5663 1171 fer ohne Ueberzeugung und ohne Humor Besucher an-
3386 1162 5747 1379 zulocken) (Die Saison war noch nicht angebrochen, es
3376 1314 5725 1531 war ein Wochentag, das Wetter nicht verlockend sein.
3380 1444 5784 1637 kühler Wind ging durch die noch kaum belaubten Bäu-
3392 1615 5737 1795 me, über den blassblauen Himmel flogen weisse Wol-
3373 1805 5632 1960 ken hin. Die beiden Gymnasiasten hatten sich in
3386 1938 5666 2100 einer Bude Käse und Brot gekauft und verspeisten
3386 2056 5706 2268 den Imbiss im Weitergehen, Rudolfs Gewohnheit war
3501 2221 3886 2330 sollte
3411 2271 5837 2435 das im allgemeinen nicht. Aber es war seine Art sich
4706 2376 5728 2466 fait c'est jeune fleutgils. Le beau
3401 2392 5849 2594 den Kollegen anzubequemen, mit denen er eben zusammen
3417 2566 5809 2721 war. Er hatte Schulfreunde, die schon (elegante junge
4992 2662 5939 2777 in jesuet tritt adob
3833 2684 4513 2796 (du père Heure Miell)
3398 2749 5896 2917 Herren waren und denen er jetzt nicht hätte begeg¬
4986 2836 5743 2942 die, soo in etc
4395 2842 4641 2948 ebreben sei
3404 2904 5765 3097 nen wollen, die ihm auch ebenso wie sein Vater, den
5309 2998 5712 3094 à vous pour
3411 3022 5899 3249 Umgang mit Adolf etwas übel nahmen, dem nachlässig ge-
5402 3150 5858 3293 de Großvot
3404 3156 5694 3342 kleideten Sohne einer Provinzfamilie, der in Wien
3411 3336 5812 3510 bei armen Verwandten armselig wohnte und sich nicht
3398 3463 5768 3740 einmal, wie es sonst bei solchen Dingen der Fall zu
