5992 4136
4652 491 4925 607 yours
3429 540 5537 732 ihrem Blick, der sich nun wieder ein wenig er-
3432 688 5526 857 helite,doch mit einem deutlichen Ausdruck der
3403 871 5526 1019 Missbilligung
3429 961 5564 1202 älteren runden Frau, die eben in den Saal trat,
5343 1162 5494 1237 F.
3418 1164 5488 1347 eine Begrüssung zunickte. Die Frau mit ihrem
4422 1275 5119 1385 Ihr Beylerle
3200 1315 5465 1510 halberwachsenen Jungen hatte eben noch Zeit,
3708 1423 4350 1530 vor Vartinklung
3412 1458 5436 1673 ehe der Zuschauerraum sich verdunkelte, ihre
3421 1626 5511 1818 Plätze neben der jungen Dame einzunehmen. Und
4077 1748 4605 1835 5. „Ängstum“
3406 1786 5471 1983 der Vorhang rauschte schon herauf, als Rudolf
3421 1960 5526 2094 die Neuangekommene in komisch aufgeregtem Ton
3409 2108 5532 2279 mit ganz leise böhmischem Akzent sich bei der
3499 2181 3665 2279 un
3406 2230 4713 2425 Anderen entschuldigen hörte.
4771 2242 5674 2425 "Der Bub ist schuld,"
3426 2416 5659 2544 ich wär schon lang da gewesen", Dieser mit einer
3816 2497 4193 2599 im tücke
4881 2509 5279 2613 1 de Avril
3386 2549 5715 2700 (unerwartet dunklen Stimme) erklärte unwirseh: M
5392 2657 5758 2785 wollt t
3409 2721 5529 2901 "Ich hab aus der Turnstunde nicht davonlaufen
3397 2863 5549 3043 können“. Dann die Aeltere zu ihrer Tochter ge-
3397 3034 5648 3209 wendet, da nun die Szene sichtbar war: „Was willst
3409 3174 5360 3351 denn, da spielt s' ja noch gar nicht mit.
3775 3307 5465 3511 (Mit einer erledigenden Handbewegung
3403 3441 5453 3641 verwies die Jüngere ihre Mutter zur Huhe, der
3392 3618 5506 3824 ### nahm sofort der Schwester) den Operngucker
