6184 4168
3772 596 5869 816 der Familie. Ja, sie durfte sich nun ausruhen,
5163 786 5503 887 es auch
3756 819 5663 1019 sie hatte sich's verdient, wenn diexxx
3761 942 5690 1129 eigentlich nur
3750 1118 5866 1302 Herablassung und Aufopferung gewesen war,dass
3759 1264 5690 1420 sie das Kammermädchen dieser lächerlichen
3745 1437 5682 1605 Milfort gespielt hatte. Solche Gedanken -
3745 1580 5863 1742 Rudolf wusste es ganz bestimmt - gingen jetzt
3761 1720 5701 1912 durch ihren Kopf. Sie rede angelegentlich
3759 1852 5778 2033 bald zur Mutter, bald zur Schwester,es waren
3753 2028 5641 2225 wohl Bemerkungen über die Darsteller, mit
3731 2209 5808 2341 denen sie nicht sonderlich zufrieden schien.
3734 2305 5712 2514 Einmal fuhr ihr die Schwester mit der Hand
4778 2462 4973 2558 lor
3734 2519 5772 2640 scherzhaft über den unruhigen Mund und es
3734 2621 5844 2797 war sehr viel Zärtlichkeit in dieser zurecht-
3739 2797 4522 2954 weisenden Geste.
4344 2901 5948 3107 In der nächsten Pause war Doboldt
3731 3096 5943 3319 wieder verschwunden. Ein unruhiger Geist, dachte
3723 3245 5660 3421 Budolf. Er selbst erhob sich, sah im Saale
3739 3390 5682 3577 rings umher (die Damen vor ihm kümmerten
3728 3572 5759 3698 sich nicht im geringsten um ihn, sie konver-
4869 3660 5044 3761 F.
3728 3726 5877 3877 sierten lebhaft. Rudolf aber schwelgte weiter.
