6289 3912
5591 313 5784 437 112
3845 501 6017 722 lig ein altjüngferliches zu werden drohte, son-
4780 633 5640 761 de dit immeron
3867 711 6047 899 dern vielleicht auch von einer drohenden Gefahr
5317 791 5502 877 not.
4158 808 4360 907 sill
3837 871 5734 1004 schwerer Seelenverdüsterung zu befreien.
4158 985 5961 1212 Er hatte noch keine Lust sein Kranken-
3848 1159 6017 1314 hauszimmer aufzusuchen aber auch das medizini-
3853 1303 6075 1494 sche Kaffeehaus lockte ihn wenig. Es zog ihn heu¬
3867 1477 6069 1627 te in das elegantere Stadtkafree, wo er mit oder
3867 1577 6017 1834 ohne Verabredung öfters mit Hulrik zusammenzu-
3862 1754 6019 1947 treffen pflegte und das in seiner helleren und
3873 1898 5945 2100 luxuriöseren Ausstattung,seinen bescheidenen
3848 2050 5961 2274 Lebemannsneigungen entgegenkam. Er sass auch
3867 2202 6025 2404 noch nicht lang in seiner bequemen xxx Ecke, in
3862 2376 5939 2531 illustrierten Zeitungen blätternd, als Hulrik
3873 2523 5903 2733 eintrat (und gleich mit einem sehr lebhaften
3864 2664 5975 2907 Blick und mit einem heiteren "da bist du ja!"
3867 2830 4645 3054 auf ihn zu trat.
