6200 4136
443 308 2753 539 Et un gue Lils de jus
520 504 2743 683 butenl gewonke heft; (den Ehr)
462 648 2808 841 so viel hat lass ungleichlich plieb bist)
485 805 2747 998 a plindert, xxx mit kort meu
513 943 2926 1158 tull lesd. hum. Weg (1) do sall out.
424 1139 2933 1316 v. d. gut. Hans, weit, auch auch
513 1309 2426 1511 in San huyustaet fladt on t
1896 1450 2833 1665 "    [illegible]
680 1444 1592 1678 & wresns by
1575 1531 2182 1736 ill kei
2413 1601 2602 1742 be
520 1649 3100 1867 me fut leur très-ture est froh; t'y a nil
112 1691 433 1810 le sjours
180 1781 648 1951 à toutoutes
587 1787 2942 2092 ihr Jahr nicht nie. Wie befür sich
645 2082 2458 2342 Je veut que je vous en
658 2278 2689 2564 At de Vat en eenbut heeft i
728 2500 1928 2743 veu Chtbepun
5612 395 5776 552 43
3655 475 4030 622 je crois.
4146 510 4409 687 Mein
3703 574 3883 671 in
3693 571 5744 815 der junge Herr im Šmaking, der ihm übers Haar
3693 744 5750 927 strich und ihn iragte:“Was macht mein junger
5102 889 5346 992 si va
3693 889 5888 1129 Freund Rudi? Er entsann sich des Namens nicht,
5461 1043 5702 1149 mind.
3831 1049 4017 1162 daß ich
3693 1123 5907 1232 er wusste nur mehr, dass der Vater ihn einen af¬
4646 1197 4967 1300 guant heeft
5176 1162 5984 1312 dien for her in is de
3693 1271 5850 1415 fektierten Menschen nannte. Aber die Schwester
5558 1361 5744 1444 spele
3693 1354 5840 1585 hatte inn geliebt, viele Jahre lang auch als er
4467 1505 4861 1604 du Faule
3700 1550 5997 1691 längst nicht mehr in die Loge und lient ins Haus
4717 1653 5230 1765 Mai si nul
3693 1717 5920 1890 kam. Merkwürdig - das war doch derselbe, von dem
4900 1810 5683 1906 " Ohve - Fis to weg
3870 1823 4040 1912 au
4624 1829 4797 1909 detr
3693 1880 5952 2060 man später einmal (zuhause als von einem Schrift-
4996 1954 5638 2063 Wm Spnt is veel quil
3693 1980 5991 2153 steller gesprochen hatte. Er war also doch später
3700 2166 5943 2358 wieder zu Besuch gekommen. Und jetzt erst,viele,
3706 2291 5959 2461 viele Jahre später, in dieser Pause, während rings
3700 2487 5911 2673 herum ein ununterbrochenes hin und Her von sehr
3713 2593 5856 2820 jungen Künstlern und Küntlerinnen und von El-
3719 2801 6010 2968 tern und Geschwistern war und Begrüssungen gewech
3719 2984 5971 3112 selt wurden und die junge Dame vor ihm mit einem
3706 3093 5901 3305 jungen xxxx zu üppigen und zu eleganten Person
3713 3267 5991 3421 sprach,-jetzt erst kam es Rudoli zu Bewusstsein,
3725 3401 5888 3587 dass der berühmte Schriftsteller,der vor etwa
3706 3559 5965 3757 zwöli Jahren wieder einmal an irgend einem Abend
3693 3709 5971 3857 mit anderen Leuten zusammen geladen war, derselbe
