5992 4136
3408 209 3570 387 chez
3482 461 5542 711 "Warum nicht? Es komst doch immer wieder vor,
3444 703 5484 873 dass der Mensch auch in einem solchen Kampf
3455 835 5616 1019 siegreich bleibt; das heissen wir dann ein Wun¬
3447 997 5600 1219 der."- "Haben Sie schon einmal eines gesehen?"
3447 1142 5435 1370 fragte Rudolf.- "Auch wenn ich und Sie und
3449 1299 5646 1475 hunderttausende Andere noch keines gesehen hät¬
4389 1450 5737 1598 Sten. Bewand Ihr in Betragt verwacht
3447 1519 5517 1667 ten, ein Gegenbeweis wäre das noch niet. Man
3430 1661 5449 1829 hört doch immer wieder von Wunderleilungen.
3444 1758 4073 1944 nicht wahr?“
3935 1884 4147 1997 S.
4246 1818 5479 2029 Zimdelt sich inie im Tehl
3842 1964 5536 2137 "Das beruht immer auf Fellschlüssen",
4652 2068 5171 2189 Weint hoffen
3449 2087 5542 2252 erwiderte Rudolf."Es gibt verzweifelte Fälle,
3452 2227 5413 2395 die eben doch noch gerettet werden, es gibt
5243 2378 5396 2483 th
3447 2378 5468 2592 überraschende Genesungen,insbesondere gibt
3449 2560 5660 2705 es falsche Diagnosen, aber Wunder gibt es nicht."
3523 2680 5589 2922 "Nun, wenn Sie das so bestimmt wissen", meinte
3433 2842 5503 3054 Claudius mit schmalen Lippen und schien per-
3433 2993 5190 3243 sönlich (ein wenig) verletzt zu sein."
3809 3158 5536 3331 Der Wagen hielt vor dem Musikvereins-
3438 3293 5388 3526 gebäude. Die Vorhalle war überfüllt, da im
3430 3479 5622 3653 grossen Saal das Konzert eines berühmten Violi-
3826 3592 4485 3724 aupkönigt von
3438 3639 5553 3815 nisten statifand. Rudolf und Claudius begaben
