6184 4168
3617 505 5731 730 Als aber Monsieur zu seiner Gattin sagte: "Ici
3623 730 5796 904 verbiete Ihnen den Vicomte zu empfangen,Madame'
3620 861 5902 1070 und sogar durch die Reihen dieses bereitwilligen,
3620 1013 5788 1161 fast naiven Publikums ein leises Kichern ging,
4578 1135 4741 1235 Mit
3606 1161 5879 1372 wandte sich Fräulein Gusti nicht befriedigt
759 1141 2556 1509 Sie hat in vorfen Spuren
3606 1338 5779 1540 von der Bestimmung ihrer Schwester allein nach
3608 1500 5779 1672 Rudolf um und sah ihn mit einem heiteren Blick
1021 1460 2473 1737 d. Klein s. Azeich
3620 1654 5671 1834 an.der ungefähr besagte Was sagen Sie dazu?
3620 1789 5762 2000 Und Rudolischüttelte zur Antwort nur den Kopf.
3554 1928 5425 2134 (Unwanrscheinlich, hiess diese Bewegung.)
4165 2085 5865 2302 So war die Bekanntschaft eigentlich
3942 2202 4518 2311 eingeleitet
3608 2256 5682 2416 schon geschlossen, als in der nächsten Pause
4829 2370 5095 2473 here
5511 2393 5711 2473 and
3631 2436 5813 2567 Claudius Doboldt wieder an seinen Platz kam, zu-
3600 2556 5731 2764 gleich eine sollanke junge Dame hinzutrat, ihn
3606 2687 5762 2890 sowohl als Fräulein Gusti begrüsste und begün-
3600 2872 5773 3081 stigt durch die heitere Laune, in die man durch
3606 3024 5902 3203 die vorhergegangene Szene zwischen Madame
3603 3178 5850 3363 und Monsieur versetzt war, eine allgemeine gegen-
3591 3375 5642 3509 seitige Vorstellung erfolgte, aus der Rudolz
3597 3489 5708 3663 erfuhr, dass die Schwester des Fräulein Susti,
3591 3631 5688 3877 die Erzherzog Agathe (also) der Bruder, der nun
