6200 4152
3521 426 5783 732 innern Sie sich wer Sie sind Rufen Sie Ihre Ge-
3515 694 5822 864 burt,Ihren Rang, Ihre Macht zuhilfe. Ein stolzeres
3521 864 5772 1046 Herz muss die stolze Pracht Ihres Anblicks er-
3970 943 4244 1061 Rudolf.
3524 1008 5698 1184 heben." Es ist eine etwas unbewusste Ironie in
3527 1140 5628 1352 ihrem Ton. Im Publikum denkt mancher: stolze
3527 1319 5710 1490 Pracht ihres Anblicks, -dieses befangene kleine
3588 1434 3741 1522 An
3527 1481 5892 1666 Mädel mit der grossen Perücke, den Schönheitspfläs-
3544 1643 5866 1819 terchen und der falschen Brillantkette - ein stol-
3544 1775 5875 1966 zer Anblick -? Und als die Lady vor sich hin flüs-
3562 1948 5810 2104 tert (die Wenigsten im Parkett verstehen es):Was
3544 2098 5860 2269 schwätzt die Närrin da?“ macht Sophie eine höchst
3553 2236 5719 2395 unwillige Kopfbewegung, wirft einen bösen Blick
3550 2363 5725 2592 auf die Lad und in einem bisher mühsam unter-
4517 2510 4858 2607 nicht mehr
3547 2501 5845 2707 drückten, jetzt aber kaummehr gebändigten wieneri-
3550 2733 5901 2895 schen Akzent beginnt sie nicht gerade boshaft, wie
4170 2824 4485 2933 no trèst
3547 2821 5701 3059 Schiller es wünscht, sondern eher xxxx in
3574 3024 5925 3236 zänkischem Ton, oder ist es vielleicht Zufall, dass
3568 3183 5742 3344 eben heute die kostbarsten Brillanten an Ihnen
3559 3330 5710 3515 blitzen? dass Ihre Antichambres von Heiducken
3562 3465 5575 3662 und Pagen wimmelt und das Bürgermädchen im
3565 3606 5889 3832 fürstlichsten Saal Ihres Palastes erwartet wird?-
