5992 4104
5182 342 5362 483 12
3454 455 5700 701 tem vorgezogen hatte. Nun fehlte nur noch, dachte
3442 675 5689 854 er lächelnd, dass ich auch diese Neigung als Ver-
3448 871 5747 1045 dachtsgrund gegen mich selbst, als Symptom von Be¬
3454 1010 4305 1196 lastung auffasste.
4024 1106 5066 1236 und nicht ohne Anteil
3865 1201 5055 1384 Beschwichtigt las er ein
5318 1126 5570 1381 eiten
4059 1274 4270 1372 on my
3486 1346 5605 1508 weiter, legte das Buch aber am Schluss des Ka¬
3442 1456 5770 1630 pitels beiseite und fand,dass für heute das Tage-
3462 1636 5732 1798 werk seiner Pflicht beendet sei. Es bestand nicht
3468 1763 5564 1931 einmal Anlasszu einem Rundgang durch die drei
3445 1902 5654 2110 Krankenzimmer, die ihm anvertraut waren. Bei der
3448 2099 5666 2273 Nachmittagsvisite waren alle patienten ruhig ge-
4015 2192 4447 2304 Melihon
3445 2270 5683 2406 wesen auch der paralytische Komiker,
4499 2351 4771 2464 sider
3433 2385 5593 2539 wegen dessen man ihn in der
4444 2519 4675 2629 no few
3442 2533 5637 2716 letzten Nacht hatte werken müssen. (Der Dienst-
3439 2704 5596 2912 habende war heute Raudnitz und Rudolf war Herr
3448 2820 5625 3017 seiner Zeit bis auf die Stunde des Abendessens,
3445 3014 5611 3176 zu der er daheim erwartet wurde. Er pflegte in
3454 3216 5683 3326 solchen Zwischenpausen in einem nahen Kaffeehaus
3431 3332 5706 3462 Billard zu spielen, aber es war indess halbsieben
3448 3468 5706 3697 geworden, die Bretter wahrscheinlich alle besetzt
