6200 4184
4207 371 4650 571 schreade
3548 495 5896 665 zu sehen, -die Kleine aber blieb unsichtbar. Statt
3934 641 4222 744 samed
3560 668 6005 844 ihrer ersehien ein gleichfalls sehr junges, aber
3569 844 5832 1024 unförmig dickes Geschöpf, die nichts Rührendes an
3581 1008 5780 1133 sich hatte. Rudolf kam ein drittes, ein viertes
3566 1127 5707 1358 Mal wieder und endlich mit dem festen Vorsatz
3569 1306 5875 1507 sich nach dem Verbleib der Kleinen zu erkundigen.
3575 1479 5829 1580 Er fand nicht den Mut dazu, er wusste nicht wo
3593 1625 5750 1789 und wen er fragen sollte und eine Rauferei mit
3587 1765 5759 1895 dem bösen Bruder wäre ihm peinlich gewesen. Er
3575 1917 5838 2132 sah die Kleine in den nächsten Zeit nicht,
3593 2069 4839 2278 er sah sie niemals wieder.
4116 2251 5726 2406 Viel später, im Herbst des gleichen
3609 2378 5628 2524 Jahres,erzählte Adolf, der indess die Schule
4805 2466 5890 2585 de Leopoldes mais envelue
3593 2533 5847 2716 hatte verlassen müssen, in einem kleinen Stadtge-
5628 2621 5835 2734 S. A.
3788 2649 4745 2755 Mr du Deput duur Heys t
3596 2709 5920 2895 schäft Kravatten verkaufte und zugleich bei einem
3599 2861 5741 3034 abgewirtschafteten Schauspieler Deklamations-
4903 2946 5243 3047 in d S
3621 2968 5993 3217 stunden nahm, aber immer noch xxx den früheren Kolle-
3612 3174 5893 3329 gen zum Missvergnügen Doktor Forlans zu besuchen
5127 3247 5507 3341 du College
3612 3277 5932 3505 pflegte, (erzählte xx ihm Adolf) dass er die Kleine
3636 3475 5838 3645 wiedergesehen und keineswegs nur wiedergesehen
