6283 4056
3575 273 4717 484 (die Anwohl zu dasselbe keiner¬
5633 388 5805 543 103
3724 478 5794 745 stücke mitnehmen müsse. Er küsste die Mutter
3735 681 5844 889 nur die Stirn; (noch während sie die Berührung
3718 861 5875 1004 seiner Lippen fühlte, erregte sie sich, dass der
3735 987 5895 1201 Vater heute so lange auf sich warten lasse. Ob
3178 1010 3580 1263 du Pala
4933 1105 5324 1209 Ritlert
3715 1145 5974 1342 der Wagen im Schnee nichtstecken geblieben sei.
3203 1207 3687 1370 mit ißen.
4573 1252 4905 1384 de Votre
3738 1299 5962 1468 nichts zu lachen, er sei sicher in Hietzing, der
3718 1446 5881 1651 Weg sei weit, eine ganze Strecke vor Schönbrunn
3712 1589 5813 1778 gene die Strasse zwischen unbebauten Terrain.
3710 1775 5920 1966 man könne dort wohl verwent werden. "Nun",sagte
3718 1904 5802 2098 Rudolf "und vor den Wölfen hast du gar keine
3704 2056 4067 2242 Angst?"
4042 2239 5875 2410 Da trat der Vater schon ein, den dunklen
3698 2368 5909 2573 Schnurrbart von Schneeflocken weiss und feucht.
3696 2531 5867 2751 Er rieb sich die Hände, als wären sie noch kalt
3704 2706 5802 2888 von der halbstündigen Fahrt im geschlossenen
5496 2770 5912 2922 C. R. W.
3715 2858 5833 3046 Wagen und war höchst aufgeräumt. Ja, er war in
3262 2855 3856 3038 Eur�re flan.
3251 2990 3637 3158 his best
3701 3009 5811 3184 Hietzing gewesen. Der Grafin fehlte natürlich
3268 3099 3479 3251 G. P.
3696 3170 5805 3338 so gut wie nichts. Aber sie hatte das Bedürf-
4778 3262 5282 3369 n'il auprime
3701 3305 5951 3496 nis gehabt mit ihm über allerlei Theateraffairend
3693 3434 5903 3679 zu reden. Auch der Graf, der Gatte der berühmten
