6262 4024
3662 465 5802 622 mer wieder,wie bedürfnislos sie im Grunde war.
3660 605 3928 697 in the
5617 580 5914 720 Nablen
3674 616 5737 806 sie und die beiden Schwestern, die ältere, die
3668 840 5760 980 für ein grosses Herrenmodegeschäft
3674 980 5737 1145 Hemden nähte, die jüngere, die Verkäuferin in
4992 1084 5152 1173 sous
3665 1123 5827 1282 einem Handschuhladen war und) der Bruder, der in
4802 1212 5390 1327 de n'intoyen un
3674 1277 5690 1459 einer Druckerei beschäftigt war. Und was es
4038 1369 4404 1470 wirklicher
3657 1434 5902 1616 mit dem Onkel auf sich hatte.Besitzer einer
5334 1537 5524 1649 angel
3654 1602 5754 1761 Fabrik in der Nähe von Lovositz, der allmonat-
3654 1725 5827 1907 lich seinen armen Verwandten eine (ziffermässig
3668 1837 5653 2083 nicht ganz feststehende Summe schickte,dem
3657 2044 5785 2232 forschte er lieber nicht nach,-ob es wirklich
3674 2206 5790 2377 ein Onkel war oder ein früherer Liebhaber der
3674 2335 5883 2556 älteren Schwester oder vielleicht Annettens nicht
4962 2450 5158 2534 him
3662 2537 5874 2702 oder gar ihr Verführer - ja, auch sie war einmal
3668 2610 5785 2848 verführt worden - das war nicht klar. wie
3668 2806 5709 2957 hatte er einmal gelitten unter allen diesen
4360 2915 4584 3013 M v
4659 2915 4900 3021 qu'be
3674 2976 5790 3125 Fragen. Wie wichtig war es ihm gewesen, ob sie
3674 3100 5830 3298 vor ihm drei, oder vier oder fünf Liebhaber ge-
3660 3301 5832 3478 habt hatte; heute hätte er sich auch aus einem
3654 3452 5782 3637 Dutzend nichts gemacht. Es war eigentlich ein
4108 3525 4525 3640 Geschleiben
3657 3587 5771 3769 bischen (schwächlich) das sagte er sich selbst,
