6246 4024
4231 369 4588 514 by all
3658 420 5709 661 Lüdemann, so liebenswürdig sich der auch ihm
3677 624 5831 783 gegenüber verhielt, war er eigentlich nicht ein
3663 786 5783 951 ernst zu nehmender Kollege, sondern ein junger
3643 888 3890 976 tout
3646 942 5928 1109 Herr aus guter bürgerlicher Familie, der eben als
4080 1041 4390 1132 Aister
5286 1078 5482 1175 be
3663 1109 5681 1280 Sohn eines vielbeschäftigten Arztes gleich-
3675 1254 5823 1441 falls Medizin studiert hatte,und nun zufällig
3649 1410 5865 1583 gerade der psychistrischen Abteilung zugeteilt
3995 1521 4608 1626 im suffine stalt
3641 1541 5675 1756 war wie früher der internen, (auf der er ein
3638 1711 5788 1935 halbes Jahr verbracht hatte. Auch die hypnoti-
3641 1876 5760 2020 schen Versuche,die der Sekundararzt Dr.Forlan
3652 2015 5754 2174 in der letzten Zeit anstellte, nahm Dozent Lü-
3978 2131 4364 2236 Reuenys
3632 2185 5737 2366 demann nicht wichtig und machte kein Hehl da-
3641 2313 5743 2534 raus, dass er sie für einigermassen bedenklich
3629 2457 5675 2684 hielt, wie er überhaupt allen Gebieten, wo die
3623 2636 5726 2806 Exaktheit der Forschungen und Resultate eini-
3629 2809 5783 2960 germassen zweifelhaft schien, mit Misstrauen, ja
3609 2925 5652 3138 mit Feindseligkeit sich ferne hielt. Rudolf
3621 3050 5613 3255 glaubte sogar zu wissen, dass sich Lüdemann
3643 3238 5800 3425 im Verein mit dem andern Sekundararzt, dem prä-
3632 3379 5891 3553 destinierten künftigen Assistenten Dr.Kirschbaum
5281 3516 5962 3612 wieder der beide
3629 3527 5896 3740 aus Czernowitz, trotz xxx aller dabei bestehenden
