6200 4184
5535 400 5719 524 be
3564 464 5843 660 sein pflegt, durch Fleiss und gute Sitten ih-
5201 619 5794 726 Hierweggebe licht
3590 643 5794 821 re gesellschaftliche Fragwürdigkeit wettmachen.
4930 772 5884 887 I is in out in & I am D. jehren
4282 804 4843 908 se ilubignon.
3607 810 3835 913 A. W.
3596 850 5800 1057 Er befand sich unter den Letzten der Klasse und
3590 951 5690 1152 stand wegen häufiger Schulversäumnis vor dem
3590 1098 5826 1294 Ausschluss, was ihn (im übrigen) wenig kümmerte; d
3602 1242 5765 1452 denn er war entschlossen zum Theater zu gehen,
4042 1418 4898 1541 professeur lesdits avec
3602 1403 5915 1616 und, wie es seine Art war, von der Rudolfs übrigens
4495 1579 4673 1668 was
3610 1593 5665 1758 öfters ennerviert wurde, deklamierte er auch
3691 1723 4993 1856 subilieur de lebres être du schulle
3636 1706 5872 1997 jetzt mit umgehängten Ueberzieher, den Hut in der
3898 1916 4126 2002 tutul
4901 1876 5881 2046 Faust-Monolog,Stel-
3602 1922 4786 2103 Hand, Bruchstücke aus dem
3613 2028 5803 2273 len aus dem Urtel Akosta, unbekümmert und laut.
3633 2216 5670 2389 In dieser pathetischen Uebung unterbrach er
3630 2345 5898 2541 sich nur manchmal, um vor einer Bude sich mit dem
3636 2487 5947 2677 Ausrufer oder der Kassierin in Unterhaltungen von
3671 2668 4155 2780 L. P.
3642 2657 5814 2844 mässiger Witzigkeit einzulassen oder vor einer
3642 2835 5907 2979 Schiessbude mit dem Besitzer scherzhaft über den
5587 2936 5852 3048 legt
4604 2939 5382 3071 raue J'yderai betret
3636 3031 5832 3143 Kauf einer Flinte zu unterhandeln. Auch bewies
3691 3132 4950 3236 Meruf Soeut - je beverai de ces
3659 3100 5901 3385 er seine Verwegenheit, indem er einem jungen Mäd-
4365 3256 5108 3371 in Depart in Wlen
3653 3336 5901 3460 chen, die mit ihrer kleinen Schwester an ihm vor-
3651 3458 5947 3697 beispazierte, unters Sinn griff, wobei er sie "hol
