6008 4104
3852 332 4762 540 bevoll. im Gmür
3823 487 5652 674 So war es keine Enttäuschung für Doktor
3403 609 5576 852 Rudolf Forlan, dass nicht Hulrig, sondern Dobolt
3421 767 5503 986 vor ihm stand. Er (begrüsste ihn herzlich und
3412 971 5745 1132 lud ihn ein ins Zimmer zu treten. Claudius dankte.
3415 1123 5646 1309 Er freue sich Herrn Doktor Forlan schon zum Aus¬
3412 1283 5588 1411 gehen bereit anzutreffen und sei so frei u ihn
3406 1417 5690 1581 für heute Abend, wenn er nichts Besseres vor laoe,
3406 1546 5474 1715 zu einer Auflührung der Schauspielschule des
3392 1718 5736 1881 Konservatoriums einzuladen, für die er als Kritiker
3409 1901 5596 2047 wie er leicht lächelnd hinzufügte, zwei Billets
3400 2068 5660 2205 zur Verfügung habe. Ja auch dergleichen muss man
3395 2184 5611 2391 gelegentlich übernehmen. Uebrigens ist das ganz
3392 2356 4275 2505 amüsant. Besondere
