6240 4184
5580 420 5741 590 87
3735 567 5854 781 glaube, es war auch nur ein junges Mädchen da,
3733 790 5741 956 sehr ärmlich gekleidet. Sie hatte, wenn ich
3733 914 5908 1112 nicht irre, im Stück gar nicht mitgespielt, auch
3727 1089 5885 1255 während des ganzen/Abendessens (es bestand nur
3727 1222 5840 1405 aus Salami, Butter und Küse) sprach sie wenig;
3735 1411 5758 1563 es war, als gehörte sie gar nicht recht her,
3727 1552 5967 1738 nicht zu irgend einem der Menschen an der Tafel,
3733 1727 5860 1834 nicht zum Theater und eigentlich gar nicht in
3727 1851 5843 2045 die Zeit. Ruf ich mir heute ihre Erscheinungs-
3744 2026 5806 2192 ins Gedächtnis zurück, so sehe ich eigentlich
3721 2127 5721 2347 nur ein Bild vor mir, ein etwas verblasstes
3727 2325 5888 2486 Bild von romantischem Charakter. Sie hatte ei-
3727 2466 5995 2646 nen (veritablen) schwarzen Lockenkopf, die Locken
3727 2649 5603 2807 ringelten sich bis über die Schultern.-
4204 2793 5755 2991 „Und irrende Augen“, setzte Clau-
3727 2937 4218 3129 dius fort.
4246 3072 5812 3281 Rudolf nickte. "Aber sonderbarer-
3721 3222 5848 3411 weise erst am nächsten Tag. Sie gab mir näm-
3744 3352 5843 3589 Ich an diesem Abend ohne besondere Förmlich-
3727 3535 5642 3738 keit, das von mir erbetene Rendez-vous im
3733 3716 5626 3938 Schwarzenberggarten. Dort spazierten wir
