6008 4088
3356 568 5641 756 Art von Aufmerksamkeit zu schenken als die eines
3353 756 5655 890 gelegentlichen milden Spottes, mit dem er ihre Em-
3359 904 5635 1062 pfindlichkeiten, Aengstlichkeite und Sorgen, ihre
3359 1080 5611 1220 ganze etwas kummervolle Veranlagung zu
4275 1178 5224 1264 Von seher schon hätterne
3371 1232 5557 1371 belächeln pflegte. Den allzu beiläufigen Gruss
2859 1187 3148 1479 No 1
5037 1324 5325 1422 s. tt.
3353 1351 5694 1514 einer Bekannten auf der Strassebetrachtete sie als
3353 1535 5587 1717 absichtlichen Ausdruck der Geringschätzung, eine
3347 1687 5531 1871 unerhebliche Teuerung auf dem Gemüsemarkt als
3353 1824 5566 1946 Mahnung kommender schlimmeren Zeiten, das Auf¬
3371 1969 5644 2163 tauchen einer Wolke am blauen Horizont als Heran-
4070 2080 4793 2202 behabt und
3371 2163 5623 2273 drohen eines Gewitters) ;/in den letzten Jahren
5385 2258 5700 2350 iteyed
3353 2273 5587 2442 dem bedenklichen Alter um die Fünfzig herum, hat
3359 2410 5652 2594 ten sich alle diese und andere Eigenheiten erheb-
4608 2544 5349 2666 frgle uit Raadoff
3359 2624 5534 2788 lich gesteigert, -wie konnte das dem Gatten, dem
3359 2722 5712 2948 Arzte so gleichgültig bleiben, dem es doch überdies
3353 2892 5647 3109 nicht unbekannt war, dass der Vater dieser wunder-
3353 3040 5498 3216 lichen Frau, seinerzeit Arzt und überdies ein
3365 3240 5757 3371 Schachspieler von internationalem Ruf, im Irrenhaus
3371 3353 4049 3546 geendet hatte?
