6246 3992
5415 252 5603 417 100
3581 434 5652 651 Schränken. Nur die Vasen
4078 607 4614 720 soll ich nur
3569 674 5788 781 waren noch geblieben, sie sahen aber nun
3581 842 5669 923 auf den schlanken Säulen in den beiden Ecken
4226 917 4749 1027 Ihr nicht der
4825 923 5724 1027 & de lieu Adelat Clon
3581 978 5771 1160 ganz anders aus als früher. Sie hatten sich so-
5698 1053 5872 1174 of
3581 1125 5872 1278 zusagen gleich in das neue Gesamtbild gefügt. Und
3838 1226 4018 1339 dur
4567 1224 4926 1328 schien
3581 1296 5773 1472 nicht sie allein. Es xxx Rudolf heute, als wäre
3592 1464 5730 1626 auch die Schwester in der neuen Umrahmung hei-
3592 1582 5831 1730 terer, ja jünger anzusehen; auch trug sie, wie sie
3876 1689 4073 1788 it. fe
3581 1686 5742 1897 es in ihren guten Epochen(liebte, ein besonders
4058 1840 4359 1964 faltig
3581 1944 5707 2039 elegantes, stilisiertes Kleid - fast als
5045 2002 5368 2103 men
3592 2068 5921 2253 wenn man einen Gast erwartete, was übrigens in die-
4359 2152 4923 2259 dans la terre
3575 2233 5892 2407 sem Hause nichts Seltenes war. Rudolf fragte auch
3587 2372 5797 2545 gleich, ob jemand zum Abendessen eingeladen sei.
3572 2482 5820 2710 Manchmal hatte er von vornherein etwas dagegen,
3575 2661 5849 2849 manchmal etwas dafür, in diesem Augenblick wusste
4347 2774 4778 2878 in-ci with
3575 2840 5901 3017 er noch nicht, wie er zu dieser Möglichkeit stand.
