6200 4168
4975 426 5761 621 sehr weil zu keine
3505 529 5761 728 der Menge verschwindend, wohnte er einer Vorstel-
3762 683 5013 787 die ihn aufs heben hängt, dass
3525 736 5776 932 lung bei, weder die Kleine noch die alte Frau er-
4921 819 5755 935 dece Soutgeublet
4176 840 4356 943 peale
3508 852 5690 1020 schien, es gab keinen Blechteller Kasperl liess
4856 982 5294 1097 Sorgen tat
3511 1029 5640 1210 vielmehr händefaltend über die Rampe an einer
3543 1186 5915 1366 grün-gelben Spagatschnur eine klappernde Büchse
3543 1316 4244 1423 du Rampe boi rece
3528 1307 5814 1485 hinab, in deren Oeffnung die Zuschauer ihr Klein-
3528 1476 5746 1665 geld versenkten. Nicht ohne leises sangen begab
4797 1615 5131 1706 und de Alle
4339 1621 4646 1724 bezahlt
3519 1630 5841 1857 sieh Buch Rudolf nach vorn, er hatte lächerlicher-
3537 1760 5832 1943 weise den Eindruck, als ob der Wurstl ihn erkennte
5279 1908 5637 2011 droke de
4472 1905 4812 2032 die Bücher
3549 1999 5797 2153 und des zum Zeichen/in auffallenden/Schwung ver-
3549 2094 5672 2265 setzte. Und wenn auch der Unsinnigkeit dieser
3543 2295 5811 2461 Einbildung bewusst)war Rudolf froh, als er wieder
3561 2413 5820 2567 in der Menge untergetaucht war. Mehr weil er sich
3579 2546 4315 2659 re me mitlörigster
3555 2567 5903 2742 dieser-Regung schämte als aus wirklicher Sehnsucht
3549 2712 5788 2878 nach der Kleinen, die ihm immer wieder in seinen
4868 2833 5578 2943 beln darauf wie
4407 2854 4711 2955 aposent
3549 2916 5749 3046 Träumen erschien, begab er sich in der nächeten
4705 2999 5155 3111 in i un alle
4776 3082 5903 3182 Er sah den bösen Bruder
3537 3031 4785 3224 Zeit öfters in den Prater
4773 3141 5300 3253 Tolle de Voyon
3960 3165 4268 3274 tue n'est
3573 3156 5702 3410 wieder, hinter dem Theaterchen ein Krügel Bier
4188 3309 4489 3410 jure tous
3573 3380 5874 3519 leerend, auch die Alte mit dem Blechteller (der die
3573 3472 5856 3721 schwenkende Sparbüchse gelegentlich ergänzte war
