6184 4120
5246 385 5509 505 meidert
3534 430 5646 672 für die junge Dame, die auch nur leise; es war
3516 618 5808 762 ganz deutlich, dass beide sich vertrauter anstell-
3540 765 5736 962 ten als sie waren. Rudolf wandte sich mit über-
3516 914 5664 1096 flüssiger Diskretion/ zur Seite und unterhielt
3528 1064 5646 1243 sich damit weiter das Publikum zu betrachten.
3528 1195 5885 1380 Dabei konnte er nicht umhin ein paar worte aus
5153 1341 5856 1464 wohnung aus des Herrn
3528 1362 5760 1565 dem Gespräch zu erlauschen, das die/Dame vor ihm
5028 1494 5189 1607 Zu Ca
3528 1548 5682 1745 mit ihrer Mutter führte: "Drei Kronen für die
3531 1697 5593 1864 Stunde“, sagte sie, "dreimal wöchentlich. Und
3540 1810 5796 2040 einmal am Sonntag Vormittag.“- Jetzt - das erste
3528 2023 5700 2172 Klingelzeichen ertönte eben - drängte sich der
3546 2187 5694 2354 Bub herein. Er hatte eine Düte mit Benhons in
3546 2276 5897 2495 der Hand und ofterierte Mutter und Schwester. Am
3501 2486 5906 2683 "Immer Geld ausgeben“, sagte die Mutter und bedien-
4714 2581 4959 2704 femme
3540 2593 5766 2802 te sich. "Ein Kavalier“, sagte die Schwester und
3540 2743 5718 2976 lächelte. „Die Gusti“, bemerkte der Bub, indem er
3558 2946 5739 3098 ein Bonbon luschte,”die wird jetzt schon schön
3552 3065 5763 3256 schwitzen". (Unwillkürlich wandte sich Rudolf)
3564 3206 5449 3292 de in Packet de trouvé - T.H. Seine vergleich
3552 3226 5814 3436 nach ihm um; dabei begegnete sein Blick aber dem
3558 3370 5781 3546 der Schwester, die errötete und dem Bruder einen
4203 3501 5539 3627 leur de vue cusd. zi Rés
3558 3546 5721 3737 unwilligen Blick zuwarf. Dann sah sie wie ent-
