6200 4200
5405 298 5610 541 62
3542 471 4028 626 HollEdgel
3513 603 5727 807 der Schatz" nannte. Unvermittelt,mit hallender,
4563 717 5619 813 rélui ce du de Tourtmois par
3528 787 5718 927 etwas belegter Stimme, rief er in die Lüfte: "Oh,
3513 907 5768 1079 sähst du holder Mondenschein" - Rudolf, etwas ge¬
3519 1062 5654 1217 niert, versuchte ihn zur Ruhe zu verweisen, was
3525 1220 5809 1410 nichts anderes zur Folge hatte, als dass der Ande-
3545 1404 5786 1527 re ihn wegen seiner Schüchternheit verhöhnte und
3808 1515 4627 1644 un de focinantastory.
3539 1524 5742 1691 sich in ihn einhing. "So benimm dich doch wie
3545 1699 5812 1890 ein vernünftiger Mensch“, sagte Rudolf.- „Vernunft
3539 1869 5850 2004 ist stets xxx bei Wenigen" nur gewesen", entgegnete
3545 1995 5756 2200 Adolf", vielmehr Verstand " und fügte ein schmet-
3952 2126 4203 2220 Kohi
3229 2109 3879 2293 atossa judemt.
3551 2121 5906 2363 terndes "Oso" bei, (was als Lachen zu gelten hatte.)
5531 2258 5733 2372 Mit
3975 2317 5911 2466 Unversehens standen sie vor dem Wurstl
3981 2416 5028 2542 in zurückgeachtet
3551 2489 5789 2603 der schon sein Repertoir spielte, obwohl auf den
4259 2583 4806 2703 in dem Theilen
3568 2641 5800 2796 kleinen Bänken nur ein paar Kinder,mit ihren Be-
3560 2773 5879 2963 gleitpersonen sassen. Hinter den Bänken wechselte
3574 2943 5870 3077 das Publikum und da eben jetzt eine alte Frau mit
3574 3098 5768 3270 dem Blechteller absammeln kam, verschwanden die
3580 3194 5835 3416 paar Burschen, die dagestanden waren und die Frau
3563 3361 5812 3536 hielt sich an die beiden Gymnasiasten, die eben
3557 3490 5797 3724 herzugetreten waren. Rudolf liess eine Münze in
