6216 4168
3106 307 3610 483 10:12:1928
3589 611 5813 784 hätte. Im Sommer einmal - zu der Zeit,da Rudolf
3583 778 5664 948 mit den Eltern sich auf einer kleinen Reise
4355 848 4664 936 vogel
3607 893 5807 1045 befunden,war er-allein in den Prater gewandert,
3595 1030 5774 1240 eigentlich zufällig an jenem Wursttheater vor-
3601 1197 5816 1361 beigekommen, ohnexatsich aufhalten zu wollen; da
3607 1334 5874 1541 war plötzlich die Kleine in ihrem dünnen weissen
3595 1489 5740 1696 Kleid vor ihm gestanden: Sie habe ihn während
3607 1671 5844 1814 des Absammelns bemerkt und sofort wiedererkannt.
3595 1778 5825 1999 Dann waren sie ins Plaudern geraten, hatten sich
3607 1984 5813 2148 bald aus der Nähe des Wurstltheaters verloren,
3607 2133 5749 2285 in einem Gasthausgarten einen Imbiss genommen
4038 2233 4555 2328 war
3613 2291 5606 2428 und dann es- so erzählte Adolf - ein
3607 2425 5947 2568 köstlicher Abend, ja eigentlich eine Nacht gewor¬
3613 2571 6020 2747 den auf einer grünen Wiese unter hohen rauschenden
4813 2686 5190 2796 Nb v. cu
3613 2732 5737 2890 Bäumen. Im Morgengrauen war er aufgewacht,die
3595 2866 5743 3078 Kleine aber war längst verschwunden. "Sie war
3607 3057 5962 3188 Jungfrau“, setzte er sachlich hinzu. Rudolf glaubte
3607 3185 6050 3397 dem alten Freund, durch frühere Erfahrungen belehrt.
