<?xml version="1.0" encoding="UTF-8" standalone="yes"?>
<PcGts xmlns="http://schema.primaresearch.org/PAGE/gts/pagecontent/2013-07-15" xmlns:xsi="http://www.w3.org/2001/XMLSchema-instance" xsi:schemaLocation="http://schema.primaresearch.org/PAGE/gts/pagecontent/2013-07-15 http://schema.primaresearch.org/PAGE/gts/pagecontent/2013-07-15/pagecontent.xsd">
    <Metadata>
        <Creator>prov=READ-COOP:name=TrHtr:version=2.1.0:model_id=51170:date=28_07_2023_01:38</Creator>
        <Created>2023-05-10T11:12:16.995+02:00</Created>
        <LastChange>2023-07-28T01:38:43.703+02:00</LastChange>
        <TranskribusMetadata docId="1428131" pageId="55384386" pageNr="101" tsid="131312759" status="IN_PROGRESS" userId="64420" imgUrl="https://files.transkribus.eu/Get?id=YKEFRALDWVPABXUAPQQMBWIJ&amp;fileType=view" xmlUrl="https://files.transkribus.eu/Get?id=TKZBFZZWCGYNPLERTQHEMHOV" imageId="44659286"/>
    </Metadata>
    <Page imageFilename="1428131_0101.jpg" imageWidth="6305" imageHeight="4024">
        <ReadingOrder>
            <OrderedGroup id="ro_1711824897254" caption="Regions reading order">
                <RegionRefIndexed index="0" regionRef="tr_1"/>
            </OrderedGroup>
        </ReadingOrder>
        <TextRegion id="tr_1" custom="readingOrder {index:0;}">
            <Coords points="3695,427 5952,427 5952,3604 3695,3604"/>
            <TextLine id="tr_1_tl_1" custom="readingOrder {index:0;}">
                <Coords points="5706,555 5757,543 5799,566 5850,546 5883,563 5914,563 5906,312 5838,312 5824,324 5802,315 5751,338 5698,315"/>
                <Baseline points="5719,477 5809,477 5898,483 5916,483"/>
                <TextEquiv>
                    <Unicode>107</Unicode>
                </TextEquiv>
            </TextLine>
            <TextLine id="tr_1_tl_2" custom="readingOrder {index:1;}">
                <Coords points="3685,709 4352,783 4929,788 5036,709 5788,752 5948,740 5948,571 4631,521 4501,628 3941,586 3685,659"/>
                <Baseline points="3701,692 3791,698 3880,704 3970,704 4059,698 4149,704 4238,704 4328,704 4418,704 4507,704 4597,704 4686,704 4776,704 4865,704 4955,704 5044,704 5134,704 5224,704 5313,710 5403,704 5492,704 5582,704 5671,710 5761,710 5850,710 5940,710 5952,716"/>
                <TextEquiv>
                    <Unicode>diesem Augenblick/gar nicht überlegt hatte,</Unicode>
                </TextEquiv>
            </TextLine>
            <TextLine id="tr_1_tl_3" custom="readingOrder {index:2;}">
                <Coords points="3727,884 5841,904 5892,760 5503,735 5402,819 4189,732 3727,788"/>
                <Baseline points="3743,859 3832,853 3922,853 4012,853 4101,853 4191,853 4280,853 4370,853 4459,853 4549,853 4638,853 4728,853 4818,853 4907,859 4997,859 5086,859 5176,859 5265,859 5355,859 5444,859 5534,859 5624,859 5713,859 5803,859 5892,865 5898,865"/>
                <TextEquiv>
                    <Unicode>ob nicht seine Bemerkung</Unicode>
                </TextEquiv>
            </TextLine>
            <TextLine id="tr_1_tl_4" custom="readingOrder {index:3;}">
                <Coords points="3738,1022 4681,1053 4814,1120 5112,1013 5830,1042 5903,1022 5903,906 5498,966 3738,946"/>
                <Baseline points="3755,1003 3844,1003 3934,997 4023,1003 4113,1003 4203,1003 4292,1003 4382,1003 4471,1003 4561,1008 4650,1008 4740,1008 4829,1008 4919,1008 5009,1008 5098,1008 5188,1014 5277,1014 5367,1008 5456,1008 5546,1008 5635,1008 5725,1014 5815,1008 5904,1014 5910,1014"/>
                <TextEquiv>
                    <Unicode>die Tochter verwunden konnte,- ja,wusste er in</Unicode>
                </TextEquiv>
            </TextLine>
            <TextLine id="tr_1_tl_5" custom="readingOrder {index:4;}">
                <Coords points="3738,1196 5827,1191 5771,1109 5534,1087 3738,1078"/>
                <Baseline points="3755,1158 3844,1158 3934,1158 4023,1158 4113,1158 4203,1158 4292,1158 4382,1158 4471,1158 4561,1158 4650,1158 4740,1158 4829,1158 4919,1158 5009,1158 5098,1164 5188,1164 5277,1164 5367,1164 5456,1164 5546,1164 5635,1164 5725,1164 5815,1170 5833,1170"/>
                <TextEquiv>
                    <Unicode>diesem Augenblick überhaupt irgend etwas von</Unicode>
                </TextEquiv>
            </TextLine>
            <TextLine id="tr_1_tl_6" custom="readingOrder {index:5;}">
                <Coords points="4211,1255 4594,1233 4831,1278 4884,1239 4985,1270 5033,1236 5123,1267 5174,1255 5174,1188 4966,1165 4836,1199 4648,1168 4591,1213 4211,1205"/>
                <Baseline points="4226,1229 4316,1229 4406,1229 4495,1229 4585,1235 4674,1229 4764,1235 4853,1229 4943,1229 5032,1223 5122,1223 5182,1229"/>
                <TextEquiv>
                    <Unicode>n u nur Berner pennière</Unicode>
                </TextEquiv>
            </TextLine>
            <TextLine id="tr_1_tl_7" custom="readingOrder {index:6;}">
                <Coords points="3727,1354 4068,1408 4228,1334 4732,1348 5053,1424 5332,1326 5948,1346 5931,1233 3727,1230"/>
                <Baseline points="3743,1313 3832,1307 3922,1307 4012,1307 4101,1313 4191,1313 4280,1313 4370,1313 4459,1313 4549,1313 4638,1313 4728,1319 4818,1313 4907,1313 4997,1313 5086,1313 5176,1313 5265,1313 5355,1319 5444,1319 5534,1319 5624,1319 5713,1319 5803,1319 5892,1319 5952,1319"/>
                <TextEquiv>
                    <Unicode>der Rolle, die Dilenz in Agathens Leben gespielt</Unicode>
                </TextEquiv>
            </TextLine>
            <TextLine id="tr_1_tl_8" custom="readingOrder {index:7;}">
                <Coords points="3727,1537 5250,1574 5425,1475 5838,1469 5667,1399 4307,1422 3724,1351"/>
                <Baseline points="3743,1462 3832,1462 3922,1462 4012,1462 4101,1462 4191,1462 4280,1468 4370,1468 4459,1468 4549,1468 4638,1468 4728,1468 4818,1468 4907,1468 4997,1468 5086,1468 5176,1468 5265,1468 5355,1468 5444,1468 5534,1468 5624,1468 5713,1468 5803,1468 5844,1462"/>
                <TextEquiv>
                    <Unicode>hat. Es hatte sich eine ganz andere Gedanken-</Unicode>
                </TextEquiv>
            </TextLine>
            <TextLine id="tr_1_tl_9" custom="readingOrder {index:8;}">
                <Coords points="3738,1630 3907,1689 5892,1650 5892,1512 5712,1588 3738,1531"/>
                <Baseline points="3755,1606 3844,1611 3934,1617 4023,1617 4113,1617 4203,1617 4292,1617 4382,1617 4471,1617 4561,1617 4650,1617 4740,1623 4829,1617 4919,1617 5009,1617 5098,1617 5188,1623 5277,1623 5367,1623 5456,1623 5546,1623 5635,1623 5725,1623 5815,1623 5898,1629"/>
                <TextEquiv>
                    <Unicode>verbindung in ihm ausgelöst und er fragte den</Unicode>
                </TextEquiv>
            </TextLine>
            <TextLine id="tr_1_tl_10" custom="readingOrder {index:9;}">
                <Coords points="4234,1723 4366,1700 4439,1726 4470,1709 4527,1723 4560,1700 4769,1706 4769,1664 4625,1636 4577,1678 4535,1678 4498,1655 4338,1658 4301,1636 4234,1672"/>
                <Baseline points="4250,1695 4340,1701 4429,1695 4519,1701 4585,1695 4609,1695 4698,1689 4776,1695"/>
                <TextEquiv>
                    <Unicode>de cet selon</Unicode>
                </TextEquiv>
            </TextLine>
            <TextLine id="tr_1_tl_11" custom="readingOrder {index:10;}">
                <Coords points="4797,1703 4822,1697 4847,1712 4881,1703 4926,1720 4952,1709 4974,1723 5022,1697 5067,1706 5067,1627 5002,1619 4977,1644 4946,1630 4921,1647 4873,1644 4856,1655 4825,1644 4797,1658"/>
                <Baseline points="4812,1695 4901,1689 4991,1689 5074,1695"/>
                <TextEquiv>
                    <Unicode>toutes</Unicode>
                </TextEquiv>
            </TextLine>
            <TextLine id="tr_1_tl_12" custom="readingOrder {index:11;}">
                <Coords points="3724,1810 5323,1872 5658,1827 5731,1728 5182,1666 5087,1726 3721,1700"/>
                <Baseline points="3737,1761 3826,1767 3916,1767 4006,1767 4095,1767 4185,1767 4274,1773 4364,1773 4453,1773 4543,1773 4632,1773 4722,1773 4812,1767 4901,1773 4991,1773 5080,1773 5170,1773 5259,1773 5349,1773 5438,1773 5528,1773 5618,1773 5707,1773 5737,1779"/>
                <TextEquiv>
                    <Unicode>Sohn, ob man ihm schon mitgeteilt habe, dass</Unicode>
                </TextEquiv>
            </TextLine>
            <TextLine id="tr_1_tl_13" custom="readingOrder {index:12;}">
                <Coords points="3733,1987 5793,1970 5886,1937 5886,1799 5360,1878 3733,1813"/>
                <Baseline points="3749,1922 3838,1922 3928,1922 4018,1922 4107,1916 4197,1922 4286,1922 4376,1922 4465,1922 4555,1922 4644,1922 4734,1922 4824,1922 4913,1922 5003,1928 5092,1922 5182,1928 5271,1922 5361,1928 5450,1922 5540,1928 5630,1928 5719,1928 5809,1928 5892,1934"/>
                <TextEquiv>
                    <Unicode>an (dem musikalischen Sonntag-Abend auch Tilenz</Unicode>
                </TextEquiv>
            </TextLine>
            <TextLine id="tr_1_tl_14" custom="readingOrder {index:13;}">
                <Coords points="3727,2097 5106,2162 5318,2072 5844,2108 5844,1962 5577,1940 5365,2030 4324,1970 3727,2027"/>
                <Baseline points="3743,2071 3832,2071 3922,2071 4012,2071 4101,2071 4191,2071 4280,2071 4370,2071 4459,2071 4549,2071 4638,2071 4728,2071 4818,2077 4907,2077 4997,2077 5086,2077 5176,2071 5265,2071 5355,2071 5444,2077 5534,2077 5624,2077 5713,2077 5803,2071 5850,2071"/>
                <TextEquiv>
                    <Unicode>erscheinen werde. Der Medizinalrat schien ei-</Unicode>
                </TextEquiv>
            </TextLine>
            <TextLine id="tr_1_tl_15" custom="readingOrder {index:14;}">
                <Coords points="5149,2176 5464,2156 5540,2159 5591,2190 5653,2165 5821,2193 5821,2100 5149,2089"/>
                <Baseline points="5164,2155 5253,2155 5343,2149 5432,2149 5522,2155 5612,2161 5701,2161 5791,2161 5827,2161"/>
                <TextEquiv>
                    <Unicode>er dacht selbst</Unicode>
                </TextEquiv>
            </TextLine>
            <TextLine id="tr_1_tl_16" custom="readingOrder {index:15;}">
                <Coords points="3724,2277 4724,2238 4876,2320 5087,2238 5785,2258 5723,2179 5464,2156 3721,2165"/>
                <Baseline points="3737,2220 3826,2226 3916,2226 4006,2226 4095,2220 4185,2226 4274,2232 4364,2226 4453,2232 4543,2226 4632,2226 4722,2226 4812,2226 4901,2232 4991,2226 5080,2226 5170,2232 5259,2232 5349,2232 5438,2232 5528,2232 5618,2232 5707,2232 5791,2232"/>
                <TextEquiv>
                    <Unicode>nigermassen stolz darauf. Ja, es war beinahe,</Unicode>
                </TextEquiv>
            </TextLine>
            <TextLine id="tr_1_tl_17" custom="readingOrder {index:16;}">
                <Coords points="3828,2305 3941,2300 3958,2314 4014,2294 4037,2317 4096,2305 4121,2322 4141,2305 4161,2320 4248,2300 4251,2244 4169,2232 4116,2266 4085,2244 4045,2241 4009,2272 3966,2249 3831,2249"/>
                <Baseline points="3844,2292 3898,2298 3988,2292 4077,2292 4167,2292 4256,2286"/>
                <TextEquiv>
                    <Unicode>nicht die</Unicode>
                </TextEquiv>
            </TextLine>
            <TextLine id="tr_1_tl_18" custom="readingOrder {index:17;}">
                <Coords points="4572,2328 4631,2328 4650,2342 4712,2317 4760,2320 4763,2244 4721,2238 4701,2246 4690,2238 4673,2246 4656,2241 4614,2258 4574,2260"/>
                <Baseline points="4591,2298 4680,2298 4770,2292"/>
                <TextEquiv>
                    <Unicode>vizt</Unicode>
                </TextEquiv>
            </TextLine>
            <TextLine id="tr_1_tl_19" custom="readingOrder {index:18;}">
                <Coords points="3721,2398 4307,2390 4487,2469 4862,2463 4988,2390 5878,2396 5875,2294 5703,2260 5529,2334 3719,2294"/>
                <Baseline points="3737,2382 3826,2382 3916,2376 4006,2376 4095,2376 4185,2382 4274,2382 4364,2382 4453,2388 4543,2382 4632,2382 4722,2382 4812,2382 4901,2382 4991,2382 5080,2382 5170,2382 5259,2382 5349,2382 5438,2382 5528,2388 5618,2388 5707,2388 5797,2388 5886,2394"/>
                <TextEquiv>
                    <Unicode>als käme es ihm gar nicht zum Bewusstsein, dass</Unicode>
                </TextEquiv>
            </TextLine>
            <TextLine id="tr_1_tl_20" custom="readingOrder {index:19;}">
                <Coords points="3992,2472 4023,2469 4037,2483 4051,2483 4056,2474 4065,2483 4085,2474 4118,2480 4144,2469 4161,2483 4169,2477 4200,2483 4197,2393 4177,2393 4149,2418 4116,2412 4090,2396 4062,2418 4045,2412 3989,2421"/>
                <Baseline points="4006,2459 4095,2459 4185,2465 4203,2465"/>
                <TextEquiv>
                    <Unicode>A. W.</Unicode>
                </TextEquiv>
            </TextLine>
            <TextLine id="tr_1_tl_21" custom="readingOrder {index:20;}">
                <Coords points="3727,2576 3890,2646 4358,2587 4763,2643 5227,2548 5827,2559 5824,2466 5554,2449 3724,2443"/>
                <Baseline points="3743,2537 3832,2531 3922,2531 4012,2531 4101,2531 4191,2531 4280,2531 4370,2537 4459,2537 4549,2537 4638,2531 4728,2531 4818,2537 4907,2537 4997,2537 5086,2537 5176,2537 5265,2537 5355,2537 5444,2537 5534,2537 5624,2537 5713,2537 5803,2543 5833,2543"/>
                <TextEquiv>
                    <Unicode>der Dichter (der im Laufe der letzten Jahre zu</Unicode>
                </TextEquiv>
            </TextLine>
            <TextLine id="tr_1_tl_22" custom="readingOrder {index:21;}">
                <Coords points="3727,2728 4943,2784 5289,2700 5751,2716 5726,2550 5205,2643 4355,2590 3879,2643 3724,2573"/>
                <Baseline points="3743,2692 3832,2686 3922,2686 4012,2686 4101,2686 4191,2686 4280,2686 4370,2686 4459,2686 4549,2692 4638,2692 4728,2692 4818,2692 4907,2686 4997,2692 5086,2692 5176,2692 5265,2692 5355,2692 5444,2692 5534,2698 5624,2698 5713,2698 5755,2704"/>
                <TextEquiv>
                    <Unicode>Europäischem Ruhm gelangt war und der junge</Unicode>
                </TextEquiv>
            </TextLine>
            <TextLine id="tr_1_tl_23" custom="readingOrder {index:22;}">
                <Coords points="3710,2877 5264,2953 5399,2868 5754,2868 5754,2742 3710,2790"/>
                <Baseline points="3725,2841 3815,2841 3904,2841 3994,2841 4083,2841 4173,2841 4262,2841 4352,2841 4441,2841 4531,2841 4621,2841 4710,2841 4800,2847 4889,2841 4979,2847 5068,2841 5158,2841 5247,2841 5337,2847 5427,2847 5516,2847 5606,2847 5695,2847 5761,2847"/>
                <TextEquiv>
                    <Unicode>Schriftsteller, denseine Hochter unglücklich</Unicode>
                </TextEquiv>
            </TextLine>
            <TextLine id="tr_1_tl_24" custom="readingOrder {index:23;}">
                <Coords points="3727,3020 4332,3068 4743,2998 5022,3094 5289,3015 5700,3049 5700,2933 3727,2933"/>
                <Baseline points="3743,3003 3832,2997 3922,2997 4012,2997 4101,3003 4191,2997 4280,2997 4370,2997 4459,2997 4549,2997 4638,2997 4728,2997 4818,2997 4907,2997 4997,2997 5086,3003 5176,2997 5265,3003 5355,3003 5444,3003 5534,3003 5624,3003 5707,3009"/>
                <TextEquiv>
                    <Unicode>geliebt hatte, ein und dieselbe Person war.</Unicode>
                </TextEquiv>
            </TextLine>
            <TextLine id="tr_1_tl_25" custom="readingOrder {index:24;}">
                <Coords points="4386,3099 4572,3091 4670,3113 4704,3091 4786,3127 4847,3099 4904,3105 4904,3020 4802,3029 4740,2998 4681,3026 4619,3020 4574,3060 4535,3035 4487,3054 4442,3020 4386,3020"/>
                <Baseline points="4400,3080 4489,3086 4579,3086 4668,3086 4758,3086 4847,3086 4907,3080"/>
                <TextEquiv>
                    <Unicode>dine vertivre</Unicode>
                </TextEquiv>
            </TextLine>
            <TextLine id="tr_1_tl_26" custom="readingOrder {index:25;}">
                <Coords points="3679,3178 5070,3246 5796,3170 5762,3035 5543,3108 4783,3127 3679,3035"/>
                <Baseline points="3695,3140 3785,3152 3874,3146 3964,3146 4053,3146 4143,3146 4232,3152 4322,3152 4412,3152 4501,3152 4591,3152 4680,3152 4770,3152 4859,3152 4949,3152 5038,3152 5128,3152 5218,3152 5307,3152 5397,3158 5486,3158 5576,3158 5665,3158 5755,3158 5803,3158"/>
                <TextEquiv>
                    <Unicode>Und Rudolf, über den es verhängt war, dass von</Unicode>
                </TextEquiv>
            </TextLine>
            <TextLine id="tr_1_tl_27" custom="readingOrder {index:26;}">
                <Coords points="3716,3316 5233,3395 5706,3325 5633,3226 4546,3246 4386,3175 4135,3251 3716,3232"/>
                <Baseline points="3731,3307 3743,3307 3832,3301 3922,3301 4012,3295 4101,3301 4191,3301 4280,3301 4370,3301 4459,3301 4549,3301 4638,3301 4728,3301 4818,3301 4907,3301 4997,3301 5086,3301 5176,3301 5265,3301 5355,3301 5444,3301 5534,3301 5624,3301 5713,3295"/>
                <TextEquiv>
                    <Unicode>jedem einfall und jedem Eindruck, von jeden</Unicode>
                </TextEquiv>
            </TextLine>
            <TextLine id="tr_1_tl_28" custom="readingOrder {index:27;}">
                <Coords points="3710,3482 5272,3530 5444,3448 5875,3468 5875,3325 5289,3398 3710,3370"/>
                <Baseline points="3725,3432 3815,3444 3904,3450 3994,3444 4083,3444 4173,3444 4262,3444 4352,3450 4441,3444 4531,3444 4621,3444 4710,3444 4800,3450 4889,3444 4979,3444 5068,3444 5158,3444 5247,3444 5337,3444 5427,3444 5516,3444 5606,3444 5695,3444 5785,3438 5874,3438 5880,3438"/>
                <TextEquiv>
                    <Unicode>Ding und von jedem Wort aus sich sofort unauf-</Unicode>
                </TextEquiv>
            </TextLine>
            <TextLine id="tr_1_tl_29" custom="readingOrder {index:28;}">
                <Coords points="3699,3623 4479,3598 4701,3702 5135,3592 5866,3654 5866,3507 3699,3527"/>
                <Baseline points="3713,3594 3725,3594 3815,3594 3904,3594 3994,3594 4083,3594 4173,3594 4262,3594 4352,3594 4441,3594 4531,3594 4621,3594 4710,3594 4800,3594 4889,3594 4979,3594 5068,3588 5158,3594 5247,3588 5337,3588 5427,3594 5516,3588 5606,3594 5695,3594 5785,3588 5874,3588"/>
                <TextEquiv>
                    <Unicode>haltsam tausend Fäden ins Nahe und Ferne span-</Unicode>
                </TextEquiv>
            </TextLine>
        </TextRegion>
    </Page>
</PcGts>
