5992 4072
3317 609 5671 837 seiner Erfahrung, beinem diagnostischen Scharfblick
3313 774 5618 946 den ihm die Kollegen noch eher zugestehen wollten
3331 963 5593 1138 als gründliche Gelehrsamkeit, kaum jemals, dass er
3324 1079 5618 1289 eine Gefahr zu spät erkannt hätte, bei sich selbst
2932 1219 3313 1426 v. 1.
3324 1229 5622 1426 lehnte er es so lange als irgend möglich ab einen
3334 1387 5572 1601 Zustand als schwer oder gar als hoffnungslos an-
3874 1506 4417 1611 ian
3334 1580 5572 1762 zusehen - (und dies) umso entschiedener, je stärker
3538 1660 4199 1776 ich ihm konnte
3348 1720 5527 1905 die inneren oder äusseren Beziehungen waren die
4375 1814 5516 1916 verknüpft vielleicht
3341 1888 5527 2080 ihn mit dem Leidenden verbanden. Diese glückli-
2907 1828 3219 2080 well
2865 1989 5674 2207 che Anlage wurde freilich durch den Umstand geför-
3341 2193 5622 2389 dert, dass er trotz allem geselligen, freundschaft-
2879 2165 3222 2410 "Taneul"
3324 2319 5530 2532 lichen,kollegialen Verkenr, ja trotz allen Fami-
3317 2490 5629 2697 liensinns) niemandem auf der Welt so innig verbun-
3331 2630 5625 2848 den war,dass er in ernsten oder gar schicksals¬
3334 2830 5537 2974 haften Augenblicken fremdes Dasein, auch das al¬
3341 2932 5737 3152 lernächste nicht, gleichsam als eigenes zu verspüren
4280 3051 5758 3247 So hatt u anfangen den ich bestenen
3348 3107 4115 3278 vermocht (hätte).
4280 3149 5537 3310 Uur Rummert noch ge... 5 d/
2890 3184 3478 3359 Mollle & my
3797 3247 5590 3453 So wollte er, als sein Sohn Rudolf vor
2946 3306 3488 3524 Stad n J
3741 3341 4270 3474 ist der Natur¬
3348 3387 5639 3625 einem Jahr, gleich nach dem Doktorat an einem fie-
3355 3573 5478 3765 berhaften Katarrh erkrankt war, darin nur eine
