6200 4152
1358 225 2621 447 me forit a feb -
253 304 2675 645 - Aus auf den Blick wechte:
280 533 2608 807 unbezeiht lebtacht bey nähmt: —
286 740 2663 937 Nierenkeit, - " Sieb auf wes
323 898 2718 1147 d. Gegend, von in Leer hfrebs.
286 1017 2538 1306 tot est avec jusqu'auein en
371 1230 1765 1455 Müßl. - mei in 100
466 1324 2645 1583 Darnal w a re tjecha „ Juivest
4709 414 5086 624 fremden
3488 499 5731 730 Dieses Aug.diesen flackernde Blick, der wie frü-
3531 724 5716 861 her der ungeschickte Gruss des Franz Lerse von
4456 825 4733 956 wühlte
3537 861 5597 1029 der Bühne ins Parkett, eine ferne Erinnerung
4748 977 5156 1081 nemfluben
3546 1062 5807 1190 in ihm auf. Diesen Blick kannte er, diesen Blicke,
3555 1166 5929 1321 von dem die Seele nichts weiss, der fragend, suchend
3549 1321 5932 1455 irrend im Leeren schwebt, wie ein blinder Schmetter-
3920 1461 4179 1568 Mr in
4301 1440 4575 1564 is in pto
3549 1491 5996 1641 ling.- Anna hatte diesen Blick nicht, das war gewiss.
3878 1601 5814 1826 Luise Millerin stand schon auf der Bühne,
3549 1771 5862 1951 lang,bleichsüchtig und seelenvoll und sprach sehr
3586 1921 4331 2018 "Vuillant un cougeleur"
3579 1957 5744 2100 gut. Sie war zweifellos beganter als diese lä-
4964 2051 5360 2161 Bei Richt
3567 2088 5868 2277 cherliche kleine Miliert. Und doch hatte die Lady
4499 2216 4727 2325 guel,
3549 2231 5841 2462 ess viel leichter gegen sie als wegen ihr ungezo-
3561 2402 5820 2581 genes Kammermädchen, wenigstens vor dem Urteil Ru-
4480 2526 5199 2636 one which flarked p
3579 2554 5753 2761 dolfs. Ihm war, als flackerte jener Blick immer
3558 2745 5887 2943 noch durch den Saal.) Unwillkürlich schloss er die
3561 2861 5874 3062 Augen und hörte auch kaum dem Dialog zwischen der
5351 2980 5856 3086 nounker.
3573 2995 5844 3236 Lady und dem Bürgermädchen zu. Er war mit seinen
3564 3144 5780 3409 Gedanken anderswo in einer anderen Zeit und in
3592 3299 5804 3525 einem anderen Raum. Er sah sich in Gesellschaft
3586 3446 5777 3668 eines Freundes, beide Jünglinge, ach nein Knaben
4633 3610 5695 3802 eben der Raabwalter entmag¬
3041 3634 3999 3875 & Wieder etc.
