6184 4168
5414 321 5588 484 83
3613 464 5778 771 des Krankenhauses eine Art von beruflicher At-
3602 737 5861 910 mosphäre ausströmte, in dem sich aber Rudolf doch
3613 873 5858 1092 meist behaglich und gesichert zu fühlen pflegte,
3613 1047 5815 1221 so dass er es zuweilen vorzog auch ohne dienst-
3610 1203 5861 1403 liche Notwendigkeit hier sein Abendessen zu neh-
3622 1360 4401 1551 men als zuhause.
4899 1360 5798 1556 Nachsicht erschehen
4080 1525 5699 1644 Nachdem der Kellner die Bestellung
3622 1673 5690 1863 entgegengenommen, äusserte Rudolf noch einmal
3622 1841 5815 1983 seinen Dank gegenüber Claudius Dobold, dass die-
3753 1918 3937 2051 ihn
3619 1989 5861 2168 ser in die Vorstellung der Schauspielschule mit-
3627 2122 5778 2333 genommen. Claudius wehrte ab, gab aber zu, dass
3622 2302 5761 2432 solche Aufführungen tatsächlich amüsanter und
3622 2438 5773 2637 anregender seien als mittlere Aufführungen mit
3627 2535 3969 2632 Orwluers
3610 2606 5767 2728 Pretention,wie sie an den meisten Theatern un-
3622 2757 5414 2896 ter normalen Umständen geboten würden.
4057 2873 5906 3115 "Sie sind ein eifriger Theaterbesucher?"
3602 3001 4114 3195 fragte er.
4014 3175 5906 3368 Rudolf, angeregt und in guter Stimmung,
3622 3300 5906 3511 erzählte von den Erinnerungen,die ihm während des
3605 3502 5855 3664 heutigen Theaterbesuchs gekommen waren. Dem Be-
3596 3659 5750 3809 richt von dem Grüssen Fausts und Mephistos in
