6024 4120
5514 321 5670 530 19
3352 412 5700 662 auch ihm von seiner eigentlichen Absicht kein Wort
4990 662 5191 744 . auch
3357 697 5676 880 verraten,von ihm selbstverständlich keinerlei In¬
3343 839 5655 1015 formationen erhalten habe, was sich übrigens schon
3352 1018 5617 1209 aus dem Umstand ergab, dass der Artikel nur wenig
3354 1133 5650 1304 Tatsäähliches und dies wenige in laienhafter und
3352 1304 5676 1457 phantasievoller Umkleidung brachte, und dass insbe-
4317 1415 4490 1507 dem
3343 1474 5641 1630 sondere der Chef vielmehr das Portrait, das Dobolt
5279 1583 5552 1707 breks
3334 1580 5594 1833 von ihm entworfen, kaum in einem Zuge glich. Mit
3340 1768 5532 1945 mühe liess sich der Professor bewegen von einer
5091 1877 5320 1986 shd
3328 1916 5450 2119 Berichtigung an die Zeitung abzusehen. Rudolf
3322 2024 5594 2239 aber ärgerlich über die mannehmlichkeit,die ihm
4228 2186 4817 2298 Fjette in not
3340 2207 5650 2398 widerfahren(verfehlte nicht an Herrn Dobolt einen
3340 2333 5623 2566 zurechtweisenden Brief zu richten(dessen scharfer
3325 2531 5541 2689 Ton nur durch die Erinnerung an jenes anregende
2981 2545 3140 2713 L
3328 2675 5655 2845 Gespräch im Krankenhausgarten einigermassen gemil-
3319 2787 5641 3025 dert war) Schon Tags darauf erschien Dobolt in ei¬
3319 2990 5670 3196 gener Person bei Doktor Forlan (und entwaffnete ihn
3299 3146 5658 3360 sofort durch die Geschicklichkeit, mit der er seine
3304 3331 5670 3487 kleine Verfehlung gar nicht zu beschönigen, sondern
5455 3449 5738 3555 Yours
3307 3428 5664 3658 nur durch die Abhängigkeit seiner Stellung und den
3307 3572 4749 3778 Eigensinn seines Chefredakteurs
4776 3649 5694 3816 zu erklären suchte,
