6008 4120
4336 358 5350 607 welche betränfung
3402 459 3774 626 J. schone
3459 500 5623 743 Raum und dem Podium, wo irgend eine andere Welt
3473 700 5588 874 in Tönen, Worten, Tänzen fröhlich, düster, gemes¬
4618 828 4864 915 auch
3459 853 5528 1063 sen oder übermütig sich kundgab, (die Erregung
3478 997 5451 1197 und Unruhe der Zwischenaktspausen,-all das
3459 1142 5533 1342 schmeichelte seinen Sinnen und beruhigte sie
4618 1282 4905 1385 d'un
5055 1298 5235 1383 G.C.P.
3478 1306 5498 1517 zugleich. Er fühlte sich in eine freundli-
4427 1426 5725 1579 in de is kein Tres Derscheid gefahr ge¬
3478 1497 5525 1640 cheren. heiteren Welt abgeschlossen und gesi¬
3459 1620 5211 1834 chert und immer wieder, auch wenn er
3735 1754 4268 1847 innougeret.
4402 1741 4610 1836 &c
2845 1721 3151 1970 spah
3473 1771 5591 1954 von schlimmen, ja angetvellen hypockondrischen
4645 1894 4962 2006 bedrott
3484 1946 5678 2099 Szimmungen oder Gedanken gemuält in solch einen
4689 2052 5205 2153 u de père
3465 2126 5569 2273 Raum getreten war und unter Unbekannten Platz
3478 2219 5484 2446 genommen hatte, besonders sobald sich einmal
3459 2385 5492 2582 der Vorhang gehoben und das Spiel begonnen,
3478 2563 5528 2694 fühlte er sich wie gefeit, als hätte all das,
3478 2722 5585 2902 was er, was Menschen überhaupt ausserhalb die¬
3459 2886 5569 2998 ser Mauern zu fürchten hatten, seine Macht
3566 2967 4629 3069 Ich ist „ wo sie ganz oulom
3473 3019 5443 3153 verloren. Von frü ülester Jugend an hatte er
3489 3115 4566 3243 "in flarff Thealeiben he per
3473 3183 5410 3364 Konzerte und Theater aufgesucht. Logen, und
3473 3336 5547 3435 Sitze standen dem Medizinalrat beinahe über-
3555 3440 4990 3539 schi at Pach mnoft on jean men
5055 3435 5673 3571 in out (officile)
3478 3481 5542 3675 all frei zur Verfügung. Es war beinahe selt-
4623 3577 4962 3683 10 mars
3478 3651 5610 3804 sam, dass für Rudolf die Empfindung des Festli-
