6246 4040
3323 254 3583 458 1929
3603 376 4311 583 Der Nachmals
3545 542 5795 703 Rudoli führte die Krankengeschichten weiter. Der
3731 644 4098 743 Bebouw
3545 714 5585 866 Abend sollte Annette gewidmet sein, doch zog
3545 840 5731 1041 er es vor sich durch einen kurzen Brief zu ent-
3533 974 5778 1175 schuldigen. Es war die vierte oder fünfte Absage
3533 1128 5824 1315 seit dem Sommer und er hoffte jedesmal von neuem,
3545 1306 5830 1472 dass es ihr am Ende doch zu dumm werden würde, wie
3539 1484 5772 1618 sie mündlich schon einigemale versichert hatte,-
3539 1580 5880 1781 aber nach etlichen Tränen - ach, wie er sie hasste
3536 1772 5810 1918 diese dummen Tränen und wie hässlich sie aussah
5116 1901 5291 2000 le 11
3533 1938 5754 2067 bei solcher Gelegenheit mit der etwas geröteten
5512 2067 5696 2163 effe
3527 2081 5874 2233 Nase und den rosa Flecken in dem blossen Gesicht -
5186 2227 5585 2326 on & per
3539 2245 5652 2399 wurde sie zärtlich,zärtlicher noch als früher
3536 2419 5824 2571 und manchmal sah es geradezu aus, als wenn sie nun
4034 2507 4370 2612 thatielles
3539 2530 5868 2714 erst ihn wirklic! zu lieben begänne. Denn dass sie
3536 2682 5766 2883 wegen seiner armseligen Unterstützungen an ihm
3521 2898 5856 3052 hing, die seit geraumer Zeit an die Stelle der frü-
4818 2973 5521 3099 getreten waren
3513 3011 5818 3198 heren kleinen Aufmerksamkeiten,wie Blumen, Bonbons
5157 3148 5463 3253 +klept
3507 3134 5772 3332 und Toilettegegenstände, wie er sie zu Anfang des
5436 3303 5743 3402 Rann
3527 3326 5804 3492 Verhältnisses ihr verehrt hatte, -das war so ziem-
3615 3437 4090 3559 auz'autres
3521 3457 5853 3647 lich ausgeschlossen. Er wunderte sich übrigens im-
