6184 4184
3154 324 3519 547 9.1.1929.
3617 556 5787 854 Die nächste Nummer, es war eine Ozene aus einem
3623 846 5619 976 Bauernstück, hatte kaum begonnen, als Dobolt
3612 996 5740 1141 seinem Begleiter zuilüsterte: „Ausgeschweigt?“
3629 1156 5703 1315 nudolf, der mit seinen Gedanken weit fort war
3629 1292 5865 1457 und kaum wusste, was auf der Bühne vor ging,nick-
3635 1468 5720 1639 te nur zum Zeichen des Einverstänanisses und
3620 1605 5824 1790 auf den Zehenspitzen verliessen Beide den Saal.
3635 1773 5752 1964 Der Blick des Fräulein von Labitzky war ihnen
3635 1912 5764 2103 bis zur Türe gefolgt und Rudolf, der sich noch
3635 2094 5772 2245 einmal umgewandt, fühlte ihn hoch gleichsam im
3635 2227 5842 2424 Nacken, als er mit Doboldt die Stiege hinabging.
3571 2366 5764 2578 In der Garderobe, während sie sich gegenseitig
3635 2540 5865 2720 in die Ueberzieher halfen, lud Rudolf den Andern
3655 2705 5819 2870 ein mit ihm zu nachtmahlen. Bald darauf sassen
3635 2864 5862 3035 sie in dem Gasthaus, wo Doktor Forlan öfters mit
3635 3009 5784 3189 Kollegen Mahlzeiten zu nehmen pflegte. Forlan
3667 3131 5914 3336 grüsste nach einigen Tischen hin, dann nahmen sie
3661 3322 5984 3510 in einer Ecke Platz. Hier war Bereich des Alltags,
3667 3484 5726 3649 ein gewissermassen neutrales Gebiet, das zwar
3649 3629 5914 3849 nach schon durch sein Stammpublikum und die Nähe
