6152 4120
3731 209 4814 412 Aber nicht die sovieren
3049 273 3482 427 19.11.1928.
3845 343 4251 485 Du Vorte en
3470 401 5805 665 (Der neue Akt hatte schon begonnen,(als der Vater
3598 578 5805 822 wieder in die Loge getreten war. Rudolf sah die
3589 723 5767 944 Figuren in der Erinnerung gleichsam puppenhaft
3601 955 5738 1092 vor sich. Die Loge mochte wohl von der Bühne
3601 1074 5805 1225 recht entfernt gewesen sein; zwei Paare wandel-
3621 1252 5558 1434 ten in einem Garten auf und ab: (Faust und
3615 1368 5648 1510 Gretchen, Mephisto und Frau Marthe. Bald ver-
3601 1548 5630 1702 schwand das eine, bald das andere. In irgend
3601 1690 5688 1824 einem Augenblick, sang Margarethe allein, oder
3609 1824 5770 2027 war es Marthe -? Jedesfalls geschah nun etwas
3566 2006 5598 2166 (höchst) sonderbares: Faust und Mephisto, der
3615 2152 5808 2279 eine in Schwarz, der andere in Scharlach geklei-
4721 2268 5032 2372 Pour de
3615 2279 5813 2465 det, waren hinter einen xxx Busch getreten, der
5427 2419 5645 2506 beure
3615 2425 5761 2616 nun in Rudolfs Gedächtnis als eine hohe papie-
3601 2593 5825 2744 rene Wand erschien, die beiden Sänger aber waren
3615 2735 5747 2918 nun überlebensgröss und blickten beide herauf
3621 2892 5665 3066 in die Loge und grüssten mit den Augen, auch
3627 3052 5732 3264 durch ein Kopfneigen, (sie lächelten wohl auch)
3621 3220 5825 3438 unwillkürlich wandte Rudolf sich nach dem Vater
3633 3357 5648 3516 um. dem der Gruss wohl gelten mochte und der
3627 3505 5744 3728 auf der erhöhten Bank hinter der Mutter sass.
