6184 4184
3589 492 5753 737 an sich nicht sehr grossen Schloss des Fürsten
3594 762 5645 938 Sulkowsky. Von dem Schloss weiss ich nichts,
3589 950 5793 1066 jedesfalls bestand es nicht mehr in seiner ur-
3594 1041 5716 1271 sprünglichen Gestalt. (Ich weiss nur, dass wir
3600 1263 5747 1391 zu dem Theater eine sehr breite Marmortreppe
3594 1391 5796 1530 hinaufgingen. Das Theater hatte ein alter Pro-
3606 1564 5870 1669 vinzschauspieler gemietet, um darin seine Schüler
3606 1669 5656 1854 (und auch Dilettanten auftreten zu lassen. Er
3600 1837 5716 1988 zahlte keine Gagen, vielmehr bezahlten ihm die
3600 2002 5753 2181 Darsteller der Hauptrollen verschiedene Beträ-
5312 2090 5699 2207 gegen Erle
3617 2164 5770 2340 ge und man konnte den Franz Moor schon um zehn
3612 2323 5898 2505 oder um fünf Gulden spielen. Vor sieben oder acht
3617 2463 5767 2602 Jahren besuchte ich das Theater zum ersten und
3612 2613 5776 2756 wie ich glaube zum letzten Mal und zwar meinem
3626 2776 5813 2949 Freund Adolf zuliebe, der immer wieder in meinem
3612 2909 5841 3074 Leben auftauchte. Er konnte sich keine Hauptrol-
3626 3063 5759 3267 len leisten,so spielte er,besessen wie er war,
3612 3194 5773 3424 gelegentlich in ganz kleinen Dienerrollen mit.
3617 3418 5693 3549 Aber immerhin, er gehörte zur Truppe und sass
3617 3509 5833 3717 mit den andern Darstellern nach der Vorstellung
