5976 4168
4152 314 5377 599 J'ai làux ouvrire libre 41
3278 500 5637 739 verbeugten,, war in seinem Gedächtnis, erwacht (woran
3272 710 5538 919 Lerses Gruss von der Bühne ins Parkett hinab ihn
3290 895 5431 1105 gemahnt hatte und mit dem kleinen Vorfall die
3272 1048 5580 1209 Erinnerung des ganzen Abends,an dem er sich zu-
470 1093 2416 1362 Hoch das erschiklichkeitigestich
3284 1162 5616 1359 getragen. Vielleicht auch - sagte er sich gleich
584 1308 2473 1524 haber diejenige Mann fehlt,
3290 1392 5520 1548 dass mir eine ganze Anzahl von Abenden zusammen-
611 1443 2314 1685 sich Dr Test mit hele a
3290 1479 5497 1703 fliessen, aber dies wird wohl seinen Sinn haben.
491 1584 2649 1835 e in tagit negence - v Rückereit
3302 1682 4063 1874 (Dies später)).
4389 1703 4697 1838 . In all
455 1826 2497 2006 er nimmt, der plötzlich mit voll
3302 1730 5592 2021 Er war noch ein Kind, kaum älter als zehn oder gar
4152 1940 4679 2051 in gesd hif
4787 1943 5182 2033 ll  a porce
560 1889 2455 2200 Gebreutheil in for enptim
3296 1952 5661 2158 neun Jahre, als er einer Opernvorstellung beiwonnen
3296 2147 5703 2344 durfte. (Der Vater erhielt (ja) nicht selten von einem
461 2105 1659 2275 As paid of R.b.
515 2245 2494 2437 2 Oct 10th knt on in mee in
3302 2263 5595 2452 Patienten - gewiss ein halbes Dutzend Opernsänger
4344 2398 4604 2506 rechnete
599 2356 2437 2611 her pris p  d, J'Elle in de M.O.
3302 2404 5598 2617 und Sängerinnen xxx zählten dazu - eine Loge ge-
473 2539 2416 2760 wisserung wäre. xxx be¬
3302 2563 5592 2751 schenkt und wenn kein besonderer Gegengrund vor¬
701 2679 2542 2931 in all <gap/>, of one for the
3320 2715 5700 2901 lag wurde die Tochter (Friedericke) und zuweilen auch
4191 2868 4419 2976 theat
644 2829 2473 3093 Schnete sehr wie ca erwachte /
3320 2877 5640 3125 der Sohn Rudolf mitgenommen. Bei dieser Faust-Vor-
742 2997 2661 3248 v. das Brief Kop. - er ist auf
3308 3084 5538 3248 stellung - so bedachte Rudolf jetzt - musste er
614 3176 2703 3419 all    ine weg vartile A.n
3326 3215 5646 3335 doch schon älter gewesen sein. Denn in der Erinne-
4916 3335 5110 3419 em
602 3260 2380 3610 de Verlankehr in der Augen f
2979 3314 3230 3479 Fr. W
2135 3353 2464 3467 nicht
3320 3350 5661 3569 rung) ich er jetzt Friedricke fast wie eine erwach-
2973 3437 3233 3658 dernal
3320 3509 5526 3655 sene Dame vorn an der Brüstung der Loge sitzen.
4550 3625 5018 3739 cheures reçu
4054 3637 4296 3739 in it.
3323 3631 5568 3901 Ja, er sah noch den nackten Arm, wie-er das Opern-
