<?xml version="1.0" encoding="UTF-8" standalone="yes"?>
<PcGts xmlns="http://schema.primaresearch.org/PAGE/gts/pagecontent/2013-07-15" xmlns:xsi="http://www.w3.org/2001/XMLSchema-instance" xsi:schemaLocation="http://schema.primaresearch.org/PAGE/gts/pagecontent/2013-07-15 http://schema.primaresearch.org/PAGE/gts/pagecontent/2013-07-15/pagecontent.xsd">
    <Metadata>
        <Creator>prov=READ-COOP:name=TrHtr:version=2.1.0:model_id=51170:date=28_07_2023_01:38</Creator>
        <Created>2023-05-10T11:12:15.560+02:00</Created>
        <LastChange>2023-07-28T01:38:40.904+02:00</LastChange>
        <TranskribusMetadata docId="1428131" pageId="55384338" pageNr="93" tsid="131312751" status="IN_PROGRESS" userId="64420" imgUrl="https://files.transkribus.eu/Get?id=ABGUYIHDWRGDFSGUGIDONGMB&amp;fileType=view" xmlUrl="https://files.transkribus.eu/Get?id=FQQWGPRSHUSECRNKEFAHPFMV" imageId="44659238"/>
    </Metadata>
    <Page imageFilename="1428131_0093.jpg" imageWidth="6246" imageHeight="4008">
        <ReadingOrder>
            <OrderedGroup id="ro_1711824884679" caption="Regions reading order">
                <RegionRefIndexed index="0" regionRef="tr_1"/>
            </OrderedGroup>
        </ReadingOrder>
        <TextRegion id="tr_1" custom="readingOrder {index:0;}">
            <Coords points="3584,576 6071,576 6071,3594 3584,3594"/>
            <TextLine id="tr_1_tl_1" custom="readingOrder {index:0;}">
                <Coords points="3626,641 5589,672 5586,532 5520,522 4590,557 4192,445 3984,547 3623,442"/>
                <Baseline points="3644,626 3733,626 3823,626 3912,632 4002,632 4091,632 4180,638 4270,638 4359,638 4449,638 4538,638 4628,644 4717,644 4807,644 4896,644 4986,650 5075,650 5165,650 5254,650 5344,650 5433,650 5522,656 5594,662"/>
                <TextEquiv>
                    <Unicode>dass er noch immer kein entschiedenes Ende</Unicode>
                </TextEquiv>
            </TextLine>
            <TextLine id="tr_1_tl_2" custom="readingOrder {index:1;}">
                <Coords points="3614,793 5679,849 5676,681 5380,740 5284,681 3611,697"/>
                <Baseline points="3632,787 3721,781 3811,781 3900,781 3990,787 4079,787 4169,787 4258,793 4347,787 4437,793 4526,793 4616,799 4705,799 4795,799 4884,799 4974,805 5063,805 5153,805 5242,805 5332,805 5421,811 5511,811 5600,817 5683,817"/>
                <TextEquiv>
                    <Unicode>gemacht. Denn ob es ihr Ernst war,-am ersten</Unicode>
                </TextEquiv>
            </TextLine>
            <TextLine id="tr_1_tl_3" custom="readingOrder {index:2;}">
                <Coords points="3601,961 5754,1011 5754,908 5079,840 3601,877"/>
                <Baseline points="3620,930 3709,930 3799,936 3888,936 3978,936 4067,936 4157,942 4246,942 4336,948 4425,948 4514,948 4604,948 4693,948 4783,954 4872,954 4962,954 5051,954 5141,948 5230,954 5320,960 5409,960 5499,966 5588,966 5678,966 5761,960"/>
                <TextEquiv>
                    <Unicode>Jänner als Tanzsängerin in xx die Welt hinaus-</Unicode>
                </TextEquiv>
            </TextLine>
            <TextLine id="tr_1_tl_4" custom="readingOrder {index:3;}">
                <Coords points="4789,1014 4945,1029 5054,1008 5104,1042 5225,1033 5306,1079 5427,1023 5495,1045 5492,980 4789,970"/>
                <Baseline points="4807,1002 4896,1002 4986,1007 5075,1007 5165,1013 5254,1013 5344,1019 5433,1025 5499,1025"/>
                <TextEquiv>
                    <Unicode>dine we lap of</Unicode>
                </TextEquiv>
            </TextLine>
            <TextLine id="tr_1_tl_5" custom="readingOrder {index:4;}">
                <Coords points="3601,1104 5813,1172 5788,986 5610,1070 3819,964 3601,1045"/>
                <Baseline points="3620,1085 3709,1085 3799,1091 3888,1091 3978,1091 4067,1091 4157,1097 4246,1097 4336,1097 4425,1097 4514,1103 4604,1103 4693,1103 4783,1103 4872,1103 4962,1109 5051,1109 5141,1109 5230,1115 5320,1115 5409,1115 5499,1115 5588,1115 5678,1121 5767,1121 5821,1121"/>
                <TextEquiv>
                    <Unicode>zuziehen - war gleichfalls fraglich.- Da er den</Unicode>
                </TextEquiv>
            </TextLine>
            <TextLine id="tr_1_tl_6" custom="readingOrder {index:5;}">
                <Coords points="3611,1253 5788,1322 5785,1160 5657,1126 5284,1216 4674,1129 3608,1169"/>
                <Baseline points="3626,1228 3715,1234 3805,1240 3894,1240 3984,1240 4073,1246 4163,1246 4252,1246 4342,1252 4431,1252 4520,1252 4610,1252 4699,1258 4789,1258 4878,1264 4968,1264 5057,1264 5147,1264 5236,1264 5326,1264 5415,1264 5505,1270 5594,1270 5683,1276 5773,1270 5797,1264"/>
                <TextEquiv>
                    <Unicode>Dienst für heute schon an Doktor Birnoaum über-</Unicode>
                </TextEquiv>
            </TextLine>
            <TextLine id="tr_1_tl_7" custom="readingOrder {index:6;}">
                <Coords points="3598,1409 5794,1459 5738,1325 3598,1294"/>
                <Baseline points="3614,1401 3703,1395 3793,1395 3882,1401 3972,1401 4061,1401 4151,1401 4240,1401 4330,1407 4419,1407 4509,1407 4598,1407 4687,1407 4777,1413 4866,1413 4956,1413 5045,1419 5135,1419 5224,1419 5314,1419 5403,1425 5493,1425 5582,1425 5672,1425 5761,1425 5803,1425"/>
                <TextEquiv>
                    <Unicode>geben hatte,entschloss er sich heute Abend bra-</Unicode>
                </TextEquiv>
            </TextLine>
            <TextLine id="tr_1_tl_8" custom="readingOrder {index:7;}">
                <Coords points="4009,1490 4034,1493 4052,1511 4096,1496 4161,1502 4189,1483 4223,1499 4248,1487 4261,1499 4279,1487 4323,1490 4326,1440 4304,1443 4233,1415 4186,1421 4174,1434 4139,1427 4080,1437 4068,1449 4012,1437"/>
                <Baseline points="4025,1485 4061,1485 4151,1479 4240,1479 4330,1479"/>
                <TextEquiv>
                    <Unicode>peel avec</Unicode>
                </TextEquiv>
            </TextLine>
            <TextLine id="tr_1_tl_9" custom="readingOrder {index:8;}">
                <Coords points="3601,1599 5931,1617 5928,1499 5614,1446 3598,1490"/>
                <Baseline points="3614,1550 3703,1550 3793,1544 3882,1550 3972,1556 4061,1562 4151,1562 4240,1562 4330,1562 4419,1562 4509,1562 4598,1568 4687,1568 4777,1568 4866,1574 4956,1574 5045,1574 5135,1574 5224,1580 5314,1580 5403,1580 5493,1580 5582,1586 5672,1592 5761,1580 5850,1574 5940,1586 5946,1580"/>
                <TextEquiv>
                    <Unicode>ver Sohn zu sein und nach einem behaglichen, juistes</Unicode>
                </TextEquiv>
            </TextLine>
            <TextLine id="tr_1_tl_10" custom="readingOrder {index:9;}">
                <Coords points="3598,1757 5638,1788 5741,1766 5741,1670 5586,1608 4251,1658 3595,1595"/>
                <Baseline points="3614,1705 3703,1705 3793,1705 3882,1705 3972,1711 4061,1711 4151,1711 4240,1711 4330,1717 4419,1717 4509,1717 4598,1723 4687,1723 4777,1723 4866,1723 4956,1723 5045,1729 5135,1729 5224,1729 5314,1735 5403,1735 5493,1735 5582,1735 5672,1735 5749,1747"/>
                <TextEquiv>
                    <Unicode>wohltuenden Spaziergang durch die frisch über-</Unicode>
                </TextEquiv>
            </TextLine>
            <TextLine id="tr_1_tl_11" custom="readingOrder {index:10;}">
                <Coords points="4251,1826 4366,1832 4419,1791 4544,1826 5051,1819 5051,1742 4603,1757 4466,1732 4435,1757 4251,1729"/>
                <Baseline points="4270,1783 4359,1789 4449,1789 4538,1795 4628,1795 4717,1795 4807,1795 4896,1795 4986,1795 5057,1807"/>
                <TextEquiv>
                    <Unicode>der inneren Stadt</Unicode>
                </TextEquiv>
            </TextLine>
            <TextLine id="tr_1_tl_12" custom="readingOrder {index:11;}">
                <Coords points="3586,1869 4083,1947 4491,1882 5819,1916 5816,1810 5670,1776 5013,1838 3586,1763"/>
                <Baseline points="3602,1854 3691,1860 3781,1860 3870,1860 3960,1860 4049,1860 4139,1860 4228,1866 4318,1866 4407,1872 4497,1872 4586,1872 4676,1872 4765,1878 4854,1878 4944,1878 5033,1884 5123,1884 5212,1884 5302,1884 5391,1890 5481,1890 5570,1890 5660,1890 5749,1896 5827,1896"/>
                <TextEquiv>
                    <Unicode>schneiten Strassenverschien er abends. im Eltern-</Unicode>
                </TextEquiv>
            </TextLine>
            <TextLine id="tr_1_tl_13" custom="readingOrder {index:12;}">
                <Coords points="3592,2015 3934,2093 4889,2046 5066,2118 5349,2053 5769,2146 5701,1900 3592,1941"/>
                <Baseline points="3608,2015 3697,2015 3787,2015 3876,2015 3966,2015 4055,2021 4145,2021 4234,2021 4324,2027 4413,2021 4503,2027 4592,2027 4681,2033 4771,2033 4860,2033 4950,2033 5039,2039 5129,2039 5218,2039 5308,2045 5397,2045 5487,2045 5576,2051 5666,2051 5755,2063 5773,2063"/>
                <TextEquiv>
                    <Unicode>hause. Ein Gedeck war immer für ihn aufgelegt.</Unicode>
                </TextEquiv>
            </TextLine>
            <TextLine id="tr_1_tl_14" custom="readingOrder {index:13;}">
                <Coords points="3586,2214 5825,2233 5822,2140 5610,2077 3586,2102"/>
                <Baseline points="3602,2165 3691,2165 3781,2171 3870,2171 3960,2176 4049,2171 4139,2176 4228,2176 4318,2182 4407,2182 4497,2182 4586,2188 4676,2188 4765,2188 4854,2188 4944,2194 5033,2194 5123,2194 5212,2200 5302,2200 5391,2206 5481,2206 5570,2206 5660,2206 5749,2206 5833,2200"/>
                <TextEquiv>
                    <Unicode>Der Vater war noch nicht anwesend, so sass er zu-</Unicode>
                </TextEquiv>
            </TextLine>
            <TextLine id="tr_1_tl_15" custom="readingOrder {index:14;}">
                <Coords points="3894,2270 3919,2267 3943,2283 4003,2258 4027,2270 4108,2258 4127,2273 4161,2258 4202,2264 4202,2227 4161,2227 4083,2186 4046,2199 4034,2189 4015,2199 3996,2186 3931,2214 3894,2208"/>
                <Baseline points="3912,2248 4002,2248 4091,2248 4180,2248 4210,2248"/>
                <TextEquiv>
                    <Unicode>in bn</Unicode>
                </TextEquiv>
            </TextLine>
            <TextLine id="tr_1_tl_16" custom="readingOrder {index:15;}">
                <Coords points="4964,2326 4982,2326 5029,2283 5051,2273 5100,2289 5122,2283 5122,2224 5107,2224 5091,2208 5072,2208 5057,2224 5048,2217 5007,2221 4998,2230 4985,2221 4964,2224"/>
                <Baseline points="4980,2266 5069,2266 5129,2266"/>
                <TextEquiv>
                    <Unicode>allegt</Unicode>
                </TextEquiv>
            </TextLine>
            <TextLine id="tr_1_tl_17" custom="readingOrder {index:16;}">
                <Coords points="3586,2367 4338,2339 4886,2429 5788,2379 5785,2277 5657,2236 5082,2305 4522,2221 4338,2308 3835,2211 3586,2277"/>
                <Baseline points="3602,2326 3691,2326 3781,2326 3870,2332 3960,2332 4049,2332 4139,2332 4228,2338 4318,2338 4407,2338 4497,2338 4586,2338 4676,2343 4765,2343 4854,2343 4944,2349 5033,2349 5123,2349 5212,2355 5302,2355 5391,2355 5481,2355 5570,2361 5660,2361 5749,2361 5791,2367"/>
                <TextEquiv>
                    <Unicode>erst mit Mutter und Schwester im Salon, der erst</Unicode>
                </TextEquiv>
            </TextLine>
            <TextLine id="tr_1_tl_18" custom="readingOrder {index:17;}">
                <Coords points="3601,2513 5872,2550 5837,2379 4115,2432 3601,2367"/>
                <Baseline points="3620,2481 3709,2481 3799,2487 3888,2487 3978,2487 4067,2487 4157,2487 4246,2493 4336,2487 4425,2493 4514,2493 4604,2499 4693,2499 4783,2499 4872,2499 4962,2505 5051,2505 5141,2505 5230,2505 5320,2510 5409,2510 5499,2510 5588,2516 5678,2510 5767,2516 5856,2522 5880,2522"/>
                <TextEquiv>
                    <Unicode>in allerletzter Zeit neu eingerichtet worden war;</Unicode>
                </TextEquiv>
            </TextLine>
            <TextLine id="tr_1_tl_19" custom="readingOrder {index:18;}">
                <Coords points="3595,2696 5949,2731 5946,2622 5722,2535 3592,2550"/>
                <Baseline points="3608,2636 3697,2636 3787,2642 3876,2642 3966,2642 4055,2642 4145,2642 4234,2648 4324,2648 4413,2648 4503,2648 4592,2648 4681,2654 4771,2654 4860,2654 4950,2660 5039,2660 5129,2660 5218,2666 5308,2666 5397,2672 5487,2672 5576,2672 5666,2677 5755,2672 5845,2677 5934,2683 5958,2683"/>
                <TextEquiv>
                    <Unicode>helle, freundlich,mit weissen Vorhängen, lichtgrünen</Unicode>
                </TextEquiv>
            </TextLine>
            <TextLine id="tr_1_tl_20" custom="readingOrder {index:19;}">
                <Coords points="4342,2727 4432,2727 4500,2768 4581,2759 4631,2727 4715,2768 4817,2724 4867,2752 4929,2746 4929,2690 4864,2665 4752,2690 4674,2662 4637,2693 4388,2693 4342,2671"/>
                <Baseline points="4359,2713 4449,2713 4538,2713 4628,2719 4717,2713 4807,2719 4896,2719 4938,2719"/>
                <TextEquiv>
                    <Unicode>un sympathie du</Unicode>
                </TextEquiv>
            </TextLine>
            <TextLine id="tr_1_tl_21" custom="readingOrder {index:20;}">
                <Coords points="3580,2836 5800,2839 5763,2699 4718,2768 3576,2699"/>
                <Baseline points="3596,2791 3685,2791 3775,2791 3864,2791 3954,2797 4043,2797 4133,2797 4222,2797 4312,2803 4401,2803 4491,2803 4580,2809 4670,2803 4759,2809 4848,2809 4938,2809 5027,2809 5117,2809 5206,2815 5296,2815 5385,2815 5475,2821 5564,2821 5654,2821 5743,2827 5809,2833"/>
                <TextEquiv>
                    <Unicode>seidenartigen Tapeten - was Rudolf immer wieder</Unicode>
                </TextEquiv>
            </TextLine>
            <TextLine id="tr_1_tl_22" custom="readingOrder {index:21;}">
                <Coords points="5337,2914 5390,2923 5452,2902 5470,2917 5505,2908 5545,2920 5542,2836 5526,2836 5514,2824 5483,2824 5474,2833 5455,2827 5418,2858 5380,2836 5337,2846"/>
                <Baseline points="5355,2880 5445,2886 5534,2886 5552,2886"/>
                <TextEquiv>
                    <Unicode>in de</Unicode>
                </TextEquiv>
            </TextLine>
            <TextLine id="tr_1_tl_23" custom="readingOrder {index:22;}">
                <Coords points="3595,3001 5915,3010 5912,2892 5754,2855 5533,2920 5032,2849 3592,2874"/>
                <Baseline points="3608,2946 3697,2946 3787,2946 3876,2946 3966,2946 4055,2946 4145,2952 4234,2952 4324,2958 4413,2964 4503,2958 4592,2958 4681,2958 4771,2964 4860,2964 4950,2964 5039,2964 5129,2970 5218,2970 5308,2964 5397,2970 5487,2976 5576,2976 5666,2976 5755,2976 5845,2976 5922,2970"/>
                <TextEquiv>
                    <Unicode>angenehm berührte, ja überraschte. Denn im Bewusst-</Unicode>
                </TextEquiv>
            </TextLine>
            <TextLine id="tr_1_tl_24" custom="readingOrder {index:23;}">
                <Coords points="3626,3038 3766,3023 3872,3042 3906,3020 3943,3048 3990,3023 4031,3048 4298,3038 4298,3001 4024,2951 3912,2992 3841,2964 3797,2992 3626,2976"/>
                <Baseline points="3644,3023 3733,3011 3823,3017 3912,3017 4002,3011 4091,3017 4180,3023 4270,3023 4306,3023"/>
                <TextEquiv>
                    <Unicode>l'inventation</Unicode>
                </TextEquiv>
            </TextLine>
            <TextLine id="tr_1_tl_25" custom="readingOrder {index:24;}">
                <Coords points="4497,3038 4541,3042 4559,3060 4581,3063 4609,3048 4637,3063 4684,3054 4690,3045 4702,3057 4727,3057 4727,2992 4702,2995 4690,2982 4665,3001 4621,2979 4569,3010 4534,3007 4522,2995 4497,3001"/>
                <Baseline points="4514,3029 4604,3035 4693,3035 4735,3035"/>
                <TextEquiv>
                    <Unicode>so up</Unicode>
                </TextEquiv>
            </TextLine>
            <TextLine id="tr_1_tl_26" custom="readingOrder {index:25;}">
                <Coords points="3586,3147 5813,3163 5763,3063 5355,3023 3586,3038"/>
                <Baseline points="3602,3089 3691,3095 3781,3095 3870,3101 3960,3101 4049,3107 4139,3107 4228,3107 4318,3107 4407,3107 4497,3107 4586,3113 4676,3113 4765,3113 4854,3113 4944,3119 5033,3119 5123,3119 5212,3119 5302,3119 5391,3125 5481,3125 5570,3131 5660,3137 5749,3143 5821,3149"/>
                <TextEquiv>
                    <Unicode>sein hatte er immer noch den dunkelroten Plüsch,</Unicode>
                </TextEquiv>
            </TextLine>
            <TextLine id="tr_1_tl_27" custom="readingOrder {index:26;}">
                <Coords points="3573,3272 3909,3334 4202,3278 5657,3312 5657,3225 5467,3182 3573,3194"/>
                <Baseline points="3590,3250 3679,3250 3769,3250 3858,3256 3948,3256 4037,3256 4127,3262 4216,3262 4306,3262 4395,3262 4485,3262 4574,3262 4664,3262 4753,3256 4843,3262 4932,3262 5021,3268 5111,3268 5200,3268 5290,3268 5379,3268 5469,3268 5558,3274 5648,3274 5666,3274"/>
                <TextEquiv>
                    <Unicode>die allzu gewichtigen Fauteuils, die schweren</Unicode>
                </TextEquiv>
            </TextLine>
            <TextLine id="tr_1_tl_28" custom="readingOrder {index:27;}">
                <Coords points="3573,3424 5921,3468 5918,3353 5722,3318 5470,3387 3573,3315"/>
                <Baseline points="3590,3387 3679,3393 3769,3393 3858,3399 3948,3399 4037,3399 4127,3399 4216,3405 4306,3405 4395,3405 4485,3411 4574,3411 4664,3411 4753,3411 4843,3411 4932,3411 5021,3417 5111,3417 5200,3417 5290,3417 5379,3417 5469,3423 5558,3423 5648,3423 5737,3423 5827,3429 5916,3435 5928,3441"/>
                <TextEquiv>
                    <Unicode>Fenstervorhänge und die zwei ungeheueren</Unicode>
                </TextEquiv>
            </TextLine>
            <TextLine id="tr_1_tl_29" custom="readingOrder {index:28;}">
                <Coords points="3570,3648 4093,3573 6030,3611 6061,3405 5464,3539 5122,3458 3567,3468"/>
                <Baseline points="3584,3542 3674,3548 3763,3548 3852,3554 3942,3554 4031,3554 4121,3560 4210,3560 4300,3560 4389,3560 4479,3560 4568,3560 4658,3566 4747,3566 4837,3566 4926,3566 5015,3566 5105,3572 5194,3572 5284,3572 5373,3572 5463,3578 5552,3578 5642,3578 5731,3578 5821,3584 5910,3584 6000,3584 6071,3584"/>
                <TextEquiv>
                    <Unicode>orientalischen Vasen auf den chinesischen</Unicode>
                </TextEquiv>
            </TextLine>
        </TextRegion>
    </Page>
</PcGts>
