5992 4104
3423 558 5660 798 mit dem jetzigen Stande der Dinge zufrieden gab,
3455 685 3874 798 Rudil ses
3426 704 5606 940 wie war es zu verstehen, dass auch der Vater
3417 909 5638 1066 les Vorhergegangene geradezu vergessen zu haben
3404 1044 5550 1253 (sich kaum jemals Rechenschaft darüber
3423 1161 5695 1344 zu geben schien, welcher daf kann, ja welche Gefahr ne
3486 1312 3862 1398 I am to
3417 1316 5622 1578 über Friederikens Haupte schwebte. (Niemals, auch
3417 1502 5670 1653 wenn,wie es in dieser ärztlichen Atmosphäre, auch
3616 1609 4108 1719 Gesprächen
3426 1678 5635 1811 in zwischen Vater und Sohn sich
3420 1808 5521 1975 manchmal ganz natürlich ergab, von Geistes-und
5553 1921 5758 2092 nicht
3407 1966 5651 2186 Seelenkrankheiten die Rede war, schien er sich im
3417 2114 5625 2291 geringsten daran zu erinnern, dass er selbst ein
3417 2294 5610 2442 Wesen gezeugt hatte, auf das Worte, wie Wahnsinn,
3407 2451 5647 2644 Belastung doch immerhin einen gewissen, wenn auch
3404 2606 5565 2745 noch so entfernten Bezug hatten;) ebenso wenig
3877 2713 4079 2798 me
5322 2732 5594 2843 most
3420 2748 5540 2931 offenbar machte er sich Gedanken darüber/dass
3407 2890 5622 3117 sein eigener Bruder als Fünfzelnjähriger - frei
3818 3019 4297 3108 man is no
3366 3054 5641 3218 lich vor vierzig Jahren schon - durch Selbstmord
3404 3218 4985 3347 geendet, und am allerwenigsten fiel
4975 3237 5550 3382 es ihm ein
4972 3313 5575 3442 ligh ou moins
4436 3322 4600 3426 de
3146 3366 5685 3537 Auf den Wunderlichkeiten seiner eigenen Gattin Bedeu-
4367 3483 5502 3606 I shall have been
3395 3537 5682 3761 tung befrulegen..oder auch nur eine andere höhere
