3512 4152
2816 368 2915 526 8
1314 564 1980 747 "Oh, das is t -"
1306 722 3083 877 „Bitte, das ist nur selbe tvers tändlich,
1062 823 3011 1052 reden wir nicht weiter darüber, ich könnte
1022 1011 2928 1220 sonst auf die Mithülfe Ihrer Beamten
1075 1151 2973 1342 nicht reflektieren, das Findelhaus müsste
1077 1304 2928 1499 im Feuer aufgehen. Im übrigen ist es je
1072 1456 3116 1654 wirklich nur dieses Experiment, welches eine
1095 1642 2948 1804 gewisse hoffentlich nicht allzu schwere
1077 1759 3039 1962 Milhewaltung von Setten Ihrer Beamtenschaft
1111 1914 3100 2091 erfordert, gegen meine Mörderin schütze ich
1095 2081 2968 2249 mich selbst wie gesagt, und die Dame, dte
1108 2216 3014 2389 kommen wird den Einbruch anzuzeigen,wird
1095 2371 3037 2534 Ihnen hoffentlich nicht viel Zeit nehmen.
1105 2534 2973 2732 Hier habe ich natürlich nur eine Bitte",
1123 2678 2943 2874 Er sah auf die Uhr. "Es ist elf Uhr, Im
1121 2874 2861 3037 Laufe der nächs ten Stunde dürfte die
1121 2996 3009 3205 Schauspielerin bet Ihnen erscheinen. Ich
1138 3131 3072 3344 werde in das gegenüberliegen (Caféhaus ge¬
1144 3319 3187 3471 hen und ersuche dringend mich sofort zu ver¬
1154 3456 2961 3619 ständigen,wenn die Dame mit threm oder
1156 3563 3057 3764 ohne thren Begleiter erscheint. Denn ich
