3496 4104
2743 216 3162 361 noi 810.
2525 389 2625 557 1
1186 532 2049 715 Burleske Anekdote.
1051 838 2941 1031 Bet dem Polizeikommissär eines vornehmen
1056 1013 2939 1191 Wiener Bezirkes liess sich ein eleganter
1048 1163 2864 1326 Herrmelden, der sich als Dr. L.G. vor¬
1076 1324 2889 1472 stellte und bat gleich nach seinem Ein¬
1073 1469 3077 1627 tritt in höflicher Weise um Entschuldigung,
1081 1650 2964 1795 dess er den Kommissär in einer Angelegen
1073 1768 2934 1943 heit stören müsse, die im Grunde mit Kri¬
1071 1946 2956 2106 minalität nichts zu tun habe;aber, wie er
1083 2096 2991 2219 hinzusetzte,ginge es nun einmal nicht an-
1098 2264 2919 2402 ders bei der grossen Komplizirtheit der
2407 2324 2565 2430 als
1083 2425 2844 2555 modernen Kulturverhältnisse,dass eine
1096 2533 2931 2708 Wissenschaft sozusagen der andern untor
1106 2688 2981 2864 die Arme greife.- - Ich beschäftige mich“
1116 2851 3069 3032 fuhr er fort,seit geraumer Zett mit hypno¬
1106 3024 3032 3167 tischen Experimenten und bin genötigt Sie
1106 3164 3054 3335 um Ihre Mithilfe bei we ten meineriexpert-
1108 3345 2984 3458 mente zu ersuchen, was Sie mir schon dos¬
1108 3430 3049 3623 wegen nicht verden abschlagen können, weil
1108 3561 3122 3786 Ihre Weigerung in dem einen Fall wenigstens
