3512 4120
2699 295 2783 422 6
1135 464 2970 631 gegeben habe, sofort nach Misslingen des
1115 614 2847 801 Mordversuches, sich nicht mehr darauf
1130 776 3026 951 zu besinnen und sich einzubilden sie sei
1147 906 3119 1078 im Auftrag ihrer Tante zu mir gekommen, die
1147 1076 2987 1240 nachts plötzlich krank geworden sei und
1142 1228 3029 1390 meine Hilfe brauche.“ - “Und der Dolch“?
1167 1390 3139 1562 fragte der Kommtssär.- "Der wird in diesem
1147 1520 3070 1707 Augenblicke schon in meinem Besitze sein.
1147 1675 3063 1891 Drittens", fuhr er ohne weiteren Aufschub
1356 1813 3127 2002 . “Ich habe der Frau Bertha Liebhardt,
1172 1923 1859 2093 Schauspielerin
1169 2009 2957 2184 Banktersgattin,wohnhaft erster Bezirk,
1167 2159 3097 2304 Kolowratring zehn, in der Hypnose den Auf¬
1196 2287 3097 2471 trag erteilt, dass sie sich plötzlich für
1196 2464 3048 2613 die ihr nur dem Namen nach bekannte Ban¬
1194 2604 3110 2800 kiersgattin Theodora Löbel halten sollte,
1211 2758 3092 2903 sich einbilden, dass im Lauf der heutigen
1201 2893 3088 3083 Nacht bet ihr ein Einbruch verübt worden
1208 3070 2862 3220 sei und bei welcher Gelegenheit ihr
1201 3203 2999 3380 Schmuckgegenstände,Perlenschnüre,Rtnçc
1213 3363 3053 3544 u.s.w. in hohem Werte abhanden gekommen
3038 3525 3200 3756 zur
1216 3537 3002 3758 wären, dass sie hierauf in Verweiflung
