3512 4120
2527 347 2629 575 5
1103 499 3042 667 schen Wissenschaft feststellen zu lassen.
1103 682 3034 839 Und ohne eine weitere Antwort des Kommis¬
1105 862 2958 996 särs abzuwarten mit einem Blick in sein
1090 963 3128 1143 Notizbich fuhr er fort: "Zuettens: Ich habe
1118 1169 3042 1311 der Kunstblumen ja brikant in Albertine Reb¬
1110 1341 3047 1475 huhn,wohnhaft vierten Bezirk,Hauptstrasce
1105 1486 3032 1620 uterzehn, in der Hurnose den Auftrag gege¬
1118 1574 3062 1767 ben heute Nachmittag vier ihr Geschäft zu
1128 1774 3108 1942 sperren, bei einem Antiguttätenhändler nach
1136 1937 2936 2066 etnam Dolch zu suchen, einen solchen zu
1128 2048 3017 2211 kaufen,vor me inem Haustor zu warten, bis
1141 2208 2999 2360 ich nach Hause käme, dann auf mich loszu¬
1138 2385 3065 2507 stürzeh und mich zu ermorden.“ - „Und auch
1141 2510 2933 2659 davor, Herr Doktor,soll die Polizei Sie
1143 2657 2991 2832 schützen?" - "Duschaus nicht",enstderte
1169 2806 2989 2979 der Arzt, hiegegen werde ich mich selbst
1141 2930 2996 3133 zu schützen wissen.Die Sache wird keine
1153 3148 3004 3290 weiteren Folgen haben, umso mehr, als ich
1156 3301 2999 3435 den Fräulein, mit der ich das fxperimont
1143 3427 3095 3595 übrigens in Gegenwart ihrer Tante gemacht
1153 3574 2875 3770 habe, in der Hypnose auch den Auftrag
