3496 4120
2755 430 2846 531 4
1069 481 3030 770 Henfling,wohnhaft dritten Beztrk,Retsner-
1052 705 3030 898 strasse sechsundsechzig in der Hypnose den
1077 908 2816 1067 Auftrag gegeben sich heute Abend um
1092 1004 2881 1213 halb elf Uhr zu der in Bau begriffenen
1097 1200 2987 1331 Findelanstalt in Gersthof zu begeben und
1097 1313 2954 1480 dieselbe in Brand zu setzen. - Der Kommts¬
1102 1464 3042 1636 sär hielt s ich mit Milhe zurück aufzusprin¬
1100 1641 3002 1797 gen.biss sich auf dte Lippen und sagten
1115 1799 3067 1927 der Absicht den Scherz, den er vorhatte er¬
1115 1960 3138 2101 forderlichen Falls auch als Ernst verstehen
1115 2094 3057 2255 zu lassen: "Ich hätte das Recht „Herr Do“.
1130 2265 2798 2395 tor Sie sofort verhaften zu lassen.
1371 2423 3090 2526 "Das mögen Sie halten,vie Sie wollen"
2843 2496 2949 2584 wk
1145 2572 3017 2697 en iderte der Arzt,"hergekommen bin aber
1130 2670 3108 2863 nur, um Sie zu bitten das Findelhaus heute
1120 2851 3135 3007 Abend besachen zu lassen.Die beiden Indtvi-
1142 2979 3022 3181 duen, die von mir hypnotisiert,sich einer
1132 3158 2997 3349 Brandstiftung schuldig machen wollen, im
1150 3332 3080 3475 richtigen Momen te daran zu verhindern und
1147 3485 3065 3636 den Tatbestand im Interesse der medizini-
