3464 4104
2657 378 2751 520 2
939 546 2751 731 von den unheilbollsten Folgen für ganz
952 710 2989 875 unschuldige Menschen begleitet sein könnte.
941 875 2753 1020 Der Kommissär, ein noch junger Mann mit
959 1028 2883 1172 bedeutenden Aussichten, sah den Arzt ziem-
959 1185 2979 1337 lich strenge an. Dieser lächelte und sagte:
992 1342 2758 1474 "So unheilvolle Folgen, dass ich es für
964 1500 2806 1619 richtiger hielt mich nicht früher Ihrer
972 1637 2956 1809 Zustimnung zu verstehern, als bis die Sache
990 1781 2918 1954 gewissermassen unaufhaltsam geworden soin
969 1949 2966 2081 würde. Denn unter anderen Umständen hätten
979 2099 2796 2225 Sie mir Ihre Zustimmung wahrscheinlich
979 2251 2905 2400 versagt." - "Darf ich Sie darauf aufmerk¬
995 2406 2827 2555 sam machen,Herr Doktor,“ sagte der Kom¬
992 2565 2908 2740 missür, "dass Sie jedenfalls für die Fol¬
995 2702 2944 2916 gen Ihres Experiments haftbar sein würden
1005 2847 2984 3055 für den Fall, dass die Polizet,was ja nicht
1010 2974 2976 3164 von vornherein auszuschliessen sein würde,
1012 3152 2956 3314 unfähig oder gar inkompetent väre das von
1033 3301 2847 3446 hnen beschworene Unheil abzuwenden?" -
1038 3443 2713 3613 "Selbs tverständlich, Herr Konntssär.
