3512 4120
2884 313 2975 410 7
1117 438 2988 629 Polizeidtrektion laufen,die Anzeige er-
1135 592 3048 752 statten und den Verdacht auf einen früher
1135 783 3054 937 bei ihr bedienstet gewesenen Kammerdiener
1135 950 2931 1065 lenken solle. Ich muss bemerken, dass in
1135 1096 3028 1224 dieses Experiment der langjährige Freund
2020 1164 3085 1295 eingewecht u. gemeinpe
1141 1208 3059 1394 der Schauspielerln/einbezogen ist, der ste
1143 1391 3127 1532 selbstvers tändlich zur Direktion begleiten
1146 1571 3242 1702 wird und den Sie,dte Schauspielerin nämlich,
1143 1691 3035 1837 für Ihren Gatten, also den Bankter, halten
1154 1845 3041 1991 wird." - "Gestatten Sie mir zu bemerken",
1151 2015 3082 2138 sagte der Kommissär,"dass ich nicht recht
1148 2166 3088 2276 überzeugt bin, ob die Mühe, Herr Doktor, die
1154 2299 2991 2417 Die der Polizei verursachen, im Echtigen
1154 2482 3033 2589 Verhältnis zu dem wissenschaftlichen Er¬
1159 2644 3077 2754 trag Ihrer fxpermente stehen verdenwird.
1407 2761 3077 2941 "Auf diesen Vorwurf var ich gefasst,
1151 2921 2913 3072 Herr Kommissär,und bitte Sie für alle
1154 3046 3062 3195 Fälle hier diesen Check von zwethundert.
1167 3231 2908 3359 fünftig Kronen — ein Schelm gibt mehr
1174 3359 2962 3503 de er hat — als kleine Spende für den
1172 3518 3197 3693 Unterstützungs-und Krankenfond der Polizei-
1169 3644 2821 3787 beamten entgegen nehmen zu wollen.-
