3576 4136
3028 326 3141 451 3.
655 602 3148 803 Das Zimmer von Fräulein Emma, der Tochter des Hauses.
655 756 3157 1025 Das Bett hinter Vorhängen. Hellblaue Tapeten, weisses
655 997 1125 1216 Mobiliar.
671 1257 3191 1408 EMMI vor dem Frisierspiegel, Fräulein HELINE frisiert
671 1480 897 1655 sie.
1009 1636 3144 1803 Fräulein. Sie sind so geschickt! Sie und ein
677 1696 925 1875 EMMI:
1019 1809 3141 1981 Genie. Sie sind mir tausendmal lieber als die
1022 1956 3198 2110 Friseurin von Mama. Neulich für Hahn hat mich
1013 2097 3148 2260 die Friseurin von Mama hergerichtet - lächer-
1016 2289 3151 2455 lich! Sie kann nur alte Damen frisieren. Ob-
1025 2426 3066 2577 zwar... Mama ist doch nicht alt; sie macht
1028 2571 3148 2771 einen jungendlichen Eindruck. Wenn man denkt,
1031 2712 3198 2890 dass Emil heute fünfundzwanzig Jahre alt ist.
1047 2894 3173 3097 nicht wahr, - Allerdings mit sechzehn hat sie
1044 3079 2894 3217 geheiratet. Das gelingt mir nicht mehr.
721 3226 2527 3389 HELINE: Wann werden Sie achtzehn, Emmi?
1047 3342 3267 3539 Am vierundzwanzigsten Mai. Und ich erkläre hie-
724 3420 972 3602 EMMI:
1050 3514 3279 3734 mit feierlich, dass ich an diesem Tag verheira-
