3816 4152
3240 324 3377 552 2.
1225 624 3243 849 :zuerst fassungslos vor Wut, dann höhnisch,
806 697 1055 858 EMIL:
2501 758 2610 821 re
1212 785 1331 837 le 2e
2104 803 3231 979 Na, umso besser! ̃ ab:
1237 852 2046 1028 scheinbar ruhig:
2322 973 3483 1112 gungslos stehn, dann geht
1279 964 2334 1103 : bleibt eine Weile re
2179 1067 2907 1170 0 [incomme]0
815 976 1146 1149 HELINE:
1788 1082 1988 1164 au moins ou une autre
1249 1134 3410 1285 oie im Zimmer hin und her, dann setzt sie sich
2546 1279 3456 1410 dann stützt sie das
1240 1303 2707 1455 eine Weile vor den Spiegel,
2980 1361 3071 1413 G.M.F.P.
1701 1385 1952 1494 le sérieur avec les
1246 1458 3456 1628 Gesicht in beide Hände, dann blickt sie in Zorn
1249 1610 3365 1767 auf; allmählich verändern sich ihre Züge. Sie
1240 1743 3525 1898 lächelt ein wenig, sie fahrt sich über die Stirn
1243 1898 3419 2082 Sie stent auf, scheint, zu überlegen. Sie zuckt
1255 2052 3431 2240 die Achseln. Dann geht sie zur Türe rechts und
2640 2134 2746 2228 G.H.F.P.
1258 2161 3462 2376 verschwindet. Man hört sie draussen sagen: Herr
1270 2361 2907 2495 Doktor. Man hort eine Türe öffnen.
1543 2483 1752 2577 3 rue 2 rt 3 rt
849 2540 2968 2710 Stimme d. Dr. FIBULUS: Helene!- Sie sind es?
852 2628 3192 2858 Stimme HELENENS: Schlaft er? :Beide treten ein:
861 2834 3295 3007 FIBULUS: Ja, ja.- Fraulein Helene, was wünschen Sie?
1264 2974 3486 3131 Lieber, lieber Doktor - ich kann mir nicht mehr
852 3031 1188 3162 HELporte:
1270 3134 3456 3331 helfen! Denken Sie, jetzt war er wieder hier...
1267 3313 2437 3474 Haben Sie nichts gehört?
876 3504 2095 3674 Nazi, gar nicht.
