3736 4120
3100 352 3269 518 17.
1118 612 3381 804 so kurz und gut: dass Du meine Geliebte die Gou¬
1127 809 2543 970 vernante meiner Schwester ist!
1130 990 1522 1110 Nun....?
692 924 1035 1127 HELENE:
1118 1095 3383 1244 Ja, begereifst Du denn das nicht? - Meine Schwe¬
701 1150 967 1304 EMI:
1127 1301 3037 1421 ter ist ein unschuldigen junges Mädchen
1127 1467 1384 1576 Haha!
706 1404 1047 1593 HELINE:
1130 1576 1430 1759 Bitte!
718 1633 967 1759 EMIL:
1135 1767 1865 1905 Was bittest Du?
724 1776 1050 1936 HELporte:
1133 1873 3335 2022 Ich bitte Dich höflichst, dass Du nicht lachst,
724 1876 970 2051 EMIL:
1110 2056 3260 2182 wenn ich mit Dir von ernsten Dingen spreche.
1147 2171 3443 2351 Bitte, sprich nur! - Also Deine Schwester ist ein
744 2254 1067 2394 HELENE:
1138 2354 2482 2514 unschuldiges Mädchen - nun?
1144 2520 3220 2654 Also, ich will es Dir ganz aufrichtig sagen:
729 2411 987 2686 EMIL:
1150 2651 3446 2809 schon von allem Anfang an ist mir der Gedanke bis
1155 2803 3320 2994 zu einem gewissen Grad peinlich gewesen - ja-
1161 2937 3458 3109 aber ich hab' mich dagegen gewehrt - ich heb' den
1155 3123 3346 3306 Gedanken nicht aufkommen lassen - aus Egoismus,
1170 3258 3329 3423 will ich zugeben. - Aber Du musst doch einsehn,
1170 3423 3398 3652 dass es ein bischen peinlich für mich war, wenn
