3768 4088
3223 351 3386 511 19.
1173 540 3443 745 Sag' mir, was willst Du denn eigentlich? Was ist
765 585 1008 802 EMIL:
1171 719 3229 954 das für ein ironischer Ton? Ich erkläre Dir,
1173 879 2741 1051 dass ich absolut nicht dulde
1182 1045 2187 1228 Was duldest Du nicht?
757 971 1085 1199 HELINE:
1171 1213 3352 1396 Hüte Dien! Meine Schwester ist Braut - aie ist
754 1199 1005 1388 EMIL:
1173 1368 2030 1530 so gut wie Braut
1176 1513 3352 1659 Na, ich hätt' nicht übel Lust, ihrem Brautigam
754 1510 1082 1662 HELENE:
1173 1684 3432 1836 das Gespräch zu erzälen, das wir vor einer hal¬
1188 1839 2918 1947 ben Stunde miteinander geführt haben!
1171 1993 3255 2156 Du bist ja verrückt! Was fällt Dir denn ein?
751 1976 1008 2147 EMIL:
1176 2113 2589 2318 Ein Luder ist Deine Schwester!
751 2150 1082 2341 HELENE:
1176 2301 1519 2435 Helen»!
757 2298 996 2424 EMIL:
1168 2418 3329 2558 Es ist egal, wen sie heiratet, hat sie gesagt-
759 2432 1079 2658 HELporte:
1653 2584 3435 2758 t ja doch einen Jeden - und sie möchte
1171 2609 1616 2749 sie betrift
1191 2749 3403 2926 im Hemd auf den Ball gehn, hat sie gesagt - und
1173 2918 3469 3063 sich von den jungen Leuten die Brust küssen las¬
1168 3083 1365 3189 sen
1176 3218 2764 3397 Schweig, schweig! - du - Du - Du.
757 3203 999 3360 EMIL;
1165 3380 2963 3554 Schlag, mich noch - schlag' mieh noch!
768 3392 1108 3515 HELENE:
