3800 4136
1327 621 2590 762 Da besuch' ich meine Tante.
894 653 1245 778 HELENE:
1316 788 3368 950 Ja freilich! Ich weiss sehr gut, was Sie da
892 807 1149 955 EMMI:
1322 918 3445 1077 tun. Da sind Sie mit einem Herrn zusammen, mit
1319 1093 3315 1247 Ihrem Geliebten, und er knöpfelt Ihnen die
1327 1255 3301 1409 Taille auf - und dann küsst er Sie auf die
1322 1433 3405 1550 Brust - und dann schnurt er Ihnen das Mieder
1324 1552 3259 1667 auf - und dann sind Sie im Hemd - und
1324 1736 3020 1844 Emmi! ich bitte sehr, Fräulein Emmi!
905 1725 1234 1860 HELENE:
1330 1850 3365 1996 Oh, ich weiss Alles! Im übrigen, werden wir
908 1900 1162 2038 EMMI:
1340 2043 3360 2157 getrennte Schlafzimmer haben, mein Mann und
1319 2184 3442 2359 ich - jedenfalls... Aber meines wird ein wah-
1332 2349 3315 2481 res Feenmarchen sein, lauter Spiegel - und
1330 2463 3325 2640 einen Schlafrock werd' ich haben, ganz aus
1330 2667 3288 2802 Seide - und unter'm Schlafrock - manchmal
1332 2784 3455 2972 nichts, garnichts.... No, sagen Sie mir noch,
1332 2962 2521 3094 daas ich nichts versten'!
1345 3131 1736 3264 Oh Emmi!
910 3113 1255 3264 HELENE:
1332 3243 3468 3391 Wissen Sie, was ich heut Nacht geträumt hab?
916 3299 1168 3421 EMMI:
