3816 4136
3296 338 3479 488 10.
1351 622 2906 770 Das wird was Nettes gewesen sein.
917 649 1255 767 HELEME:
917 789 1168 914 HIMI:
1356 800 3430 971 Ach, garnicht so arg. Nur dass ich auf einem
1343 952 3381 1100 Ball war und die Schleife oben ist gerissen
1343 1081 3512 1263 und das Kleid ist mir herunter gerutscht - nur
1329 1288 3485 1394 auf einer Seite - und ich hab' mich riesig ge-
1340 1430 3457 1574 schämt und hab' immerfort versucht, es wieder
1326 1591 3438 1725 heraufzukriegen, es ist aber nicht gegangen
1334 1744 3381 1839 und Jemand - ich sag' Ihnen nicht, wer.,.
1329 1869 2235 2055 Schöne Traume - na!
898 1861 1236 2006 HELINE:
895 2036 1157 2156 EMMI:
1323 2041 3455 2167 No, was denn? Es ist gar nichts geschehn. Je¬
1323 2210 3362 2382 mand hat mich halt da her geküsst... Ha Sie
1318 2325 2792 2478 noch nie Jemand da her gekust?
898 2467 1231 2639 HELENE:
1326 2497 2336 2639 Fraulein Emmi - nein!
857 2655 1146 2852 EMMI:
1321 2652 3378 2778 Was kann ich dafür, dass ich solche Sachen
1321 2827 2922 2996 träum'? Ich hab' halt Temperament.
1460 3029 2639 3228 VATER tritt ein, im Pelz.
890 3184 1206 3329 VATER:
1310 3212 3498 3337 Nun? Ich erkläre hiermit, dass ich mich sofort
1315 3329 1973 3512 ins Bett lege!
