3720 4120
3142 403 3315 527 16.
1142 570 3413 794 sein. Es wird Dir an nichts fehlen - es wirdDir
1145 780 3378 990 ganz gut gehn - viel besser als hier, wo Du die
1154 935 3332 1111 Launen von Mama und Emmi.... :Vor ihr stehen
1157 1125 3280 1295 bleibend: Ja, ich seh' überhaupt nicht ein,
1174 1272 3139 1459 warum Du nicht gleich fortreisen solltest.
1174 1421 3393 1577 Weshalb? Es ist doch nicht notwendig. Man merkt
734 1442 1079 1591 HELINE:
1165 1491 3347 1726 noch gar nichts. Bis man etwas merkt, dauert's
1171 1724 2547 1896 mindestens noch bis zum März.
1168 1836 3401 2040 Es handelt sich nicht gerade darum, dass man es
742 1905 1007 2089 EMIL:
1180 2020 3312 2201 merkt.... ich gebe auf solche.... ausserliche
1188 2190 3275 2388 Dinge gar nicht viel. Es genügt, dass wir es
1194 2357 3390 2469 wissen. Wir wissen es doch! Und schliesslich -
1194 2478 3505 2679 unter diesen Umständen - ich begreif' nicht, dass
1203 2619 2843 2834 Du nicht die Empfindung dafür hast!
1209 2737 2958 2944 Wofür soll ich eine Empfindung haben?
774 2846 1114 2975 HELENE:
1203 2944 3479 3125 Nun, ganz ehrlich: es ist mir ein - bitte, miss¬
797 3010 1036 3136 EMIL:
1214 3096 3479 3283 versteh' mich nur nicht wieder - ein sonderbares
1214 3272 3390 3439 Gefühl, dass Du als Gouvernante meiner Schwes-
1223 3384 3459 3565 ter.... dass Du bei einem jungen Madchen.... al¬
