3704 4152
3222 407 3306 550 6-
1212 698 2817 884 DER VATER :tritt ein, im Frank.:
1212 887 3294 1087 :ärgerlich: Was giebt's denn? Ist man noch
776 881 1082 1058 VAFER:
1210 1041 3341 1175 nicht bald fertig? - Bubi, warum bist Du noch
1215 1166 3341 1378 nicht zu Bett? Nun, was ist eigentlich? Woran
1215 1352 3338 1500 liegt es wieder? Seit einer Stunde warte ich,
1227 1500 3329 1637 sitze im Frack in meinem Zimmer und erfriere.
1218 1622 3213 1835 Wenn Ihr mir jetzt Alle auf dem Hals sitzt
768 1675 1053 1826 EMMI:
1233 1817 2614 1977 kann ich nicht fertig werden.
1399 1971 2556 2117 :HAUSLEHRER und BUBI ab:
1230 2157 3213 2306 Na, adieu. Wir sehn uns ja bei Wernheimer.
762 2061 1064 2306 EMIL:
1053 2274 3387 2410 Servus Emmi! Adieu Papa - Adieu Maria. Guten Abend,
1236 2436 2003 2602 Fräulein. :Ab:
1236 2602 3280 2719 Ich erkläre hiermit: wenn man nicht in funf
820 2582 1114 2753 VATER:
1239 2724 3405 2881 Minuten bereit ist, so lege ich mich ins Bett!
1974 2913 2210 3033 :Ab:
1288 3015 3251 3198 betrachtet Emmi: Sehr hübsch - ja. Und
814 3067 1172 3210 MUTTER:
1253 3216 2989 3341 was ich Dir noch sagen wollte, Emmi -
1250 3376 1980 3530 jajaja jajajajaja!
834 3329 1090 3538 EMMI:
1268 3428 3384 3669 Bitte, höre mich an: Benimm Dich heute einmal
832 3521 1180 3701 MUTTER:
