3896 4120
3314 336 3485 447 15.
1329 680 1585 802 Emil!
910 660 1243 851 HELINE:
1329 811 2211 993 Na also, was denn?
922 845 1161 999 EMIL:
1331 953 3551 1129 Sag', warum heiratest Du mich eigentlich nicht?
916 976 1249 1135 HELENE:
1329 1121 3605 1300 Na, hör’, mein Kind - davon war doch niemals die
916 1147 1166 1343 EMIL:
1337 1312 1593 1479 Rede.
1340 1371 3505 1553 Nein, ich hab' es auch nicht behauptet. Es ist
922 1468 1252 1582 HELENE:
1343 1573 3462 1755 ja nur eine Frage. - Aber schau, Du weisst ja,
1340 1721 3627 1881 daas ich Dich sehr lieb hab' - dass ich nie einen
1351 1900 2290 2051 Andern als Dich....
1337 2023 3482 2216 Ja, ich weiss Alles und habe ausdrücklich von
925 2060 1172 2239 EMIL:
1349 2176 3616 2356 allem Anfang an erklärt, dass ich in keiner Wei¬
1718 2322 3619 2552 :auf und ab: Es ist doch wirklich ganz
1349 2381 1676 2518 se...
1346 2498 3437 2671 überflüssig, über alle diese Dinge wieder zu
1619 2649 1710 2726 xx
1366 2674 3613 2851 sprechen. Mir in meinem Leben hab' ich daran ge¬
1363 2782 3457 2947 dacht und ich habe immer ausdrücklich gesagt,
1366 2990 3252 3135 dass ich nicht daran denke.- Ist es so?
1366 3138 2040 3297 Ja, es ist so.
910 3107 1240 3331 HELINE:
1366 3277 3650 3411 Na also:- Ich denke, Du kannst mit den Verpflich
950 3320 1195 3471 EMIL:
1374 3425 3599 3616 tungen, die ich übernehme, vollkommen zufrieden
