3896 4088
3315 353 3482 517 14.
1192 687 3380 861 Ja, liebes Kind, begleiten kann ich Dich nicht
951 675 1156 880 ALL:
1205 858 2393 1038 das wirst Du wol einsehn.
874 944 3457 1211 hELEME: Könnt ich nicht ergendwo in der Nähe von Wien -
1208 1124 3502 1381 wo Du mich besuchen kannst - und auch, weisst Du,
1211 1295 3444 1503 wegen des Kinds, ich möchte es doch spater in
1208 1484 1934 1670 der Nähe haben.
1218 1564 3556 1796 Nein, nein! Das ist ein Unsinn. Ich bin entschie¬
903 1658 1144 1821 EMIL:
1218 1728 3392 1992 den für Deutschland. Ja. - Es ist doch absolut
996 1960 1995 2140 kein Grund zu weinen.
906 2114 2127 2236 HEIENE: Ich wein‘ ja nicht.
1224 2178 3576 2435 Nachdem ich - Du entschuldigst, dass ich davon re¬
903 2262 1147 2435 EMIL:
1230 2358 3592 2554 de - die Kosten tragen werde, so darf ich wol auch
1237 2496 3601 2695 den Ort bestimmen- das siehat Du wol ein. Und ich
1234 2676 3592 2878 bin nun einmal für Deutschland - oder auch für die
1237 2837 3595 3045 Schweiz - die Schweiz wär' vielleicht noch besser.
919 2962 2284 3171 HELENE: Und Du bleibst hier -!
1256 3139 3582 3309 Selbstv ratändlich. :Milder: Im übrigen, viel-
922 3148 1163 3335 EMIL:
1237 3261 3553 3492 leicht kann ich Dich einmal besuchen - ja, zu Os-
1240 3466 2448 3682 tern, das ging' ganz gut.
