<?xml version="1.0" encoding="UTF-8" standalone="yes"?>
<PcGts xmlns="http://schema.primaresearch.org/PAGE/gts/pagecontent/2013-07-15" xmlns:xsi="http://www.w3.org/2001/XMLSchema-instance" xsi:schemaLocation="http://schema.primaresearch.org/PAGE/gts/pagecontent/2013-07-15 http://schema.primaresearch.org/PAGE/gts/pagecontent/2013-07-15/pagecontent.xsd">
    <Metadata>
        <Creator>prov=READ-COOP:name=TrHtr:version=2.1.0:model_id=51170:date=30_07_2023_06:29</Creator>
        <Created>2023-05-10T13:47:34.499+02:00</Created>
        <LastChange>2023-07-30T06:29:12.529+02:00</LastChange>
        <TranskribusMetadata docId="1428594" pageId="55414356" pageNr="15" tsid="131485352" status="IN_PROGRESS" userId="64420" imgUrl="https://files.transkribus.eu/Get?id=VNZOMWMCOYIWQDBYLDCGLXMI&amp;fileType=view" xmlUrl="https://files.transkribus.eu/Get?id=ONFRPHDNAGRFTHFXYQABSIMJ" imageId="44688490"/>
    </Metadata>
    <Page imageFilename="1428594_0015.jpg" imageWidth="3736" imageHeight="4152">
        <ReadingOrder>
            <OrderedGroup id="ro_1711790277389" caption="Regions reading order">
                <RegionRefIndexed index="0" regionRef="tr_1"/>
                <RegionRefIndexed index="1" regionRef="tr_2"/>
            </OrderedGroup>
        </ReadingOrder>
        <TextRegion id="tr_1" custom="readingOrder {index:0;}">
            <Coords points="841,535 3405,535 3405,2021 841,2021"/>
            <TextLine id="tr_1_tl_1" custom="readingOrder {index:0;}">
                <Coords points="3189,600 3211,605 3219,600 3227,605 3255,592 3277,614 3304,605 3299,501 3279,503 3268,495 3260,506 3252,503 3244,512 3230,501 3208,503 3200,495 3180,498"/>
                <Baseline points="3205,585 3250,588 3295,591 3310,593"/>
                <TextEquiv>
                    <Unicode>7.</Unicode>
                </TextEquiv>
            </TextLine>
            <TextLine id="tr_1_tl_2" custom="readingOrder {index:1;}">
                <Coords points="1241,993 1563,935 1777,1010 1973,927 3120,938 3274,913 3277,823 1241,858"/>
                <Baseline points="1256,928 1265,928 1310,928 1355,925 1399,925 1444,925 1489,925 1534,925 1579,925 1623,925 1668,925 1713,925 1758,922 1802,919 1847,919 1892,919 1937,919 1981,919 2026,919 2071,916 2116,916 2161,916 2205,913 2250,913 2295,913 2340,913 2384,913 2429,913 2474,910 2519,910 2564,910 2608,907 2653,907 2698,907 2743,907 2787,907 2832,907 2877,907 2922,904 2966,904 3011,901 3056,901 3101,901 3146,898 3190,898 3235,898 3280,901"/>
                <TextEquiv>
                    <Unicode>anständig - verstehst Du mich? Wenn Du Dich</Unicode>
                </TextEquiv>
            </TextLine>
            <TextLine id="tr_1_tl_3" custom="readingOrder {index:2;}">
                <Coords points="1227,1131 3260,1092 3263,966 1230,1010"/>
                <Baseline points="1241,1083 1253,1080 1298,1080 1343,1080 1387,1080 1432,1080 1477,1080 1522,1080 1567,1077 1611,1077 1656,1077 1701,1077 1746,1077 1790,1077 1835,1074 1880,1077 1925,1074 1970,1077 2014,1074 2059,1071 2104,1071 2149,1071 2193,1071 2238,1071 2283,1068 2328,1068 2372,1068 2417,1068 2462,1068 2507,1068 2552,1065 2596,1062 2641,1062 2686,1062 2731,1062 2775,1062 2820,1059 2865,1059 2910,1059 2955,1059 2999,1059 3044,1059 3089,1056 3134,1053 3178,1053 3223,1050 3268,1050"/>
                <TextEquiv>
                    <Unicode>heut' anständig benimmst, ist Alles in Ord¬</Unicode>
                </TextEquiv>
            </TextLine>
            <TextLine id="tr_1_tl_4" custom="readingOrder {index:3;}">
                <Coords points="1241,1260 3026,1268 3315,1213 3315,1145 1241,1189"/>
                <Baseline points="1256,1238 1262,1238 1307,1238 1352,1238 1396,1238 1441,1235 1486,1235 1531,1235 1576,1235 1620,1232 1665,1232 1710,1232 1755,1229 1799,1229 1844,1229 1889,1229 1934,1229 1978,1229 2023,1229 2068,1226 2113,1226 2158,1226 2202,1223 2247,1223 2292,1226 2337,1223 2381,1226 2426,1226 2471,1223 2516,1220 2561,1220 2605,1220 2650,1217 2695,1217 2740,1217 2784,1217 2829,1217 2874,1217 2919,1214 2964,1214 3008,1214 3053,1214 3098,1214 3143,1211 3187,1211 3232,1208 3277,1208 3322,1211"/>
                <TextEquiv>
                    <Unicode>nung. Dann halt er morgen um Dich an. Es war</Unicode>
                </TextEquiv>
            </TextLine>
            <TextLine id="tr_1_tl_5" custom="readingOrder {index:4;}">
                <Coords points="1244,1442 1362,1444 1450,1395 1601,1444 1874,1439 2063,1387 2300,1417 2303,1290 2143,1290 2072,1332 1728,1288 1560,1343 1439,1299 1246,1334"/>
                <Baseline points="1259,1390 1277,1390 1322,1390 1367,1390 1411,1390 1456,1393 1501,1393 1546,1390 1590,1390 1635,1387 1680,1384 1725,1384 1770,1387 1814,1384 1859,1384 1904,1384 1949,1382 1993,1382 2038,1382 2083,1382 2128,1379 2173,1379 2217,1376 2262,1376 2307,1379"/>
                <TextEquiv>
                    <Unicode>schon neulich so weit.</Unicode>
                </TextEquiv>
            </TextLine>
            <TextLine id="tr_1_tl_6" custom="readingOrder {index:5;}">
                <Coords points="1246,1579 1381,1598 1469,1554 1601,1565 1601,1491 1530,1486 1483,1458 1447,1483 1392,1486 1376,1475 1345,1497 1274,1461 1246,1469"/>
                <Baseline points="1262,1549 1292,1546 1337,1546 1382,1546 1426,1546 1471,1546 1516,1543 1561,1543 1605,1546"/>
                <TextEquiv>
                    <Unicode>O nein.</Unicode>
                </TextEquiv>
            </TextLine>
            <TextLine id="tr_1_tl_7" custom="readingOrder {index:6;}">
                <Coords points="828,1568 853,1574 902,1563 946,1574 974,1593 1054,1596 1073,1590 1073,1491 1032,1494 1010,1475 963,1486 924,1469 908,1488 825,1486"/>
                <Baseline points="844,1549 889,1549 934,1549 979,1549 1023,1552 1068,1555 1077,1555"/>
                <TextEquiv>
                    <Unicode>EMMI :</Unicode>
                </TextEquiv>
            </TextLine>
            <TextLine id="tr_1_tl_8" custom="readingOrder {index:7;}">
                <Coords points="1252,1709 3370,1700 3373,1590 1252,1604"/>
                <Baseline points="1268,1704 1274,1701 1319,1698 1364,1701 1408,1701 1453,1701 1498,1701 1543,1698 1587,1698 1632,1695 1677,1692 1722,1692 1767,1692 1811,1692 1856,1692 1901,1692 1946,1689 1990,1692 2035,1689 2080,1689 2125,1689 2170,1689 2214,1689 2259,1686 2304,1686 2349,1686 2393,1683 2438,1683 2483,1680 2528,1680 2572,1680 2617,1683 2662,1680 2707,1680 2752,1680 2796,1680 2841,1677 2886,1677 2931,1677 2975,1674 3020,1674 3065,1674 3110,1674 3155,1677 3199,1674 3244,1674 3289,1671 3334,1671 3378,1668"/>
                <TextEquiv>
                    <Unicode>Ja. Nur Deine blöde Kokettirerei mit Paul hat</Unicode>
                </TextEquiv>
            </TextLine>
            <TextLine id="tr_1_tl_9" custom="readingOrder {index:8;}">
                <Coords points="825,1725 869,1744 922,1733 960,1753 1018,1744 1048,1764 1059,1755 1092,1769 1153,1753 1153,1640 1015,1648 941,1634 867,1656 825,1642"/>
                <Baseline points="841,1704 844,1701 889,1701 934,1701 979,1704 1023,1701 1068,1701 1113,1704 1158,1701"/>
                <TextEquiv>
                    <Unicode>MUTTER:</Unicode>
                </TextEquiv>
            </TextLine>
            <TextLine id="tr_1_tl_10" custom="readingOrder {index:9;}">
                <Coords points="1246,1868 3395,1874 3398,1786 1249,1786"/>
                <Baseline points="1262,1856 1301,1853 1346,1853 1390,1853 1435,1853 1480,1850 1525,1850 1570,1850 1614,1847 1659,1847 1704,1847 1749,1847 1793,1847 1838,1847 1883,1847 1928,1847 1973,1847 2017,1844 2062,1847 2107,1844 2152,1844 2196,1844 2241,1844 2286,1844 2331,1841 2375,1841 2420,1838 2465,1838 2510,1838 2555,1838 2599,1838 2644,1838 2689,1835 2734,1835 2778,1835 2823,1835 2868,1832 2913,1832 2958,1829 3002,1829 3047,1829 3092,1829 3137,1829 3181,1829 3226,1826 3271,1829 3316,1829 3361,1832 3405,1838"/>
                <TextEquiv>
                    <Unicode>ihn wieder schwankend gemacht. Ich bitte Dich,</Unicode>
                </TextEquiv>
            </TextLine>
            <TextLine id="tr_1_tl_11" custom="readingOrder {index:10;}">
                <Coords points="1246,2074 1411,2017 3222,2014 3343,1995 3343,1920 1246,1937"/>
                <Baseline points="1262,2008 1289,2011 1334,2011 1379,2008 1423,2008 1468,2005 1513,2005 1558,2002 1602,2002 1647,2002 1692,2002 1737,2002 1781,2002 1826,2002 1871,2002 1916,2002 1961,2002 2005,1999 2050,1999 2095,1999 2140,2002 2184,1999 2229,1999 2274,1996 2319,1996 2364,1993 2408,1993 2453,1993 2498,1990 2543,1993 2587,1993 2632,1993 2677,1993 2722,1993 2767,1993 2811,1990 2856,1990 2901,1990 2946,1987 2990,1987 3035,1987 3080,1984 3125,1984 3169,1984 3214,1984 3259,1984 3304,1984 3349,1981"/>
                <TextEquiv>
                    <Unicode>kokettir' heut nicht mit Paul, wenn er zufal</Unicode>
                </TextEquiv>
            </TextLine>
        </TextRegion>
        <TextRegion id="tr_2" custom="readingOrder {index:1;}">
            <Coords points="838,2084 3462,2084 3462,3573 838,3573"/>
            <TextLine id="tr_2_tl_1" custom="readingOrder {index:0;}">
                <Coords points="1241,2173 3335,2190 3290,2066 1439,2124 1244,2069"/>
                <Baseline points="1256,2167 1283,2167 1328,2164 1373,2167 1417,2164 1462,2164 1507,2164 1552,2161 1596,2161 1641,2158 1686,2158 1731,2158 1776,2158 1820,2158 1865,2164 1910,2161 1955,2161 1999,2158 2044,2158 2089,2158 2134,2158 2178,2158 2223,2158 2268,2155 2313,2155 2358,2152 2402,2149 2447,2149 2492,2149 2537,2146 2581,2146 2626,2146 2671,2146 2716,2146 2761,2146 2805,2146 2850,2143 2895,2143 2940,2143 2984,2143 3029,2140 3074,2140 3119,2140 3163,2140 3208,2137 3253,2137 3298,2137 3343,2134"/>
                <TextEquiv>
                    <Unicode>lig dort ist, und geh' nicht ins Rauchzimmer</Unicode>
                </TextEquiv>
            </TextLine>
            <TextLine id="tr_2_tl_2" custom="readingOrder {index:1;}">
                <Coords points="1252,2352 3246,2317 3109,2190 2658,2270 1252,2242"/>
                <Baseline points="1268,2319 1283,2319 1328,2319 1373,2319 1417,2319 1462,2319 1507,2316 1552,2316 1596,2316 1641,2313 1686,2316 1731,2316 1776,2313 1820,2310 1865,2310 1910,2313 1955,2313 1999,2313 2044,2313 2089,2313 2134,2310 2178,2310 2223,2310 2268,2310 2313,2310 2358,2307 2402,2307 2447,2307 2492,2307 2537,2304 2581,2304 2626,2301 2671,2301 2716,2301 2761,2301 2805,2301 2850,2301 2895,2298 2940,2298 2984,2298 3029,2298 3074,2298 3119,2295 3163,2295 3208,2292 3253,2292"/>
                <TextEquiv>
                    <Unicode>und trink' keinen Champagner - und wenn Du</Unicode>
                </TextEquiv>
            </TextLine>
            <TextLine id="tr_2_tl_3" custom="readingOrder {index:2;}">
                <Coords points="1246,2495 2520,2465 2743,2534 3222,2501 3381,2460 3381,2385 1246,2421"/>
                <Baseline points="1262,2477 1283,2474 1328,2474 1373,2474 1417,2477 1462,2477 1507,2477 1552,2474 1596,2471 1641,2471 1686,2468 1731,2471 1776,2468 1820,2468 1865,2468 1910,2465 1955,2465 1999,2465 2044,2465 2089,2465 2134,2465 2178,2465 2223,2465 2268,2465 2313,2465 2358,2465 2402,2465 2447,2462 2492,2462 2537,2459 2581,2459 2626,2459 2671,2459 2716,2459 2761,2456 2805,2456 2850,2456 2895,2456 2940,2456 2984,2453 3029,2453 3074,2450 3119,2450 3163,2450 3208,2450 3253,2450 3298,2447 3343,2447 3387,2447"/>
                <TextEquiv>
                    <Unicode>tanzt, mach' keine solchen Augen...Du weisst</Unicode>
                </TextEquiv>
            </TextLine>
            <TextLine id="tr_2_tl_4" custom="readingOrder {index:3;}">
                <Coords points="1249,2630 2721,2614 2996,2666 3189,2625 3189,2531 1249,2578"/>
                <Baseline points="1265,2629 1271,2629 1316,2629 1361,2632 1405,2632 1450,2632 1495,2632 1540,2629 1584,2629 1629,2629 1674,2629 1719,2626 1764,2626 1808,2623 1853,2623 1898,2623 1943,2623 1987,2623 2032,2623 2077,2620 2122,2620 2167,2620 2211,2620 2256,2620 2301,2620 2346,2620 2390,2614 2435,2614 2480,2614 2525,2614 2570,2614 2614,2611 2659,2611 2704,2611 2749,2611 2793,2611 2838,2611 2883,2611 2928,2608 2972,2608 3017,2608 3062,2608 3107,2608 3152,2608 3196,2608"/>
                <TextEquiv>
                    <Unicode>schon,- höchstens, wenn Du mit ihm tanzt.</Unicode>
                </TextEquiv>
            </TextLine>
            <TextLine id="tr_2_tl_5" custom="readingOrder {index:4;}">
                <Coords points="1252,2787 3395,2823 3398,2702 1252,2704"/>
                <Baseline points="1268,2787 1295,2787 1340,2787 1384,2787 1429,2787 1474,2787 1519,2787 1564,2787 1608,2784 1653,2784 1698,2781 1743,2781 1787,2781 1832,2778 1877,2778 1922,2778 1967,2778 2011,2778 2056,2778 2101,2778 2146,2778 2190,2775 2235,2775 2280,2775 2325,2775 2370,2775 2414,2775 2459,2775 2504,2775 2549,2772 2593,2775 2638,2769 2683,2772 2728,2769 2772,2769 2817,2769 2862,2769 2907,2767 2952,2767 2996,2767 3041,2764 3086,2764 3131,2764 3175,2764 3220,2764 3265,2761 3310,2761 3355,2761 3399,2764"/>
                <TextEquiv>
                    <Unicode>Jajajajaja! Wenn Du dastehst, Wama, werd' ich</Unicode>
                </TextEquiv>
            </TextLine>
            <TextLine id="tr_2_tl_6" custom="readingOrder {index:5;}">
                <Coords points="828,2823 872,2815 883,2823 913,2806 985,2809 996,2798 1073,2815 1073,2732 979,2732 941,2707 924,2713 908,2699 867,2710 828,2704"/>
                <Baseline points="844,2799 856,2796 901,2796 946,2793 990,2793 1035,2793 1080,2796"/>
                <TextEquiv>
                    <Unicode>EMMI:</Unicode>
                </TextEquiv>
            </TextLine>
            <TextLine id="tr_2_tl_7" custom="readingOrder {index:6;}">
                <Coords points="1246,2969 3387,2941 3461,2815 1246,2881"/>
                <Baseline points="1262,2943 1268,2943 1313,2943 1358,2943 1402,2943 1447,2943 1492,2943 1537,2943 1581,2940 1626,2940 1671,2937 1716,2937 1761,2937 1805,2937 1850,2937 1895,2934 1940,2934 1984,2934 2029,2934 2074,2931 2119,2931 2164,2931 2208,2931 2253,2931 2298,2931 2343,2931 2387,2931 2432,2931 2477,2928 2522,2928 2567,2928 2611,2928 2656,2925 2701,2925 2746,2922 2790,2922 2835,2922 2880,2922 2925,2922 2969,2922 3014,2922 3059,2922 3104,2922 3149,2922 3193,2919 3238,2919 3283,2916 3328,2916 3372,2916 3417,2916 3462,2916"/>
                <TextEquiv>
                    <Unicode>nicht fertig. Ueberhaupt machst Du mich nervös.</Unicode>
                </TextEquiv>
            </TextLine>
            <TextLine id="tr_2_tl_8" custom="readingOrder {index:7;}">
                <Coords points="1255,3106 2963,3084 3260,3172 3235,3004 1257,3013"/>
                <Baseline points="1271,3095 1301,3098 1346,3095 1390,3098 1435,3095 1480,3095 1525,3095 1570,3095 1614,3095 1659,3095 1704,3092 1749,3092 1793,3092 1838,3092 1883,3092 1928,3089 1973,3089 2017,3089 2062,3089 2107,3089 2152,3089 2196,3089 2241,3086 2286,3086 2331,3086 2375,3086 2420,3086 2465,3086 2510,3083 2555,3083 2599,3083 2644,3080 2689,3083 2734,3080 2778,3080 2823,3077 2868,3077 2913,3077 2958,3077 3002,3077 3047,3077 3092,3080 3137,3080 3181,3077 3226,3077 3271,3080"/>
                <TextEquiv>
                    <Unicode>Man wird seinem Kind doch noch etwas sagen</Unicode>
                </TextEquiv>
            </TextLine>
            <TextLine id="tr_2_tl_9" custom="readingOrder {index:8;}">
                <Coords points="825,3112 966,3125 990,3109 1161,3114 1161,2996 1117,3024 1015,3018 966,3043 869,2974 825,2988"/>
                <Baseline points="841,3101 886,3104 931,3101 976,3101 1020,3101 1065,3098 1110,3098 1155,3101 1167,3101"/>
                <TextEquiv>
                    <Unicode>MUTTER:</Unicode>
                </TextEquiv>
            </TextLine>
            <TextLine id="tr_2_tl_10" custom="readingOrder {index:9;}">
                <Coords points="1249,3285 1596,3257 1940,3277 1940,3158 1838,3194 1725,3161 1640,3200 1563,3180 1249,3194"/>
                <Baseline points="1265,3250 1274,3250 1319,3250 1364,3250 1408,3250 1453,3250 1498,3253 1543,3253 1587,3253 1632,3256 1677,3256 1722,3253 1767,3247 1811,3247 1856,3247 1901,3247 1946,3247"/>
                <TextEquiv>
                    <Unicode>dürfen. :Ab:</Unicode>
                </TextEquiv>
            </TextLine>
            <TextLine id="tr_2_tl_11" custom="readingOrder {index:10;}">
                <Coords points="1263,3450 3213,3425 3255,3310 1263,3340"/>
                <Baseline points="1277,3405 1292,3405 1337,3405 1382,3405 1426,3408 1471,3405 1516,3405 1561,3408 1605,3405 1650,3405 1695,3405 1740,3405 1784,3405 1829,3405 1874,3402 1919,3405 1964,3402 2008,3402 2053,3402 2098,3399 2143,3399 2187,3399 2232,3396 2277,3396 2322,3396 2367,3396 2411,3396 2456,3396 2501,3393 2546,3393 2590,3396 2635,3393 2680,3393 2725,3393 2769,3393 2814,3393 2859,3393 2904,3393 2949,3390 2993,3387 3038,3387 3083,3387 3128,3387 3172,3384 3217,3384 3262,3387"/>
                <TextEquiv>
                    <Unicode>Was sagen Sie, Fräulein? Senen Sie, es ist</Unicode>
                </TextEquiv>
            </TextLine>
            <TextLine id="tr_2_tl_12" custom="readingOrder {index:11;}">
                <Coords points="823,3442 902,3436 955,3469 1037,3434 1089,3439 1089,3302 1045,3313 1018,3299 957,3313 935,3302 908,3326 823,3329"/>
                <Baseline points="838,3411 883,3417 928,3414 973,3414 1017,3414 1062,3414 1095,3417"/>
                <TextEquiv>
                    <Unicode>EMMI:</Unicode>
                </TextEquiv>
            </TextLine>
            <TextLine id="tr_2_tl_13" custom="readingOrder {index:12;}">
                <Coords points="1260,3577 1970,3563 2251,3648 2782,3557 3263,3579 3351,3555 3351,3478 1260,3508"/>
                <Baseline points="1274,3563 1298,3563 1343,3563 1387,3563 1432,3563 1477,3563 1522,3563 1567,3563 1611,3563 1656,3563 1701,3560 1746,3560 1790,3558 1835,3560 1880,3558 1925,3560 1970,3560 2014,3560 2059,3558 2104,3558 2149,3558 2193,3555 2238,3555 2283,3552 2328,3552 2372,3552 2417,3552 2462,3552 2507,3552 2552,3552 2596,3552 2641,3552 2686,3549 2731,3549 2775,3546 2820,3546 2865,3549 2910,3549 2955,3549 2999,3546 3044,3546 3089,3546 3134,3546 3178,3543 3223,3543 3268,3543 3313,3543 3358,3540"/>
                <TextEquiv>
                    <Unicode>nicht so leicht, einen Mann zu kriegen - den</Unicode>
                </TextEquiv>
            </TextLine>
        </TextRegion>
    </Page>
</PcGts>
