3752 4088
3211 498 3392 628 18.
1177 699 3318 894 ich dachte: dieselbe, die sich heut' Nacht in
1180 871 3259 1027 Dein Zimmer gestohlen hat, dieselbe, die in
1171 1047 3310 1182 Deinen Armen.... na, kurz und gut, dass meine
1180 1188 3163 1344 Schwester sozusagen unter Deiner Obhut.
1177 1332 2320 1528 Sag" redest Du im,Ernst?
769 1315 1095 1505 HELEME:
1180 1488 3355 1644 Bei Gott, mir ist gar nicht spasshaft zu Mut.
767 1511 1004 1672 EMIL:
1174 1632 3366 1785 Es ist wahrhaftig keine Kleinigkeit,- wann ich
1174 1850 3386 1966 denke, daß ich vorläufig nur auf mein Taschen¬
1180 1983 2269 2116 geld angewiesen bin...
1177 2130 2266 2280 Nu r weiter, nur weiter!
764 2105 1100 2260 HELINE:
1177 2260 3262 2444 Na, davon wollt' ich ja nicht reden. Das ist
775 2303 1001 2441 EMIL:
1171 2419 3276 2588 meine Sache. Ich spreche von der moralischen
1174 2611 3363 2761 Seite; und da musst Du begreifen, dass ich als
1185 2730 2696 2916 Bruder eines jungen Mädchen.
1202 2888 2962 3061 - eines unschuldigen jungen Mädchena -
764 2882 1092 3038 HELINE:
1185 3075 3361 3180 Kurz und gut: es passt mir nicht! Es past mi
761 3049 1010 3233 EMIL:
1180 3182 3454 3358 nicht! - Und ich bin dagegen, dass Du weiter die
1188 3352 2569 3505 Gouvernante von Emmi bleibst.
1180 3510 2792 3672 Von Deiner unschuldigen Schwester.
758 3513 1100 3669 HELENE:
