3672 4088
3202 253 3366 480 23.
1160 523 3271 773 Seit heute weiss ich es, dass ich Dich liebe.
750 776 3232 957 FIBULUS: Helene... So sind Sie... so bist Du... meine
1164 904 1479 1036 Braut?
756 1062 3153 1220 HELENE: Deine Braut. : Sie sinkt ihm in die Arme:
756 1193 2308 1397 FIBULUS: Ich ben ja so glücklich!
1825 1354 2143 1476 : Pause:
1736 1450 2022 1555 A.W.A.
2150 1358 2268 1562 F
750 1466 3189 1726 FIBULUS: Nun aber will ich Dir.... doch lieber, gute
1170 1680 1759 1877 Nacht sagen.
753 1802 2870 1966 HELENE: Schon?... Du Willst.... schon gehn.
756 1986 2992 2127 FIBULUS: Ja. - Eine Braut ist etwas Heiliges......
1170 2124 2817 2295 Und... etwas Geliebtes,- hoff' ich.
750 2140 1085 2305 HELENE:
753 2275 3330 2469 FIBULUS: ga...... eben deshalb... Auf morgen - lebe wol!
1164 2449 1713 2643 Auf morgen:
1160 2577 2630 2781 Aber ich hab' ja solche Angst!
766 2541 1091 2768 I.F.I.ENE:
756 2765 1493 2932 FI BULUS: Angst?
753 2873 3393 3103 HELINE: Solche Angst:- Ich fürcht' mich vor dem Allein¬
1174 3067 2643 3245 sein... Wenn er zurückkehrt...
756 3258 1627 3449 FIBULUS: O Helene!
