7832 6136
488 1059 3766 1491 Mon Dieu! Gémit dencement la jeune femme
488 1373 3757 1569 Attends-moi un instant chérie; je le trouverais
423 1552 3670 1748 là dedans dit-il en faisant de la main
427 1687 3474 1948 Le jeune homme avait la porte d'une
427 1905 3557 2145 petite anberge; et vit le cocher attablé
488 2022 2145 2280 avec quelques rouliers.
536 2249 3692 2467 Vélà, v' là, m' sieur, dit ce dernier vidant
292 2362 1892 2620 d'un coup son verre
506 2528 3727 2759 Qu'est-ce qui vous a puis de vous esquiver
519 2698 1591 2938 comme ça?
536 2872 3762 3077 Etensez moi, m' sieur, mais... v'là, je suis écrouvés
323 3055 3622 3265 D'un pas chancelant, il coment à ses chevaux
497 3217 3369 3474 On faut-il vous conduire m' sieur?
1691 3356 1887 3448 Cela nʼentraîne
780 3369 2694 3626 An Prater   Lusthaus
392 3552 3679 3753 Cha jeune femme pelotonnée dans le fond,
497 3701 3749 3901 était presque cachée sans la capale de la voiture.
532 3888 3622 4158 Il prit ses deux mains dans les siennes.
453 4067 3640 4289 Elle ne bongea pas - Ne vent-tu pas an
488 4219 2532 4481 moins me dire bonsoir?
649 4394 3762 4660 Je t'en supplie, laisse-moi revenir à moi,
597 4551 2872 4790 je suis encore hors d'haleine
353 4729 3640 4995 Le jeune homme s'appuya dans son coin
357 4886 3766 5183 et tous dent restèrent un moment sans parler.
3927 1059 7375 1364 La voiture avait tourné la Pratustrasse était
3940 1329 7371 1560 passée devant le monument de Tigethoff et en
3966 1473 7113 1730 quelques secondes était lancée à fond de tran
3980 1630 7253 1874 dans la sombre et large allée du Protic D'un
3949 1874 7275 2088 mouvement subit, somma en laça de ses deux
3892 2018 7362 2192 bras le con de son amant. Lui, relava doucement
3866 2171 7371 2450 le voile qui le séparait de ses livres et l'embrasse
3940 2328 4882 2624 longuement.
3988 2506 6516 2759 Enfin, me voilà près de toi!
4058 2659 7366 2872 sais-tu depuis combien de temps nous
3901 2842 5971 3060 ne nous sommes vus?
3945 3008 5653 3260 Depuis dimanche
3988 3173 6124 3382 Oui et de loin encore!
4075 3348 7031 3574 Comment? Mais tu était chez nous
3993 3513 7301 3735 Oui ani, chez vous. Non cette vie ne peut
3945 3648 7275 3945 plus continuer ainsi. Chez vous surtout je
3958 3857 7392 4136 ne veux plus revenir. Mais qu'est ce que tu as
4054 4001 7340 4232 Une voiture vient de passer près de cône
4014 4158 7336 4485 Les gens qui vont au Prater aujourd'hui chérie,
3949 4341 6351 4633 ne prennent pas garde à nous
3997 4463 7310 4847 Je le crois bien. Mais on pourrait regarder
4132 4686 5165 4986 par hasard.
3980 4834 6773 5156 C'est impossible de reconnaître quelque
