7753 6104
4056 168 4245 473 P.
4318 1071 6598 1445 Les morts ne parlent pas
4301 1428 6624 1733 l'attente en voiture lui devait
3755 1729 6783 1927 insupportable, il descendit et arpenta
3781 1837 6886 2065 chaussée de long en large - L'obscurité
3815 2056 6964 2237 avait gagné la ville; les flammes des
3893 2142 7209 2435 quelques réverbères étaient seconées par le
3854 2366 6869 2568 vent de côté et d'autre dans cette une
3854 2508 6929 2766 tranquille et isolée. La pluie avait
3906 2675 6964 2929 cessé les trottairs étaient presque ses
3906 2835 6899 3110 les larges voies non pavées étaient en
3906 3011 7149 3278 humides, et par places des petites flagues
3841 3166 7278 3463 d'eau s'étaient formées. C'est étrange, se dit
3824 3359 7265 3583 Franz, comme ici, a cent pas de la Praterstrasse
3828 3506 7286 3798 l'on se croit translante dans une petite ville
3811 3712 7174 3966 hongroise. Comment que ce sait. on est au
3828 3850 6607 4073 moins sûr ici; elle ne rencontrera
3794 4017 6886 4310 de ses connaissances si redentées. Il tire
3888 4198 7024 4417 montre sept heures et tout à fait som
3901 4353 6392 4645 L'automne appesche vite cette
3923 4538 5858 4800 Guille affreuse tempête
3854 4706 6198 4981 Il monta le col de son paletot
6396 4714 6891 4912 accilier
3884 4886 5506 5170 pas de son va et vient
