8268 6392
633 1144 4051 1542 Les vitres des révislures tentaient Une demi-heure
685 1404 4038 1638 encore, puis, je m'en irai? Ah! - Je souhaiterais
680 1586 3847 1859 presque qu'elle fut écoulée. Aucun de la
693 1794 4003 1997 une il s'arrêta de ce point, la vue avait une
715 1950 3839 2153 échappée sur les dent avec d'où elle pouvait
1248 2067 3951 2344 Oui, elle viendra aujourd'hui se dit-il,
641 2101 1148 2340 venir.
706 2275 3995 2504 retenant le chapeau que le vent menaçait d'em
1499 2418 3912 2686 Vendredi-séance des professeurs
667 2444 1204 2716 porter.
676 2587 3982 2829 elle ne craint pas de s'éloigner et même de rester
628 2786 3674 3028 plus longtemps.. Il entendit le tintement
615 2933 3951 3219 du travaux, et en même temps les cloches
589 3102 3791 3388 de l'église de St. Jean Nepamne. La rue
663 3284 3873 3514 s'animait peu à peu, quelques personnes
676 3462 3999 3704 passerent devant lui: la plupart commis
685 3600 3986 3886 des magasins qui se forment à sept heures
620 3756 3687 4051 Tous ces gens allaient vite et semblaient
628 3917 3964 4181 lutter avec le vent qui rendait leur marche
676 4120 4008 4341 pénible. Personne ne faisait attention à lui
693 4272 3817 4532 quelques grisettes seulement lui jetaient en
693 4423 3969 4727 passant un coup d'œil à la dérobée. Tout à
693 4605 3990 4852 coup, il voit venir vers lui avec vitesse, une
680 4809 3730 5069 figure connue. Il court à sa rencontre,
715 4943 3860 5225 sans voiture? Ce n'est peut-être pas elle
4159 1122 7426 1473 Si, c'était-elle, en l'apercevant, elle prusse le pas
4285 1421 5520 1642 En viens à pied
4216 1573 7448 1850 J'ai renvoyé la voiture devant le est théâtre.
4099 1733 6499 2010 je crois avoir déjà en ce cocher
4324 1898 6668 2171 Un monsieur en passant, jette
6733 1906 6945 2114 o
4185 2049 7669 2335 jeune femme un coup d'œil futif. Le regard
4146 2240 7617 2509 perçant presque menaçant du femme homme
4159 2392 7621 2630 lui fit hâter sa course. La dame se tourna
4229 2578 5507 2846 pour le regarder.
4263 2721 7305 3007 qui était-ce? demanda-t-elle avec andiété
4159 2907 7604 3184 Je ne sais pas. Mais n'aie pas peur, aucune
4198 3067 7599 3340 connaissance ne viendra pas ici. Viens
4242 3245 5580 3509 vite, moutons
4255 3418 6308 3635 Est-ce là, ta voiture?
4129 3583 5931 3821 — Oui, c'est la mienne
4107 3743 6230 4008 Ouverte par ce temps?
4107 3912 7188 4207 — Il faisait si beau il y a une heure
4181 4064 7612 4320 Ils hâtirent le pas, la jeune femme monte
4146 4276 7500 4540 la première, Franz appelle le rocher, il ne
4164 4419 5060 4701 répond par
4294 4562 7604 4844 Où peut-il être maintenant dit Emme
4185 4813 7608 4978 Frans regarde autour de lui. C'est incroyable,
4242 4943 6451 5195 ce manant n'est pas à vos
