4564 4711
3464 510 3581 646 C
2557 675 3271 872 Wien, 32. Juni 1915.
1421 1195 1543 1301 G.H.F.P.
1569 1292 2854 1485 Verehrtester Herr Doktor Schnitzler,
1062 1534 3590 1685 Gerne bin ich bereit Ihrem mir in Ihren freundlichen Zeilen von gestern
1059 1624 3519 1802 so eindringlich ausgedrückten Wunsch zu entsprechen und die Rolle der
1072 1763 3594 1944 Sophie in der "Grossen Szene" Frau HAEDERLE zuzuteilen; denn ich bin
2012 1892 2131 1950 découre, nous
1075 1889 3623 2112 auch der Meinung, dass die individuellen Gaben der Darstellerin sich für
1078 2060 1831 2199 diese Aufgabe eignen.
1262 2125 3639 2279 Unerfindlich ist es mir, wieso Fräulein MARBERG zur Kenntnis meines
1091 2215 3568 2444 Vorhabens kommen konnte sie in der Rolle der Agnes im "Bacchusfest"
1085 2367 3645 2535 mit Fräulein WOHLGEMUTH alternieren zu lassen; denn ich trage das Blatt,
1098 2470 3623 2641 das die Besetzungsnotizen nach unserer Besprechung vom 15.d.M. enthält,
1104 2583 3700 2783 verschlossen in meinem Portefeuille, habe keine einzige Person von diesen
1104 2651 3648 2887 Plänen irgend eine Andeutung gemacht und Herr Schwarzkopf teilt mir mit
1124 2812 3681 2977 dass auch Sie, verehrter Herr Doktor Schnitzler, Frl. Marberg nicht davon
1124 2928 3532 3087 unterrichtet haben. Im Interesse der notwendigen Disciplin und unter
1124 3025 3639 3203 Wahrung künstlerischer und dienstlicher Gerechtigkeit, könnte ich dies-
1124 3138 3652 3351 mal Frl. Wohlgemuth nicht in die Besetzung des zweiten Abends einstel-
1127 3271 3561 3435 len, da ich bei den zwei vorhergehenden Alternierungen dem genannten
1153 3416 3632 3561 Künstlerinen genötigt war Frl.Marberg in den Premieren und Frl.Wohl-
1159 3494 3710 3713 gemuth in den zweiten Vorstellungen spielen zu lassen. Der Umstand nun,
1169 3623 3694 3829 dass Frl.Marberg noch vor der offiziellen Zuteilung der Rolle wegen der
