4507 4712
2624 545 2726 678 14
2279 893 3052 1047 Wien, 30. August 1915.
1315 1432 2652 1642 Hochverehrter Herr Doktor Schnitzler,
983 1666 3431 1830 Soeben erhalte ich die Erledigung von Seiten der Zensur in Sachen der
989 1774 3447 1990 " Komödie der Worte“. Gegen die Aufführung der Einakterfolge ist kein
998 1860 3477 2067 Anstand erhoben worden unter der Voraussetzung, dass auf Seite 128 von
1004 1999 3357 2162 den Worten: „ oder der liebe Herrgott“ bis „stünd's in der Zeitung“
1001 2110 3419 2301 der Text gestrichen wird. - Da der Spass mit Reinhardt hauptsächlich
1007 2261 3400 2412 bei den Berlinern grosse Wirkung haben kann, so denke ich, dass Sie
1007 2359 3459 2566 nicht besonders traurig über diesen kleinen operativen Eingriff sind.
2479 2464 3514 2609 Mit verehrungsvollen Grüssen
2951 2578 3607 2717 Ihr ganz ergebener
2754 2673 3542 2951 Mugo Thumig.
