4520 4712
1335 496 1986 669 spät bleiben sind.
1352 556 2837 759 „Und die Regen der eignet zugleichen Tag“ ist
1337 706 2896 874 Hoffentlich nun auch in Zahl für die eine über¬
1344 818 1938 923 wundene Melodie.
1344 886 2894 1052 In Erwartung der hinierlich avisiret Fricht und
1368 985 2870 1175 in Erhaffung und bald zum Wirwesches, begrüße
1368 1075 2843 1245 ich denn im Bln sehr verwahrte Frau Gemahlen
1383 1196 2693 1362 auch's Kaste in empfehle mich Ihm
1419 1305 2864 1475 vernehmungsvoll als Schu herzlich engebenen
2154 1436 2681 1674 Fuge Thima
1337 2835 2985 3126 nur sehr teures Büchlein anw.
1333 3034 1992 3204 Abholen durch
1356 3161 2771 3446 Mit wahrungswalern Gruß
1947 3376 2673 3666 M angebrüssel
2090 3631 2777 3947 (Migs Thrim)
