6312 4696
1454 416 1632 669 1,1
352 690 2222 952 bevor ich im Irrenhause enden muß.
423 795 2977 1055 Auf Grund meiner wahrheitsgefreuen Ausführungen, ferner
317 935 2980 1178 wegen der Zukunft meiner hilf- u. mutterlosen Kinder bitte
352 1082 3001 1294 ich die sehr geehrte Direktion des Burgtheaters vor allem den
348 1185 2980 1468 „Salzburger Besichof“ wegzulassen, im Einvernehmen des über
386 1352 2953 1591 uns ungeführten Herrn Autors Streichungen vorzunehmen u.
372 1400 3001 1690 zu dem Zwecke das Stücke bis auf weiteres abzusetzen. Zumal
386 1567 3052 1775 mit uns auch unsere in Österreich in geachteten Lebensstellungen
382 1700 3048 1922 stehenden Verwandten in peinliche Schande mit hineingerissen werden
386 1802 3052 2018 unsäglich traurig für jene Angehörige, die zurzeit auf den Schlacht¬
396 1953 2919 2175 feldern bluten u. sterben! Grunnen Sie auch der Erten Mutter
396 2072 3045 2291 nen Münchener Ostfriedhof, auf deren Grabeshügel ich mit den Trichtern
410 2175 3062 2393 vergestern den sehsten Allerseelenkranz legte u. ein stelles Vaterunser
396 2311 2475 2547 betete, ihre einsame Gratesruhe in der fremden Stadt.
505 2386 3076 2612 Mit meinen Ausführungen will ich natürlich der geehrten Spielleitung
386 2564 3083 2734 Durchaus nicht nahe treten, Sie konnten von der Sache bisher nichts wissen
427 2659 3066 2885 Ich bitte, neu tümlich, Herrn Schnitzler in meine Läumunds-Z. Einsicht nehmen
1628 2666 1802 2762 nur
461 2789 3076 3021 zu lassen, über den Inhalt d. Briefes konnte er sich am Ende beleidigt fühlen.
464 2912 3048 3096 Sollten Sie mit jemanden von der „N. Fr. Presse“ Fühlung haben, so würden
451 3035 2967 3226 Sie uns zu Dank verpflichten, wenn Sie diesem die Zeugen. Abschriften
454 3178 3008 3380 für Herrn Dr Benedikt übergeben würden. Bitte tueren Sie einer unschuldig
468 3264 2946 3523 schwer bedrängten Familie die Gefälligkeit. Unser Gott, der die deutschen
481 3397 3089 3584 Waffen signet, wird es Ihnen lohnen! Womit auch die Wiener liberate
621 3581 850 3660 weiter
502 3567 1837 3741 Presse keine umrichtigen „Witze“ bringt.)
594 3639 3001 3837 Wegen der Schlüssel-Tendenz hat sich ja auch in einem Teil der
505 3803 3035 3974 österreich, u. deutschen Presse eine starkeêposition gebildet wegen
502 3946 1208 4137 des neue Stück.
505 4025 3021 4346 * er wurde mir meine „Anmaßung“ publizistisch seinigesten.
3417 454 5899 799 Nun bitte ich zum Schluß die sehr geehrte Direktion
3390 655 5919 915 u. Spiel-Leitung des Hofburgtherters ob meiner (für
3147 830 5892 1086 mich auch unangenehmen) Debästigung um Verzeihung.
3485 918 6008 1181 Ich weiß, Sie sind geistig hochstehende deutsche Männer,
3475 1062 5954 1311 Die Ihrem Volke viel lieber den unsterblichen deutschen
5452 1157 5640 1236 mich
3513 1181 5998 1406 Klassiker vorführen möchten, an denen ich in meiner
3506 1273 5995 1502 Tugendzeit im alten Burgtheater auch erbaute, so
3513 1410 5950 1652 oft ich nach Wien kam. Sie müssen halt auch dem
3513 1604 4523 1802 Zuge der Zeit folgen.
3612 1604 5960 1898 Sollte bei uns auch vielleicht einmal ein Fehler
3479 1789 5943 2024 vorgekommen sein, so sollten die "unfehlbaren" Herrn
3509 1901 5865 2185 Puttigisten doch bedenken, daß wir ja auch nur
3513 2028 6012 2270 Menschen nur Staubgeboren sind. Wir sind rechtlich
3523 2192 6080 2386 denkende hermlose Menschen, viel hermloser u. anständiger
3554 2297 6036 2533 als andere Tausende, um deren Privatsachen sich logisch
3543 2414 6135 2635 an Presse auch nicht kümmert. Ich bin auch den Prinigern viel
3550 2489 6015 2823 zu unbedeutend, aber sie wollen in mir meine Art,
3530 2652 6012 2881 den verhaßten Deutschösterreicher treffen; als ob ich dafür
3537 2724 6097 3008 könnte, daß ich von christlich-Deutschen Eltern geboren bin.
3694 2878 5995 3161 Ich bitte als wehrloser Mensch nochmals um Ihren
3543 2997 5916 3301 gütigen, menschenfreundlichen Schutz für mich u. die
4793 3120 6117 3359 Ihr hochachtungsvoll ergebener
3574 3165 4899 3424 Kinder u. bin vorhinein dankend
4926 3287 5575 3533 Th. Geuslmer
3400 3366 3608 3656 ben
3608 3639 5909 3875 den Brief geben in Salzburg auf, wo heute etwas zu
3550 3673 6059 4042 besorgen habe, damit er nicht von der Grenz - Zinsur gelesen
5527 3854 5783 3974 wird.
3567 3922 6063 4144 Zur Verständigung erwähne noch, daß ich 1912 einige Zeit in Wien war, wo
3424 4004 5861 4257 dch Verwandte besitze, dorthin (Spaisung) sind die Grünnundszeuge: abressirt
