4530 4713
3347 529 3639 689 1.
2399 671 3236 843 Wien, 15. November 1915.
1034 634 1470 895 him
1710 1329 3042 1470 Hochverehrter Herr Doktor Schnitzler,
1160 1603 3578 1800 In Angelegenheit jenes Telegramms, das an Ihre Adresse gerichtet war
1175 1729 3605 1883 und das Sie die Güte hatten der Direktion des Burgtheaters zu vermit-
1166 1870 3522 2006 teln, erlaube ich mir Ihnen beigeschlossenen Brief zur Kenntnis zu
3390 1969 3624 2095 s gels
1169 1990 3402 2126 bringen. Sie ersehen daraus, dass es sich um die fixe Idee eine
3107 2030 3402 2107 m m m m an m m r og a
1603 2089 2024 2169 A.W.A.F.V.M
1166 2092 3593 2249 tig Gestörten handelt. Selbstverständlich habe ich auf die Zuschrift
1172 2178 3645 2350 nicht reagiert. Es liegt mir nur daran, dass Sie über die Sache aufge-
1172 2286 3627 2495 klärt werden, denn das Telegramm ist tatsächlich für Sie bestimmt ge-
1181 2492 1409 2599 wesen.
2193 2510 3153 2673 Mit verehrungsvollem Gruss
2375 2676 2950 2812 Ihr ergebenster
2639 2769 3372 3036 Mugo Thima
1184 3027 1723 3162 Hochwolgeboren
1197 3132 2175 3258 Herrn Dr.Arthur Schnitzler
1200 3279 1741 3405 Schriftsteller,
1797 3390 2120 3544 Wien.
