4520 4712
2178 398 2647 655 Hannion.
1897 489 1992 675 1/4
867 528 965 698 14
2295 616 3397 818 München 3. November 1915
1421 835 2562 1069 Sehr geehrte Spielleitung:
1203 1007 3413 1213 In meiner Eigenschaft als Familienvater, welcher
1037 1099 3566 1297 die Zukunft von 4 erwachsenen Kindern zu überdenken hat,
1046 1252 3566 1434 erlaube mir einige aufklärende, bittende Zeilen an Sie zu
3677 1196 3788 1438 erh.
1056 1382 3521 1571 richten, u. zw. wegen A. Schnitzlers „Komödie der Worte“. Nach
1082 1526 3674 1663 versch. Zeitungsstimmen muß ich schließen, daß die 3 Einackter wieder
1783 1620 1969 1725 sind
1089 1633 3687 1796 ein Schlüsselstück ist, wie es Ler Steins Operette "Eiserne Jungfrau"
2142 1734 2302 1829 act
1095 1754 3707 1904 Bauers, der arme Wittirmer waren. Letzteren beiden Operetten haben
1089 1852 3690 2018 die Behörden ein Ende gemacht, weil darin meine Privat- u. Fami¬
1086 1995 3697 2174 liensachen in gänzlich unrichtiger, verleumlerischer Weise öffent¬
1099 2126 3579 2295 lich an den Pranger gestellt wurden (in der „Ers. Jungfrau“ in
1099 2243 3674 2409 kasser, unsittlich verklärmter freie). Es ist nahe liegend, daß und
1125 2331 3403 2543 durch solche Schliesselstücke, (noch dazu an Goftheater)
3491 2347 3619 2478 ihre
1095 2471 3615 2644 u. Ruf vollständig mit Füssen getreten u. der Aufenthalt
1105 2605 3723 2764 unter anständige Menschen für immer unmöglich gemacht
1108 2748 3703 2888 wird. Dies ist für uns um so trauriger, als meinen 2 ansten.
1118 2852 3606 3032 digen, braven Töchtern im Alter von 18 ½ u. 24 Jahren jede
1121 2980 3726 3195 Zukunft abgeschnitten wird. Die seit 5 ½ Jahren am Münche¬
1144 3107 3576 3257 ner Ostfriedhofe ruhende Mutter - sie ist an Magenkebs
1138 3214 3511 3394 dahin gesucht - u. ich (durch Verfolgungen seitens böser
1108 3364 3687 3518 Menschen schwer morenkrank gewordener alter Mann*) werden
1154 3469 3544 3654 von gewissenlosen Dichtern auf den Bühnen in verlogener
1134 3586 3579 3798 ehratschneiderischer Form herumgezerrt. Und dieses alles in
1141 3723 3729 3922 der furchtbar ernsten Zeit, wo mein älterer Sohn am 4. Juli
1131 3948 3508 4199 x ich musste längere Zeit in einem Sanatorium zu bringen
