4564 4711
844 452 1070 718 „.„
2625 485 3200 678 1e, p.s. p:s 1.
1538 498 2435 731 1 „ „ — „ 4 „ 9 „
1113 508 1475 777 Thiem
3509 528 3648 674 „
2575 764 3213 940 Wien, 5.Mai 1915.
1419 1213 2788 1419 Hochverehrter Herr Doktor Schnitzler,
947 1452 3608 1572 Sie hatten die grosse Güte, mir Ihre drei neuen Einakter “Das Bacchusfest“
950 1585 3528 1734 "Der Tag der Erkenntnis", "Grosse Szene" in der Direktionskanzlei zu
940 1721 3548 1834 hinterlegen und ich bedaure nur aufrichtig, dass ich selbst nicht in der
947 1807 3578 1920 Lage war, Ihren freundlichen persönlichen Besuch zu empfangen. Ich gestat-
954 1934 3592 2047 te mir, Ihnen vorläufig anzuzeigen, dass ich die drei Einakter mit grossem
950 2050 3622 2170 Vergnügen und herzlicher Freude zur Aufführung im Burgtheater in der nächs-
960 2156 3622 2269 ten Saison annehme. Als einzige Bedingung sei Ihnen der Wunsch ausgespro-
954 2259 3552 2396 chen, dass das Burgtheater das Recht der Uraufführung der drei Stücke von
950 2419 3588 2532 Ihnen zuerkannt bekomme. Ueber alles Weitere, über Aufführungstermin, Über
940 2492 3519 2611 Besetzungsfragen u.s.w. werde ich mir sehr bald erlauben, Sie persönlich
950 2635 1605 2758 zu interpellieren.
1299 2751 3548 2881 Mit verehrungsvollem Grusse und meinem respektvollsten Handkuss
944 2841 2568 3007 für Ihre verehrte Frau Gemahlin verbleibe ich
2565 2934 3299 3107 Ihr ganz ergebenster
2691 3080 3439 3332 Mugo Thima
