4552 4713
2915 463 2994 564 1
2522 526 2911 641 Wien. XVIII.
1304 562 1767 690 Hugo Thimig
2212 551 2385 690 11
2569 607 2928 703 Gymnasiumstrasse 47
2528 674 2902 778 3. Olx. 1911
1335 733 2558 919 Hochverehrter Herr Doctor Schnitzler
1256 827 2942 984 Wir haben gestern I. II. u. III. Akt, heute IV. und V.
1268 921 3032 1088 tüchtig geobnet. Hauptsächlich habe ich mich bemüht
1295 1011 2973 1216 unseren "Friedrich" auch höhere "Quaeitht und
1290 1135 2987 1319 nach anderen Konservation zustimmen und
1299 1216 3077 1387 die Ensenblassenen Darstellerisch flotten und lebend,
1328 1322 3016 1497 volgern zu gestalten. Von Nesitag an hoffe ich das
1351 1429 2962 1593 Stück täglich durchspielen lassen zu können
1351 1517 3048 1665 und auch schon die Beleuchtungen umzustellen.
2176 1697 2737 1881 Wien; Freitag.
1238 1769 2245 1980 Verehrten Herrn Dr. Schnitzler.
1283 1886 3061 2070 Herzl. Dank für liebe Karte, die mich namentlich mit
1290 1969 3061 2151 den guten Nachrichten über die fortschnitende Messerung
1304 2065 3113 2270 im Befinden ihnen verehrten Frau Gemahlen sehr erfreute,
1326 2140 2994 2364 Heute nur zur Nachricht, daß dem Montag-Probe wie
1319 2236 3084 2452 ,, weitere Land“ mithällt. Wir bitten heute dem Eindruck, daß
1326 2319 2996 2515 um mit einem Beifallter allen angesetzten Proben der
1335 2418 2980 2605 Gefahr eines Nebenprobrens hinworufen. Wir spielen
1319 2508 3059 2697 nachdem vieleute den III. Akt doppelt geobneten, und IV. u. N.
1337 2594 3120 2782 vollständig flatt und rein machten, mangen das ganze Stück
1355 2719 3048 2884 durch, haben Sonntag und Montag rastthätige Ruhegause für die
1355 2803 3084 2924 Darstellen, spielen Dienstag wieder dem durch, haben Mittwoch
1387 2870 3068 3025 Kastümgerke, Donnechtig letzte Feile und Freitag Generalgätte.
2728 3212 3036 3311 Wien, XVIII/
1429 3227 1859 3349 Hugo Thimig
2697 3279 3068 3367 Gymnasiumstrasse 47
2652 3342 3122 3472 22. Dec. 1910.
1492 3427 2724 3645 Hochwehrter Herr Dr. Schnitzler;
1465 3603 3140 3798 Für die neuerliche grösse Freude, die sie mir
1456 3742 3099 3913 betrückt haben, sprache ich Ihnen meinen ganz
1472 3859 2349 4016 herzlichen Dank aus¬
1501 3920 3187 4097 Mein erster Weg in's Freie, aus der Werkstatt
1510 4043 3151 4230 am Franzensang rird mich zum „Weg in’s
