4507 4712
2235 498 2384 663 V. P.
808 827 3363 1090 Reihenfolge des Alternierens mit Frl.Wohlgemuth bereits Schwierigkeiten
821 957 3297 1179 zu machen versucht, ferner die Erwägung, dass bei der vorgehabten Dop-
837 1071 3259 1306 pelbesetzung in Anbetracht der zur Verwendung kommenden Kräfte nicht
834 1198 3363 1385 ausschliesslich künstlerische Prinzipien zur Geltung gelangen und daher
840 1328 3297 1496 diese Doppelbesetzung weder aus diesem noch aus anderem Grunde einer
837 1446 3278 1607 Notwendigkeit entspricht, bin ich zu dem Entschlüsse gekommen, das
850 1541 3230 1734 Alternierungsverfahren bei der Vorstellung der "Komödie der Worte"
853 1677 3316 1854 nicht anzuwenden, sondern die weiblichen Rollen in den drei Einaktern
862 1794 3284 2003 einfach und zwar so zu besetzen, wie es meiner und wie ich den Ein-
865 1892 3392 2070 druck gewann auch Ihrer Ueberzeugung nach sachlich richtig ist, nämlich
869 2111 999 2216 so:
1369 2108 3050 2289 „ Stunde des Erkennens“.... Klara...Bleibtreu
1379 2260 3015 2438 " Grosse Szene ".....Sophie..Haeberle
1388 2365 3097 2526 " Bacchusfest" Agnes..Wohlgemuth
884 2454 3430 2688 Damit hoffe ich auch Ihren Wünschen zu genügen und Weiterungen zu besei-
897 2593 3379 2764 tigen, die in diesem Falle in der Hauptsache doch nur persönlichen Am-
900 2726 3294 2904 bitionen einzelner Darstellerinen, aber nicht dem Kunstwerke dienen
903 2935 1173 3034 können.
964 2939 2479 3145 Mit verehrungsvollen Grüssen bin ich immer
2517 3021 3199 3195 Ihr ganz ergebener
2539 3151 3271 3411 Hugo Thuma
