4580 4680
2396 739 3220 939 Wien, 1. November 1913.
1470 1401 2839 1591 Sehr verehrter Herr Doktor Schnitzler,
1051 1604 3398 1803 Für die gütige Rückstellung des Tantièmenreverses über "literatur“
1067 1753 3485 1913 spreche ich Ihnen meinen verbindlichen Dank aus. Gleichzeitig betone
1058 1860 3501 2003 ich, dass mit der Einstellung des Einakters "Literatur" das Burgthea-
1064 2016 3535 2134 ter keineswegs den Plan aufgibt, den ganzen Zyklus "Lebendige Stunden"
1051 2106 3441 2262 gelegentlich in sein Repertoire einzufügen. Sollte sich aus irgend-
1067 2240 3398 2359 einem Grunde die Notwendigkeit herausstellen, „literatur“ aus dem
1055 2259 3560 2499 Einakterabend "Boubouroche" und "Kammersänger" auszuschalten, so werde
1061 2437 3064 2599 ich nicht ermangeln, vorher Ihre Beistimmung einzuholen.
1223 2583 2640 2749 Mit verehrungsvollen Grüssen bleibe ich
2718 2652 3279 2802 Ihr ergebenster
2677 2799 3494 3064 Hugo Thumig
