4443 4679
2152 486 3295 682 Wien, 2. November 1913.
1287 504 1525 636 „ „
1388 1198 2723 1348 Hochverehrter Herr Doktor Schnitzler,
990 1415 3365 1556 In dem Bestreben, neben der rein künstlerischen Qualitätslinie auch
993 1562 3328 1663 dem praktischen Bedürfnis, das überreiche Personal des Burgtheaters
1009 1650 1287 1730 tunlich
966 1656 3340 1794 Vauszunützen, wäre es mir angenehm, wenn Sie Ihre Zustimmung zur Be-
993 1797 3337 1925 setzung der Rolle der Margarethe in Literatur" mit Frau Witt geben
990 1910 3447 2008 würden. Ich habe nämlich für Fräulein Marberg überreiche und für Frau
987 2029 3374 2130 Witt sehr spärliche Beschäftigungsgelegenheiten in unseren heurigen
987 2130 3402 2246 Novitäten. Es will mir scheinen, dass auch Frau Witt eine gute Farbe
987 2243 2653 2356 für die in Frage kommende Rolle bringen könnte.
1161 2381 3301 2497 Ihrer freundlichen baldigen Rückäusserung entgegensehend ver-
987 2469 2277 2616 bleibe ich in aufrichtiger Verehrung
2362 2564 3084 2702 Ihr ganz ergebenster
2396 2683 3145 2952 Mugo Thüme
