4436 4714
1373 513 1587 604 12:-in
2054 499 2901 685 Wien, den 17. Aug. 1915.
1356 583 1727 683 K. u. K. DIREKION
3077 505 3283 685 1:
1493 636 1588 698 DES
1297 671 1786 779 K. K. HOF-BURGTHEATERS.
1315 784 2481 1004 Sehr verehrter Herr Dr. Schnitzler
1297 917 2835 1084 Mit bestem Dank bestätige ich den Empfang er
1326 1033 2396 1197 von Ihnen unterzeichneten Revers.
1328 1127 2819 1283 Schrein Wunsche mitsprechend soll es zweiß bei den
1336 1227 2878 1379 Reichenholze der Stücke bleiben und auch was wan¬
1336 1322 2870 1457 turelle Notbesetzungen betrifft wurde ich nicht er¬
1354 1401 2831 1547 mangeln, bei jenen von uns schon in Betracht
1367 1502 2799 1653 gezogenen künstlerischen Krächten zu bleiben.
1389 1592 2858 1751 Ich hoffe aber zuversichtlich, daß und die Not ei¬
2068 1882 2862 2111 9. Mai 1925
1332 2038 2858 2285 Hochverehrter, lieber Herr Dr. Schnitzler.
1326 2203 2895 2408 Empfangen Sie meinen varünften Dank
1332 2340 2840 2571 für die größte Freunde und Eheung, den
1311 2477 2831 2653 die mir mit der Zuständig und Nie¬
1328 2625 2854 2858 mung Ihres Buches neuerlich erwiesen
1342 2760 2809 2995 haben. Ich fange schon heute Abend an,
1373 2899 2801 3130 ist zu genießen. In aller hohen Kirchen
1371 3058 2758 3240 sich ausfrichtig ergebene Klage Tannis.
2774 3212 2878 3416 or
2142 3302 2596 3492 27.8.24.
1401 3408 2952 3699 Hofgeehrter Herr Doktor Schnitzler.
1365 3646 2825 3883 der Urohung folgt die Tort auf,
1348 3799 1925 4034 ohne Füster!
1446 3901 2925 4190 haben sie die größere Güte, mit
1426 4130 2962 4411 Telephorisch (95713) mittulm
1798 4331 2903 4533 n, wann ich nicht mein
1467 4321 1712 4525 n by
