4530 4713
1841 518 2082 710 " " "
2082 456 2196 717 1
2496 508 3282 776 Wien, 9.Februar 1916.
1548 1238 2907 1418 Sehr verehrter Herr Doktor Schnitzler,
1141 1496 3647 1704 Es ist mir peinlich, dass Sie es für nötig finden mussten, mich an die
1154 1603 3650 1835 Aufführungen Ihrer beiden Werke „Das weite Land“ und „Der einsame Weg
2438 1730 2796 1825 de ces ouvrages ou nous
1163 1734 3598 1952 zu erinnern. Ich gebe Ihnen aber die Versicherung, dass lediglich in
1163 1848 3783 2076 den Zeitverhältnissen begründete Schwierigkeiten technischer und personel-
1173 1932 3712 2174 ler Art daran schuld waren, dass eine längere Pause in den Aufführungen
1186 2076 3643 2297 der genannten beiden Stücke eintreten musste. "Der einsame Weg" stand
1183 2174 3748 2389 bereits beim Empfang Ihrer werten Zeilen für Dienstag übernächster Woche
1193 2297 3774 2548 auf dem Repertoireentwurf. Für "Das weite Land", in welchem diesmal Fräu-
1193 2425 3731 2656 lein Wohlgemuth spielen wird, ist eine Probe notwendig, die ich ansetzen
1202 2581 2594 2776 werde, sobald es technisch möglich ist.
2460 2633 3487 2796 Mit verehrungsvollen Grüssen
2682 2783 3357 2900 Ihr sehr ergebener
2715 2894 3484 3168 Mugo Thomas
