4564 4711
3382 509 3669 653 C
2721 512 2858 647 III
1440 515 1915 750 Thices
2571 637 3273 827 Wien, 20.März 1914.
1574 1162 2931 1336 Sehr verehrter Herr Doktor Schnitzler,
1156 1339 3590 1519 Meine Vorsätze, den "Einsamen Weg" mit Tressler als Sala alternierend
1162 1449 3550 1635 mit dem unsichern Walden und mit Heine als Fichtner auch in Zukunft
1165 1556 3584 1757 alternierend mit dem vorläufig krank gemeldeten Herrn Devrient jetzt
1171 1690 3526 1845 schon herauszubringen, sind leider gescheitert. Beide Remplacenten
1183 1790 3605 1964 erklärten mir, die umfangreichen Rollen in kurzer Zeit nicht liefern
1171 1931 3523 2089 zu können. Es stehen mir zu meinem Bedauern keine Zwangsmittel zu,
1180 2013 3633 2202 die Darsteller zu einer schnelleren Lieferung zu veranlassen. Selbst-
1177 2166 3498 2318 verständlich haben die Herren aber die Rollen und ich werde, wenn
1186 2269 3565 2431 nach Ostern die ursprünglichen Vertreter der genannten Rollen nicht
1190 2391 3590 2538 dienstbereit sein sollten, diese neue Besetzung nach Möglichkeit be-
1193 2522 3572 2641 treiben. Ich hoffe dann, dass der neue Reiz, zwei andere Darsteller
1196 2641 3547 2788 eingestellt zu sehen, an dem Stück das gut machen werden, was die
1193 2760 2556 2891 Unterbrechung jetzt ihm geschadet hat.
2352 2812 3373 2989 Mit verehrungsvollen Grüssen
2565 2962 3233 3099 Ihr ganz ergebener
2553 3059 3315 3318 Mugo Thimia
