<?xml version="1.0" encoding="UTF-8" standalone="yes"?>
<PcGts xmlns="http://schema.primaresearch.org/PAGE/gts/pagecontent/2013-07-15" xmlns:xsi="http://www.w3.org/2001/XMLSchema-instance" xsi:schemaLocation="http://schema.primaresearch.org/PAGE/gts/pagecontent/2013-07-15 http://schema.primaresearch.org/PAGE/gts/pagecontent/2013-07-15/pagecontent.xsd">
    <Metadata>
        <Creator>prov=READ-COOP:name=TrHtr:version=2.1.0:model_id=51170:date=26_07_2023_03:11</Creator>
        <Created>2023-05-02T07:53:32.885+02:00</Created>
        <LastChange>2023-07-26T03:11:11.977+02:00</LastChange>
        <TranskribusMetadata docId="1416727" pageId="54951698" pageNr="9" tsid="130880954" status="IN_PROGRESS" userId="64420" imgUrl="https://files.transkribus.eu/Get?id=FXEIRPQTDCUOKBRVDPORRTWO&amp;fileType=view" xmlUrl="https://files.transkribus.eu/Get?id=YIIQOWHOFDFQTEATZZDHYCDW" imageId="44455424"/>
    </Metadata>
    <Page imageFilename="1416727_0009.jpg" imageWidth="4564" imageHeight="4711">
        <ReadingOrder>
            <OrderedGroup id="ro_1711828373016" caption="Regions reading order">
                <RegionRefIndexed index="0" regionRef="tr_1"/>
            </OrderedGroup>
        </ReadingOrder>
        <TextRegion id="tr_1" custom="readingOrder {index:0;}">
            <Coords points="1227,750 3722,750 3722,3458 1227,3458"/>
            <TextLine id="tr_1_tl_1" custom="readingOrder {index:0;}">
                <Coords points="2565,846 2706,818 2814,849 2899,821 3197,874 3301,812 3405,834 3408,739 3209,751 2921,702 2814,742 2568,699"/>
                <Baseline points="2582,809 2603,812 2648,812 2692,812 2737,815 2782,815 2827,815 2871,812 2916,812 2961,809 3006,806 3051,806 3095,806 3140,806 3185,806 3230,803 3275,803 3319,800 3364,800 3409,803"/>
                <TextEquiv>
                    <Unicode>Wien, 12. November 1913.</Unicode>
                </TextEquiv>
            </TextLine>
            <TextLine id="tr_1_tl_2" custom="readingOrder {index:1;}">
                <Coords points="1628,1441 2446,1395 2676,1468 2982,1407 2982,1303 2915,1275 2590,1315 2446,1257 2210,1290 2121,1352 1971,1303 1796,1355 1631,1309"/>
                <Baseline points="1644,1403 1647,1406 1692,1403 1737,1403 1782,1403 1827,1400 1871,1400 1916,1397 1961,1397 2006,1394 2050,1394 2095,1394 2140,1394 2185,1394 2230,1391 2274,1391 2319,1388 2364,1388 2409,1385 2454,1385 2498,1382 2543,1382 2588,1382 2633,1379 2677,1382 2722,1379 2767,1379 2812,1376 2857,1376 2901,1376 2946,1376 2991,1376"/>
                <TextEquiv>
                    <Unicode>Sehr verehrter Herr Doktor Schnitzler,</Unicode>
                </TextEquiv>
            </TextLine>
            <TextLine id="tr_1_tl_3" custom="readingOrder {index:2;}">
                <Coords points="1211,1597 1385,1661 2167,1566 3497,1588 3601,1563 3604,1419 1214,1514"/>
                <Baseline points="1229,1591 1232,1588 1277,1585 1322,1585 1367,1585 1412,1585 1456,1585 1501,1582 1546,1582 1591,1579 1636,1576 1680,1576 1725,1576 1770,1573 1815,1573 1859,1573 1904,1573 1949,1570 1994,1570 2039,1567 2083,1567 2128,1564 2173,1567 2218,1564 2262,1561 2307,1561 2352,1561 2397,1558 2442,1558 2486,1558 2531,1555 2576,1552 2621,1552 2665,1552 2710,1549 2755,1546 2800,1546 2845,1546 2889,1546 2934,1546 2979,1543 3024,1540 3069,1540 3113,1540 3158,1537 3203,1537 3248,1537 3292,1534 3337,1531 3382,1531 3427,1528 3472,1528 3516,1525 3561,1525 3606,1525"/>
                <TextEquiv>
                    <Unicode>Nach Erhalt Ihrer geehrten Zuschrift von gestern habe ich heute mit</Unicode>
                </TextEquiv>
            </TextLine>
            <TextLine id="tr_1_tl_4" custom="readingOrder {index:3;}">
                <Coords points="1217,1716 3568,1704 3675,1591 1220,1649"/>
                <Baseline points="1238,1698 1259,1698 1304,1701 1349,1701 1394,1701 1438,1698 1483,1695 1528,1695 1573,1695 1618,1695 1662,1692 1707,1689 1752,1689 1797,1689 1842,1689 1886,1689 1931,1686 1976,1686 2021,1683 2065,1680 2110,1680 2155,1680 2200,1680 2245,1680 2289,1677 2334,1677 2379,1674 2424,1674 2468,1674 2513,1671 2558,1668 2603,1668 2648,1668 2692,1668 2737,1665 2782,1665 2827,1662 2871,1662 2916,1659 2961,1659 3006,1656 3051,1656 3095,1653 3140,1653 3185,1653 3230,1650 3275,1650 3319,1650 3364,1647 3409,1644 3454,1644 3498,1644 3543,1644 3588,1641 3633,1638 3678,1636"/>
                <TextEquiv>
                    <Unicode>Frau Medelsky auf Grundlage Ihrer Ausführungen nochmals in Sachen der</Unicode>
                </TextEquiv>
            </TextLine>
            <TextLine id="tr_1_tl_5" custom="readingOrder {index:4;}">
                <Coords points="1839,1854 3543,1799 3653,1772 3653,1673 1845,1738"/>
                <Baseline points="1860,1809 1868,1815 1913,1809 1958,1803 2003,1800 2048,1797 2092,1800 2137,1797 2182,1794 2227,1794 2271,1794 2316,1791 2361,1791 2406,1794 2451,1794 2495,1791 2540,1788 2585,1785 2630,1785 2674,1782 2719,1782 2764,1779 2809,1779 2854,1779 2898,1779 2943,1776 2988,1773 3033,1773 3077,1770 3122,1770 3167,1770 3212,1767 3257,1767 3301,1767 3346,1764 3391,1764 3436,1761 3481,1761 3525,1758 3570,1755 3615,1752 3660,1746"/>
                <TextEquiv>
                    <Unicode>im "Eisamen Weg" gesprochen. Sie ist sehr geschmei¬</Unicode>
                </TextEquiv>
            </TextLine>
            <TextLine id="tr_1_tl_6" custom="readingOrder {index:5;}">
                <Coords points="1211,1860 1251,1876 1312,1864 1333,1882 1404,1836 1765,1818 1769,1744 1667,1759 1597,1741 1496,1772 1318,1750 1214,1772"/>
                <Baseline points="1227,1821 1235,1818 1280,1818 1325,1818 1370,1818 1415,1815 1459,1815 1504,1812 1549,1809 1594,1812 1638,1809 1683,1809 1728,1809 1773,1812"/>
                <TextEquiv>
                    <Unicode>Rolle Irene Her</Unicode>
                </TextEquiv>
            </TextLine>
            <TextLine id="tr_1_tl_7" custom="readingOrder {index:6;}">
                <Coords points="1523,1870 1560,1864 1609,1876 1640,1851 1670,1882 1716,1854 1744,1845 1765,1851 1772,1808 1692,1821 1658,1821 1643,1811 1628,1821 1560,1830 1526,1824"/>
                <Baseline points="1540,1853 1546,1850 1591,1847 1636,1844 1680,1839 1725,1836 1773,1829"/>
                <TextEquiv>
                    <Unicode>ouvertoumettre.</Unicode>
                </TextEquiv>
            </TextLine>
            <TextLine id="tr_1_tl_8" custom="readingOrder {index:7;}">
                <Coords points="1226,1943 3604,1913 3647,1818 1226,1876"/>
                <Baseline points="1244,1934 1280,1934 1325,1934 1370,1934 1415,1931 1459,1928 1504,1928 1549,1928 1594,1928 1638,1928 1683,1925 1728,1922 1773,1922 1818,1922 1862,1919 1907,1919 1952,1916 1997,1916 2042,1916 2086,1913 2131,1913 2176,1913 2221,1910 2265,1910 2310,1910 2355,1907 2400,1907 2445,1907 2489,1907 2534,1904 2579,1901 2624,1898 2668,1898 2713,1895 2758,1895 2803,1895 2848,1892 2892,1892 2937,1892 2982,1889 3027,1889 3072,1889 3116,1886 3161,1883 3206,1883 3251,1880 3295,1880 3340,1877 3385,1880 3430,1877 3475,1877 3519,1874 3564,1871 3609,1868 3654,1871"/>
                <TextEquiv>
                    <Unicode>chelt von Ihrem Vertrauen zu ihren künstlerischen Qualitäten, bittet</Unicode>
                </TextEquiv>
            </TextLine>
            <TextLine id="tr_1_tl_9" custom="readingOrder {index:8;}">
                <Coords points="1217,2069 3053,2060 3540,2011 3543,1937 1220,1980"/>
                <Baseline points="1238,2050 1265,2050 1310,2050 1355,2048 1400,2048 1444,2048 1489,2045 1534,2045 1579,2042 1624,2042 1668,2042 1713,2039 1758,2039 1803,2039 1847,2039 1892,2039 1937,2036 1982,2033 2027,2033 2071,2033 2116,2030 2161,2030 2206,2030 2251,2027 2295,2024 2340,2024 2385,2021 2430,2021 2474,2018 2519,2018 2564,2018 2609,2015 2654,2015 2698,2015 2743,2012 2788,2012 2833,2009 2877,2009 2922,2006 2967,2006 3012,2003 3057,2003 3101,2000 3146,2000 3191,1997 3236,1994 3280,1997 3325,1994 3370,1994 3415,1994 3460,1991 3504,1991 3549,1991"/>
                <TextEquiv>
                    <Unicode>mich aber trotzdem mit aufgehobenen Händen, ihr diesen "Uebergang"</Unicode>
                </TextEquiv>
            </TextLine>
            <TextLine id="tr_1_tl_10" custom="readingOrder {index:9;}">
                <Coords points="1229,2191 3592,2152 3684,2057 1232,2106"/>
                <Baseline points="1247,2170 1274,2170 1319,2167 1364,2167 1409,2164 1453,2164 1498,2161 1543,2161 1588,2158 1633,2158 1677,2158 1722,2155 1767,2155 1812,2155 1856,2155 1901,2152 1946,2152 1991,2152 2036,2149 2080,2146 2125,2146 2170,2146 2215,2143 2259,2143 2304,2143 2349,2140 2394,2137 2439,2137 2483,2134 2528,2134 2573,2134 2618,2131 2662,2131 2707,2128 2752,2128 2797,2128 2842,2125 2886,2125 2931,2122 2976,2122 3021,2122 3066,2119 3110,2116 3155,2116 3200,2113 3245,2113 3289,2110 3334,2110 3379,2110 3424,2110 3469,2107 3513,2107 3558,2104 3603,2104 3648,2101 3692,2098"/>
                <TextEquiv>
                    <Unicode>noch zu ersparen. Ich muss in diesem Falle mit dem frauenzimmerlichen</Unicode>
                </TextEquiv>
            </TextLine>
            <TextLine id="tr_1_tl_11" custom="readingOrder {index:10;}">
                <Coords points="1226,2280 3433,2277 3568,2265 3574,2142 1226,2231"/>
                <Baseline points="1244,2280 1247,2280 1292,2283 1337,2280 1382,2280 1427,2277 1471,2277 1516,2274 1561,2274 1606,2274 1650,2271 1695,2271 1740,2268 1785,2268 1830,2268 1874,2268 1919,2265 1964,2265 2009,2262 2053,2262 2098,2262 2143,2259 2188,2259 2233,2256 2277,2256 2322,2253 2367,2253 2412,2251 2457,2251 2501,2248 2546,2248 2591,2245 2636,2245 2680,2245 2725,2242 2770,2242 2815,2242 2860,2239 2904,2236 2949,2236 2994,2236 3039,2233 3083,2233 3128,2230 3173,2230 3218,2230 3263,2227 3307,2227 3352,2227 3397,2224 3442,2224 3486,2224 3531,2221 3576,2224"/>
                <TextEquiv>
                    <Unicode>Empfinden der Künstlerin rechnen und werde sie also nicht zwingen,</Unicode>
                </TextEquiv>
            </TextLine>
            <TextLine id="tr_1_tl_12" custom="readingOrder {index:11;}">
                <Coords points="1235,2412 3439,2397 3577,2385 3580,2265 1238,2317"/>
                <Baseline points="1253,2394 1259,2397 1304,2397 1349,2397 1394,2394 1438,2394 1483,2394 1528,2391 1573,2391 1618,2388 1662,2388 1707,2388 1752,2385 1797,2385 1842,2385 1886,2385 1931,2382 1976,2382 2021,2382 2065,2382 2110,2376 2155,2376 2200,2376 2245,2373 2289,2370 2334,2370 2379,2367 2424,2367 2468,2367 2513,2364 2558,2361 2603,2361 2648,2361 2692,2358 2737,2358 2782,2358 2827,2355 2871,2352 2916,2349 2961,2352 3006,2349 3051,2346 3095,2346 3140,2346 3185,2346 3230,2346 3275,2343 3319,2340 3364,2340 3409,2340 3454,2337 3498,2337 3543,2334 3588,2337"/>
                <TextEquiv>
                    <Unicode>die Rolle zu spielen, zumal da ich der Ueberzeugung bin, dass Frau</Unicode>
                </TextEquiv>
            </TextLine>
            <TextLine id="tr_1_tl_13" custom="readingOrder {index:12;}">
                <Coords points="1226,2526 3555,2480 3531,2378 1606,2480 1229,2424"/>
                <Baseline points="1244,2513 1277,2513 1322,2510 1367,2507 1412,2507 1456,2504 1501,2504 1546,2504 1591,2504 1636,2501 1680,2501 1725,2501 1770,2498 1815,2495 1859,2492 1904,2492 1949,2492 1994,2489 2039,2492 2083,2489 2128,2489 2173,2486 2218,2486 2262,2483 2307,2483 2352,2483 2397,2480 2442,2480 2486,2477 2531,2477 2576,2474 2621,2474 2665,2471 2710,2471 2755,2471 2800,2468 2845,2468 2889,2468 2934,2465 2979,2462 3024,2462 3069,2462 3113,2459 3158,2462 3203,2462 3248,2459 3292,2457 3337,2454 3382,2454 3427,2454 3472,2454 3516,2448 3561,2448"/>
                <TextEquiv>
                    <Unicode>Bleibtreu, welcher ich nunmehr die Rolle zuteilen will, eine ganz</Unicode>
                </TextEquiv>
            </TextLine>
            <TextLine id="tr_1_tl_14" custom="readingOrder {index:13;}">
                <Coords points="1244,2654 3175,2642 3623,2584 3650,2495 1244,2587"/>
                <Baseline points="1262,2627 1283,2627 1328,2627 1373,2624 1418,2624 1462,2624 1507,2621 1552,2621 1597,2621 1641,2618 1686,2615 1731,2615 1776,2612 1821,2612 1865,2612 1910,2609 1955,2609 2000,2606 2045,2606 2089,2606 2134,2606 2179,2603 2224,2600 2268,2600 2313,2600 2358,2597 2403,2597 2448,2594 2492,2594 2537,2594 2582,2591 2627,2588 2671,2588 2716,2588 2761,2588 2806,2585 2851,2582 2895,2582 2940,2582 2985,2579 3030,2579 3074,2576 3119,2576 3164,2573 3209,2576 3254,2576 3298,2573 3343,2573 3388,2573 3433,2570 3478,2573 3522,2570 3567,2564 3612,2561 3657,2558"/>
                <TextEquiv>
                    <Unicode>erstklassige Vertreterin sein wird. Den kleinen Satz im Dialog, wel-</Unicode>
                </TextEquiv>
            </TextLine>
            <TextLine id="tr_1_tl_15" custom="readingOrder {index:14;}">
                <Coords points="1238,2780 3393,2737 3699,2685 3699,2605 1241,2697"/>
                <Baseline points="1259,2743 1289,2743 1334,2743 1379,2740 1424,2740 1468,2740 1513,2737 1558,2734 1603,2734 1647,2734 1692,2731 1737,2731 1782,2728 1827,2728 1871,2728 1916,2725 1961,2725 2006,2722 2050,2722 2095,2722 2140,2719 2185,2719 2230,2719 2274,2716 2319,2716 2364,2713 2409,2710 2454,2710 2498,2707 2543,2707 2588,2707 2633,2704 2677,2704 2722,2704 2767,2704 2812,2701 2857,2701 2901,2698 2946,2698 2991,2695 3036,2692 3080,2689 3125,2689 3170,2689 3215,2689 3260,2686 3304,2686 3349,2686 3394,2686 3439,2683 3483,2683 3528,2683 3573,2680 3618,2677 3663,2671 3707,2671"/>
                <TextEquiv>
                    <Unicode>cher zur Charakteristik der Irene Herms ungefähr sagt: "Prinzessinnen</Unicode>
                </TextEquiv>
            </TextLine>
            <TextLine id="tr_1_tl_16" custom="readingOrder {index:15;}">
                <Coords points="1244,2890 3574,2847 3638,2725 1247,2829"/>
                <Baseline points="1262,2857 1268,2860 1313,2860 1358,2857 1403,2857 1447,2857 1492,2854 1537,2851 1582,2851 1627,2851 1671,2848 1716,2848 1761,2845 1806,2845 1850,2842 1895,2842 1940,2839 1985,2836 2030,2839 2074,2839 2119,2836 2164,2833 2209,2833 2253,2833 2298,2830 2343,2827 2388,2827 2433,2824 2477,2824 2522,2824 2567,2824 2612,2821 2657,2821 2701,2818 2746,2818 2791,2818 2836,2815 2880,2815 2925,2812 2970,2812 3015,2809 3060,2809 3104,2806 3149,2806 3194,2806 3239,2806 3283,2803 3328,2800 3373,2803 3418,2800 3463,2800 3507,2800 3552,2797 3597,2797 3642,2797"/>
                <TextEquiv>
                    <Unicode>waren nie ihre Stärke" kann man streichen und damit wol das einzige</Unicode>
                </TextEquiv>
            </TextLine>
            <TextLine id="tr_1_tl_17" custom="readingOrder {index:16;}">
                <Coords points="1238,2995 3454,2958 3552,2949 3555,2850 1238,2918"/>
                <Baseline points="1256,2976 1280,2976 1325,2973 1370,2973 1415,2970 1459,2970 1504,2970 1549,2967 1594,2967 1638,2964 1683,2961 1728,2964 1773,2961 1818,2961 1862,2958 1907,2958 1952,2955 1997,2955 2042,2955 2086,2955 2131,2952 2176,2949 2221,2946 2265,2946 2310,2943 2355,2943 2400,2943 2445,2940 2489,2940 2534,2937 2579,2937 2624,2934 2668,2931 2713,2931 2758,2931 2803,2931 2848,2928 2892,2928 2937,2925 2982,2928 3027,2925 3072,2925 3116,2922 3161,2922 3206,2922 3251,2919 3295,2919 3340,2919 3385,2916 3430,2916 3475,2913 3519,2913 3564,2916"/>
                <TextEquiv>
                    <Unicode>Bedenken beseitigen, welches für diese Besetzung anzuführen wäre.</Unicode>
                </TextEquiv>
            </TextLine>
            <TextLine id="tr_1_tl_18" custom="readingOrder {index:17;}">
                <Coords points="1251,3135 3703,3068 3706,2945 1254,3028"/>
                <Baseline points="1268,3092 1289,3092 1334,3089 1379,3089 1424,3089 1468,3086 1513,3086 1558,3083 1603,3083 1647,3083 1692,3080 1737,3080 1782,3077 1827,3074 1871,3072 1916,3072 1961,3072 2006,3069 2050,3069 2095,3066 2140,3066 2185,3066 2230,3063 2274,3063 2319,3060 2364,3060 2409,3057 2454,3057 2498,3054 2543,3054 2588,3054 2633,3054 2677,3051 2722,3051 2767,3051 2812,3048 2857,3048 2901,3045 2946,3045 2991,3045 3036,3042 3080,3042 3125,3039 3170,3039 3215,3036 3260,3036 3304,3036 3349,3036 3394,3033 3439,3030 3483,3030 3528,3030 3573,3027 3618,3027 3663,3021 3707,3021"/>
                <TextEquiv>
                    <Unicode>Ich hoffe, sehr verehrter Herr Doktor Schnitzler, Sie sind damit ein-</Unicode>
                </TextEquiv>
            </TextLine>
            <TextLine id="tr_1_tl_19" custom="readingOrder {index:18;}">
                <Coords points="1254,3227 3359,3227 3715,3169 3718,3080 1257,3166"/>
                <Baseline points="1271,3209 1304,3206 1349,3206 1394,3206 1438,3203 1483,3203 1528,3203 1573,3203 1618,3203 1662,3203 1707,3200 1752,3197 1797,3197 1842,3194 1886,3191 1931,3191 1976,3188 2021,3185 2065,3188 2110,3185 2155,3185 2200,3182 2245,3182 2289,3179 2334,3179 2379,3176 2424,3176 2468,3176 2513,3173 2558,3173 2603,3173 2648,3170 2692,3170 2737,3167 2782,3167 2827,3164 2871,3164 2916,3161 2961,3161 3006,3158 3051,3158 3095,3158 3140,3155 3185,3155 3230,3155 3275,3155 3319,3152 3364,3152 3409,3152 3454,3152 3498,3149 3543,3149 3588,3149 3633,3146 3678,3140 3722,3143"/>
                <TextEquiv>
                    <Unicode>verstanden und ich begrüsse Sie herzlich in alter hoher Verehrung als</Unicode>
                </TextEquiv>
            </TextLine>
            <TextLine id="tr_1_tl_20" custom="readingOrder {index:19;}">
                <Coords points="2599,3304 2869,3283 3221,3319 3457,3286 3457,3221 3206,3191 3083,3224 2841,3191 2728,3243 2602,3234"/>
                <Baseline points="2618,3286 2660,3283 2704,3283 2749,3283 2794,3280 2839,3280 2883,3280 2928,3277 2973,3280 3018,3280 3063,3277 3107,3275 3152,3277 3197,3272 3242,3272 3286,3269 3331,3269 3376,3269 3421,3266 3466,3266"/>
                <TextEquiv>
                    <Unicode>Ihr aufrichtig ergebener</Unicode>
                </TextEquiv>
            </TextLine>
            <TextLine id="tr_1_tl_21" custom="readingOrder {index:20;}">
                <Coords points="2697,3497 2755,3516 2841,3482 2909,3525 3083,3479 3353,3470 3356,3381 3313,3359 3212,3378 3157,3326 3114,3338 3068,3304 2955,3350 2700,3292"/>
                <Baseline points="2713,3448 2734,3448 2779,3445 2824,3448 2868,3445 2913,3445 2958,3445 3003,3448 3048,3445 3092,3442 3137,3436 3182,3436 3227,3433 3272,3433 3316,3439 3361,3445"/>
                <TextEquiv>
                    <Unicode>Muge Thüme</Unicode>
                </TextEquiv>
            </TextLine>
        </TextRegion>
    </Page>
</PcGts>
