4520 4712
3047 802 3176 967 1
1526 987 1975 1273 thiens
2320 1128 3114 1335 Wien, den 22. März 1917.
1549 1500 2750 1731 Hochwahrte Herr Dr. Schnitzler.
1620 1661 3199 1875 Ihr so gütiger Zürich am Gratewand meines
1498 1825 3191 2005 Pensionistentums hat mir unendlich volgetan.
1532 1930 3208 2172 haben die inne zur Dank dafür. Ich hoffe nicht
1558 2099 3253 2298 nötig zu haben Ihnen besonders versichern zu mühe
1556 2198 3274 2412 sen, daß es meine schönste Genugtuung von Ihnen
1581 2367 3186 2534 und Ihrer leuchtenden vaterländischen im
1601 2480 3214 2701 neuzeitlichen Kunst ein wenig dienlich
1594 2636 3182 2823 sein zu können, und daß die Fäden, die
1616 2767 3323 2992 sich in anserem persönlichen Verkehr vom Menschen
1631 2880 3332 3112 zum Menschen zogen, als einen Lebensgemacht
1652 3058 3264 3221 schätze, den zu hegen und zu pflegen mir
1682 3171 2827 3334 Chron und Freude bleiben wird!
1819 3293 3278 3490 An die mir eröffnete Aussicht die bald
