6280 4697
3312 497 3514 664 "   "
3412 529 6000 824 immer auf sehr collegialen Fuß stand, u. daß Erln. Weinen, Stien¬
501 710 3049 934 beim Sturmengriff nach dem großen Dejesterübergang durch
3351 738 6074 966 Speising (Ihr.) mit meiner Tochter befreundet, bei uns in München
3404 841 5992 1058 auf Besuch war, von uns menschenwürdig u gut behandelt
415 852 3021 1054 eine Schraquellkugel schwer verwundet wurde, der Jüngere zum 2.
433 980 2922 1150 mal an der Front in Rustland steht. Ersterer hat am 2/10 die
3397 934 6017 1175 wurde. Herr Schnitzler hat den größten Teil des Stoffes aus
454 1076 3071 1278 Tapferkeitsmedritte bekommen „wegen tapferen Verh.“ v. 3. Feinde u. weil
3412 1086 6120 1296 feuilletonistischen Zeitungsgeschwaz boshafter, sensationsmachender
3415 1207 6024 1392 Journalisten entnommen. Das Gravierende ist der "Salzburger
458 1168 3000 1374 er einen schw. verwundeten Offizier, den einzigen Überlebenden.
472 1331 3035 1534 seiner österr. Sagerkompanie (vom 5. Bataillon) ein starkst. Feuer fort¬
3390 1306 6060 1516 Bahnhof“ Herr S. will damit andeuten, daß wir aus Salzburg
469 1466 3046 1651 getragen u. vor Gefangenschaft gerettet hat". Von meinen nächst. Vor¬
3429 1456 6078 1665 sinausgeworfen wurden. Das ist aber nicht richtig. Ich besitze
440 1576 3078 1754 wandten ist auch der akt. Hauptmann Hadwiger (93. öster. Inf. Reg.) Schwieger¬
3419 1576 6007 1757 von den mich schützenden Salzb. Behörden günstige Leumunds¬
2258 1661 2435 1775 beide
479 1700 2939 1913 sohn meines verstanden Bruders, und ein junger Leutnant durch Topfschuß
4118 1711 6014 1885 , von welchen ich eine in Abschrift beilage.
3394 1750 4132 1942 bescheinigungen
3745 1842 4129 1952 2 Beilage
3422 1814 6024 2013 Die andere stammt von dem Altbürgermeister u. langjährigen
2496 1846 2790 1992 lingen,
501 1871 919 2031 gefallen.
614 1917 2915 2116 Zur Erklärung muß ich noch beifrigen, daß wir vor Jahren
3412 1967 6007 2137 Deutschfortschrittl. Lantagsabgeordneten meiner Heimatsge¬
486 2041 2925 2261 als besitzende Familie von ein paar minderwert, revolvernden
3419 2055 6106 2272 meinde. Ich besitze in der Salzbg. Neuesgerpstrüste 3 Zinshäuser,
511 2208 3021 2375 Provinzjournalisten in verbleint verlogener Form verfolgt u in
3415 2166 6131 2378 könne öfter dahin, niemand belästigt mich. Wir sind seinerzeit
501 2311 2946 2489 einen großen Tratsch hineingebracht wurden, der leider auch
3447 2325 6120 2485 nach München übersiedelt, weil er infolge journalistischer Verfol¬
518 2432 2918 2595 ungeprüft in bessere Zeitungen Eingang fand. Mit Politik
3447 2457 6145 2670 gungen krank wurde u. mich nach nötiger Ruhe sehnend, dem
3656 2471 3909 2567 schwer
518 2581 2993 2769 habe mich nie sonderlich befasste Meine Stamm wurde einmal
3465 2574 6134 2787 hinterhältigen Geschwätze begreiflich ausweichen wollte, das, ohne
2765 2581 3156 2737 in Salzbjurg
536 2655 3103 2900 ohne m. Zustimmung unter die Einlebung einer Wahlervorsammlung
3465 2691 6166 2886 Namensnennung, gerichtlich schwer zu fassen ist. - Nach entlassenen
554 2815 2943 3000 gesetzt, für einen Deutschnat-Bewerber. Ich war meiner
3465 2804 6145 3007 diebischen Dienstboten u. einer wegen Unverträglichkeit u. Zins¬
536 2939 2971 3106 nordenährischen Heimat entsprechend stets deutsch gesinnt
3475 2939 6000 3117 rückständen gekündigten Beflagen wohnportei soll man das Privatleben
522 3025 3117 3216 ohne entisemitischen Einschlag. Vereinstige Zeitungen haben
3465 3060 6127 3291 seiner Mitmenschen nicht beurteilen. Die Herren „Spaß“ macher
554 3181 2939 3362 uns in Schutz genommen u. so sind wir unschuldig in eine
3483 3163 6088 3376 in der Presse überlegen sich nicht, welchen Jammer sie durch ihre
572 3287 3032 3507 schreckliche Zankapfel- u. Prügelknabenvolle hineingerexxen.
3454 3302 6173 3490 Messensuggestion über eine harmlose anständige Familie bringen.
671 3387 3010 3639 die Herren der Stein, Bauer ert. verfolgen uns ebenfalls
3479 3408 6220 3653 Schadensrohe Leute gibts zu genug. Mir liegt an diesem elenden
554 3514 3053 3742 als vermeintliche Antisemiten. Sie wissen halt nicht, daß
3507 3546 6177 3749 Tammedasein nichts mehr. Wenn ich die 2 weltfremden Müdeln,
564 3656 3025 3834 meine Nichte an den Großkaufmann Jakob klein“ (Ihrentx) gut
3504 3674 6205 3866 die mit mir leiden müssen, in guten Händen wüsste, ich wäre
579 3770 2996 3958 verheirntet ist, daß mein Sohn (nachdem man unser Geschäft
3500 3830 6142 4012 jede Stunde bereit, mir eine Kugel durch den Kopf zu jagen,
611 3894 3124 4132 zerstörte) mit seinem nachm. Chef Sal. Weinstein, Wien, Favoritenstraße
3216 3905 6070 4164 * die uns gar nicht kennen, keine Iden haben, was sie für heralose einsache, sprofame,
3461 4072 4807 4299 rechtlich deutsch denkende Menschen sind.
1821 4029 2570 4271 x in Sternberg Mährer,
