6344 4697
1954 508 2603 730 "    "  . ..   1.
1426 508 1651 706 14/4
343 676 2219 945 bevor ich im Irrenhause enden muß.
434 824 2983 1046 Auf Grund meiner wahrheitsgefreuen Ausführungen, ferner
326 935 2969 1150 wegen der Zukunft meiner hilf- u. mutterlosen Kinder bitte
353 1086 2989 1291 ich die sehr geehrte Direktion des Burgtheaters vor allem den
350 1180 2983 1473 „Salzburger Bahnhof“ weg zu lassen, im Einvernehmen des über
393 1352 2956 1590 uns ungeführten Herrn Autors Streichungen vorzunehmen u.
367 1429 3003 1698 zu dem Zwecke das Stück bis auf weiteres abzusetzen. Zumal
377 1540 3053 1789 mit uns auch unsere in Oesterrich in geachteten Lebensstellungen
390 1722 3050 1923 stehenden Verwandten in peinliche Schande mit hineingerissen werden,
383 1806 3050 2028 unsäglich traurig für jene Angehörige, die zurzeit auf den Schlacht¬
397 1923 2922 2165 feldern bluten u. sterben! Ohmm Sie auch der toten Mutter
393 2038 3046 2263 am Meinchener Ostprarhof, auf deren Grabeshügel ich mit den Trichtern
407 2172 3073 2391 vorgestern den sechsten Allerseelenkranz legte u. ein stilles Unterunser
400 2313 2478 2502 betete, ihre einsame Gratesruhe in der fremden Stadt.
508 2445 3073 2599 Mit meinen Ausführungen will ich natürlich der geehrten Spielleitung
387 2562 3090 2740 durchaus nicht nahe treten, Sie konnten von der Sache bisher nichts wissen
1638 2663 1843 2764 nur
427 2707 3067 2861 Ich bitte, neu tümlich, Herrn Schnitzler in meine Luwunds-Z. Einsicht nehmen
454 2818 3073 3020 zu lassen, über den Inhalt d. Briefes könnte er sich am Ende beleidigt fühlen.
451 2922 3053 3097 Sollten Sie mit jemanden von der „N. Fr. Presse“ Fühlung haben, so wurden
457 3060 2969 3238 Sie uns zu Dank verpflichten, wenn Sie diesem die Zeuge. Abschriften
474 3171 2999 3389 für Herrn Sr Benedikt übergeben würden. Bitte tuen Sie einer unschuldig¬
461 3265 2939 3517 schwer bedrängten Familie die Gefälligkeit. Unser Gotte, der die deutschen
481 3406 3083 3584 Waffen signet, wird es Ihnen lohnen! E damit auch die Wiener literale
622 3581 851 3662 weiter
501 3571 1836 3742 Presse keine unrächtigen „Witze bringt.)
592 3625 3020 3840 Wegen der Schlüssel-Tendenz hat sich ja auch in einem Teil der
511 3816 3036 3968 österreich, u. deutschen Presse eine starke Oposition gebildet gegen
511 3951 1221 4133 des neue Stück.
514 4011 3016 4338 * er wurde mir meine „Anmaßung“ publizistisch heimzahlen.
3534 484 5921 804 zum Beweise unserer vollen Anständigkeit möchte ich
3426 646 6066 905 schließlich noch erwähnen, daß uns gegen die journalistisch
3457 814 5925 1019 krankhaften Verfolgungen (sadistische Ggsterie, an die
3484 874 5968 1140 mittelalterlichen Grausamkeiten erinnerend) ohne unser
3504 1052 5992 1318 Ersuchen verschiedene hochstehende Personen in Schutz ge¬
3510 1133 6133 1389 nommen haben. Ich erwähne Dr Sylvester, (gegen das Annah¬
3510 1291 5864 1527 Prangerstellen) Oberbürgerm. v. München Dr. Borscht
3504 1345 5908 1698 (bezeichnete es als "Roheit u. deutsche Kulturschände")
3544 1547 6100 1752 der München. Vordinal (Spekulation auf die niedrigsten
3541 1654 6029 1907 Instinkte der Massen“) und mehre Korporationen:
3494 1799 6137 2007 die – Türschützvereine u. Vereine gegen Virisektion.
3689 1896 6039 2105 In Zeitungswitzen u. Ogeretten wurden wir auch
3504 2024 6066 2290 als herabgekommene Leute hingestellt, das ist über in
3514 2108 6093 2374 keiner Richtung der Fall. Ich habe das von meinen
3564 2276 6096 2549 Eltern ernthe Vermögen, so lange ich gesund war,
3588 2377 6123 2619 durch geschriftliche Tätigkeit Handlungsgeschäft mit
3588 2488 6110 2737 nordenähr. u. schles. Linnen- u. Baumerkwaren) und durch
3635 2653 6086 2861 Bauunternehmungen fast verdreifacht, besitze in
3628 2751 6217 3013 meinen 59. Lebensjahre nebst den 3 lastenfreien Häusern
3645 2861 6163 3097 Wertpapiere in der Deutschen Bank, alles ehrlich für
3625 3026 6177 3235 die Kinder zusammen gespart. Auch die verstorbene
3632 3110 6241 3403 Mutter war tüchtige Geschäftsfrau u. hat die Hauswirt¬
3638 3241 6184 3524 schaft bestens in Ordnung gehalten. Gesellschaftskreise
3658 3356 6204 3635 wie in „Komödie der Worte“ Schminke, Puder u. sonstiger
3679 3490 6133 3746 undeutscher Überkulturdreck, Proversitäten nach
3679 3611 6180 3894 freundländischer Art (Meuchen-Schwatinger-Milieu) sind
3689 3759 5639 3998 u. waren uns ganz unbekannte Dinge.
