4531 4711
2567 1088 2862 1210 Wien, XVIII/4.
2529 1185 2892 1275 Gymnasiumstrasse 47
1384 1214 1825 1396 Hugo Thimig
2383 1254 2935 1411 10. Dec. 1910.
1467 1589 2886 1906 Hochverehrte Herr Dr. Schnitzler.
1443 1810 2959 2121 Sie haben mir eine Grasse und wahre
1463 1936 3008 2220 Freudt gemacht, für die ich Ihnen ganz
1482 2153 2373 2354 Herzlich dankbar bin
1545 2192 3107 2482 Das schöne Bild, mit der mich ehrenver¬
1522 2348 3111 2632 und hohe glücklich machener Widmung,
1559 2492 3146 2750 wird nun ein vertvalles Einumungs¬
1571 2636 3095 2929 zeichnen bleiben an eine Zeit, in der
1609 2770 3107 3059 ich meine schwachen kräfte begeistert
1644 2880 3063 3191 in Greu und Hans Werkes Dienst
