3368 4040
530 435 2938 721 Die Abschrift des ersten Blattes aber, das spätesten
543 670 2989 848 aus dem Jahre 1905 stammt, und noch von einer seither
546 816 2916 1035 verstorbenen Sekretärin,Frl.Ida Grünwald,mittelst
537 1020 2957 1207 Schreibmaschine aufgenommen war (und das allein zur
534 1175 3094 1369 Bestätigung meines obigen Berichtes ausreichen dürfte)
549 1350 2922 1598 setze ich wortgetreu in seiner ganzen Flüchtigkeit
553 1547 1795 1734 an das Ende dieser Zeilen.
572 1712 3062 1972 „Einer ist Mitarbeiter bei zwei feindlichen Blättern.
578 1928 2932 2144 „Er schreibt Artikel gegen sich,wird nach und nach
521 2220 2274 2338 „ so sch arf, dass er sich fordern muss.
588 2366 1988 2512 "Wie seine Freunde ihn hetzen.
591 2401 2795 2693 „Er wird gut bezahlt von der Regierung, ist aber
600 2630 3002 2852 selbst ganz anderer Ansicht und kann sein Gewissen
594 2817 3132 3056 „nicht anders beruhigen, als indem er gegen sich selbst
603 3005 1131 3240 „schreibt."
