3400 4072
1068 438 3063 725 erde in jenem Feuilleton die Szene gerühmt,
848 507 1008 725 18
441 703 2921 904 wo jedes Sekundantenpaar den Klienten, der beiden Par-
444 857 2801 1081 teien zugehört, für sich in Anspruch nehme; und die
435 1037 2968 1248 besonders gelungene Figur eines Politoders gebe Anlass
457 1207 2861 1405 zu Vergleichen zwischen der Charakterisierungskunst
447 1402 1513 1623 Bernards und Molieres
451 1519 2868 1812 Diese Erzählung frappierte mich in hohem Grade, denn
466 1714 2830 1982 dæ Sujet, das Frau B.Z. nach jenem Feuilleton,ohne
473 1884 2937 2162 selbst die Komödie Tristan Bernards zu kennen,ihren
476 2111 2931 2335 Gästen mitteilte, war in seinen Grundzügen so gut wie
482 2256 2978 2486 identisch mit einem meiner eigenen Stoffe, dessen Ent-
492 2439 2893 2679 stehung etwa neun Jahre zurück lag, mit dem ich mich
495 2625 2899 2861 vor vier Jahren flüchtig wieder beschäftigt, und den
492 2798 2924 3013 ich vor wenigen Wochen mit erneutem Interesse aufge-
495 2959 2959 3167 nommen hatte, so dass ein ausführliches Szenarium des
511 3142 3028 3372 1.und 2.Aktes und ein etwas flüchtigeres der 3 folgen-
507 3303 2962 3514 den bereits diktiert war. Mein Erstaunen entging den
507 3501 2928 3747 Anwesenden nicht und ich klärte es auf. Meine erste
