<?xml version="1.0" encoding="UTF-8" standalone="yes"?>
<PcGts xmlns="http://schema.primaresearch.org/PAGE/gts/pagecontent/2013-07-15" xmlns:xsi="http://www.w3.org/2001/XMLSchema-instance" xsi:schemaLocation="http://schema.primaresearch.org/PAGE/gts/pagecontent/2013-07-15 http://schema.primaresearch.org/PAGE/gts/pagecontent/2013-07-15/pagecontent.xsd">
    <Metadata>
        <Creator>prov=READ-COOP:name=TrHtr:version=2.1.0:model_id=51170:date=30_07_2023_00:09</Creator>
        <Created>2023-05-10T13:29:06.493+02:00</Created>
        <LastChange>2023-07-30T00:09:23.478+02:00</LastChange>
        <TranskribusMetadata docId="1428577" pageId="55411881" pageNr="3" tsid="131471099" status="IN_PROGRESS" userId="64420" imgUrl="https://files.transkribus.eu/Get?id=NEQDODJYTNPMDTKCBAZLIEAN&amp;fileType=view" xmlUrl="https://files.transkribus.eu/Get?id=GAETRWRARHIZPITFPQZMXYJE" imageId="44686024"/>
    </Metadata>
    <Page imageFilename="1428577_0003.jpg" imageWidth="3352" imageHeight="4040">
        <ReadingOrder>
            <OrderedGroup id="ro_1711791821898" caption="Regions reading order">
                <RegionRefIndexed index="0" regionRef="tr_1"/>
            </OrderedGroup>
        </ReadingOrder>
        <TextRegion orientation="0.0" id="tr_1" custom="readingOrder {index:0;}">
            <Coords points="510,483 510,3675 3085,3675 3085,483"/>
            <TextLine id="tr_1_tl_1" custom="readingOrder {index:0;}">
                <Coords points="492,631 2810,672 3029,641 3035,419 1484,545 498,488"/>
                <Baseline points="510,635 636,632 762,631 888,629 1014,623 1141,623 1267,617 1393,616 1519,611 1645,608 1772,602 1898,598 2024,596 2150,592 2276,584 2403,584 2529,579 2655,576 2781,575 2907,572 3034,569"/>
                <TextEquiv>
                    <Unicode>Regung war den Stoff ein für alle Mal ruhen zu lassen.</Unicode>
                </TextEquiv>
            </TextLine>
            <TextLine id="tr_1_tl_2" custom="readingOrder {index:1;}">
                <Coords points="501,837 2635,834 2864,802 2867,666 504,729"/>
                <Baseline points="519,817 636,811 754,808 872,807 990,805 1108,799 1226,796 1343,794 1461,793 1579,787 1697,782 1815,780 1933,775 2051,772 2168,769 2286,768 2404,763 2522,757 2640,754 2758,750 2876,742"/>
                <TextEquiv>
                    <Unicode>Aber als ich daheim das bereits Vorliegende wieder</Unicode>
                </TextEquiv>
            </TextLine>
            <TextLine id="tr_1_tl_3" custom="readingOrder {index:2;}">
                <Coords points="504,1005 2321,1015 2949,942 2952,844 507,904"/>
                <Baseline points="525,987 646,984 768,984 890,981 1011,978 1133,974 1255,969 1376,967 1498,960 1620,960 1742,955 1863,951 1985,950 2107,942 2228,943 2350,936 2472,933 2593,927 2715,924 2837,923 2959,910"/>
                <TextEquiv>
                    <Unicode>durchsah, durchdachte und zwei Tage darauf mit meiner</Unicode>
                </TextEquiv>
            </TextLine>
            <TextLine id="tr_1_tl_4" custom="readingOrder {index:3;}">
                <Coords points="511,1237 2895,1158 2930,983 514,1081"/>
                <Baseline points="528,1166 648,1163 768,1161 889,1158 1009,1157 1130,1152 1250,1151 1370,1148 1491,1145 1611,1139 1732,1133 1852,1133 1972,1127 2093,1124 2213,1118 2334,1116 2454,1109 2574,1109 2695,1103 2815,1103 2936,1101"/>
                <TextEquiv>
                    <Unicode>Frau und Frau B.Z. durchsprach, stand mir meine noch</Unicode>
                </TextEquiv>
            </TextLine>
            <TextLine id="tr_1_tl_5" custom="readingOrder {index:4;}">
                <Coords points="514,1360 2559,1307 2788,1373 2971,1326 2975,1167 517,1234"/>
                <Baseline points="531,1339 653,1339 775,1339 897,1336 1020,1333 1142,1330 1264,1324 1387,1320 1509,1314 1631,1312 1754,1306 1876,1303 1998,1303 2120,1297 2243,1297 2365,1291 2487,1288 2610,1285 2732,1277 2854,1276 2977,1268"/>
                <TextEquiv>
                    <Unicode>ungeschriebene Komödie so eindringlich und trotz der</Unicode>
                </TextEquiv>
            </TextLine>
            <TextLine id="tr_1_tl_6" custom="readingOrder {index:5;}">
                <Coords points="517,1563 2734,1535 2959,1503 2962,1392 520,1424"/>
                <Baseline points="534,1509 655,1518 776,1518 898,1512 1019,1512 1141,1508 1262,1503 1383,1498 1505,1497 1626,1491 1748,1491 1869,1485 1990,1479 2112,1479 2233,1474 2355,1470 2476,1467 2597,1462 2719,1462 2840,1456 2962,1447"/>
                <TextEquiv>
                    <Unicode>Verwandtschaft mit dem Bernard'schen Sujet so eigen-</Unicode>
                </TextEquiv>
            </TextLine>
            <TextLine id="tr_1_tl_7" custom="readingOrder {index:6;}">
                <Coords points="517,1709 2004,1747 2775,1687 2883,1573 1259,1551 517,1636"/>
                <Baseline points="534,1697 651,1697 769,1693 887,1688 1005,1685 1123,1682 1241,1679 1358,1676 1476,1670 1594,1667 1712,1662 1830,1661 1948,1655 2066,1652 2183,1650 2301,1647 2419,1641 2537,1638 2655,1635 2773,1632 2891,1626"/>
                <TextEquiv>
                    <Unicode>artig vor Augen, dass ich den Entschluss fasste sie</Unicode>
                </TextEquiv>
            </TextLine>
            <TextLine id="tr_1_tl_8" custom="readingOrder {index:7;}">
                <Coords points="530,1887 3067,1922 3073,1725 2382,1674 1779,1804 533,1795"/>
                <Baseline points="546,1876 672,1873 799,1873 926,1864 1053,1858 1180,1852 1306,1852 1433,1848 1560,1843 1687,1840 1814,1840 1940,1836 2067,1829 2194,1826 2321,1820 2448,1817 2574,1814 2701,1808 2828,1805 2955,1799 3082,1793"/>
                <TextEquiv>
                    <Unicode>in jedem Falle auszuführen. Immerhin aber hielt ich es</Unicode>
                </TextEquiv>
            </TextLine>
            <TextLine id="tr_1_tl_9" custom="readingOrder {index:8;}">
                <Coords points="536,2068 2708,2033 2835,2007 2835,1919 539,1966"/>
                <Baseline points="554,2046 668,2045 782,2043 897,2039 1011,2040 1126,2033 1240,2030 1355,2028 1469,2024 1584,2020 1698,2019 1812,2017 1927,2009 2041,2008 2156,2004 2270,1999 2385,1998 2499,1992 2614,1990 2728,1984 2843,1975"/>
                <TextEquiv>
                    <Unicode>für angezeigt, von dem, was ich bis zum 12. Dezember</Unicode>
                </TextEquiv>
            </TextLine>
            <TextLine id="tr_1_tl_10" custom="readingOrder {index:9;}">
                <Coords points="530,2258 2797,2214 2800,2074 533,2160"/>
                <Baseline points="551,2222 663,2222 776,2217 888,2216 1001,2211 1114,2209 1226,2207 1339,2204 1452,2199 1564,2196 1677,2191 1790,2189 1902,2187 2015,2183 2128,2178 2240,2178 2353,2175 2466,2171 2578,2166 2691,2165 2804,2169"/>
                <TextEquiv>
                    <Unicode>1913, dem Tag, an dem ich durch Frau B.Z. flüchtig</Unicode>
                </TextEquiv>
            </TextLine>
            <TextLine id="tr_1_tl_11" custom="readingOrder {index:10;}">
                <Coords points="533,2448 2905,2410 3048,2385 3051,2248 536,2337"/>
                <Baseline points="554,2398 679,2398 804,2398 929,2394 1054,2391 1180,2387 1305,2384 1430,2374 1555,2374 1680,2372 1806,2366 1931,2366 2056,2360 2181,2352 2306,2351 2432,2348 2557,2345 2682,2342 2807,2336 2932,2333 3058,2330"/>
                <TextEquiv>
                    <Unicode>von dem Inhalt des Tristan Bernard'schen Stücks Kennt-</Unicode>
                </TextEquiv>
            </TextLine>
            <TextLine id="tr_1_tl_12" custom="readingOrder {index:11;}">
                <Coords points="549,2607 2743,2524 2952,2591 3016,2397 552,2493"/>
                <Baseline points="566,2571 688,2574 811,2571 934,2569 1057,2566 1180,2563 1302,2560 1425,2553 1548,2548 1671,2546 1794,2542 1916,2539 2039,2536 2162,2533 2285,2528 2408,2526 2530,2518 2653,2515 2776,2512 2899,2511 3022,2509"/>
                <TextEquiv>
                    <Unicode>nis erhalten, meiner Sekretärin, Frl.Frieda Pollak, dik-</Unicode>
                </TextEquiv>
            </TextLine>
            <TextLine id="tr_1_tl_13" custom="readingOrder {index:12;}">
                <Coords points="558,2765 2483,2708 2632,2803 3041,2797 3073,2585 564,2632"/>
                <Baseline points="575,2751 700,2752 825,2748 951,2748 1076,2741 1201,2742 1327,2734 1452,2730 1577,2727 1703,2724 1828,2721 1953,2715 2079,2714 2204,2708 2329,2703 2455,2703 2580,2698 2705,2695 2831,2691 2956,2687 3082,2673"/>
                <TextEquiv>
                    <Unicode>tiert hatte, durch diese selbst drei Abschriften anfer-</Unicode>
                </TextEquiv>
            </TextLine>
            <TextLine id="tr_1_tl_14" custom="readingOrder {index:13;}">
                <Coords points="561,2978 2924,2886 2959,2778 564,2864"/>
                <Baseline points="578,2924 697,2926 816,2924 935,2921 1054,2917 1174,2915 1293,2913 1412,2905 1531,2903 1650,2898 1770,2896 1889,2891 2008,2888 2127,2882 2246,2879 2366,2876 2485,2875 2604,2870 2723,2870 2842,2866 2962,2861"/>
                <TextEquiv>
                    <Unicode>tigen zu lassen und sie bei drei Vertrauenspersonen</Unicode>
                </TextEquiv>
            </TextLine>
            <TextLine id="tr_1_tl_15" custom="readingOrder {index:14;}">
                <Coords points="545,3155 2822,3089 3073,3067 3076,2975 549,3035"/>
                <Baseline points="566,3106 698,3103 831,3101 963,3097 1096,3096 1228,3089 1361,3087 1494,3082 1626,3078 1759,3075 1891,3067 2024,3064 2156,3061 2289,3057 2422,3054 2554,3049 2687,3043 2819,3040 2952,3037 3085,3022"/>
                <TextEquiv>
                    <Unicode>zu hinterlegen, als die ich Frau Hofrätin Berta Zucker-</Unicode>
                </TextEquiv>
            </TextLine>
            <TextLine id="tr_1_tl_16" custom="readingOrder {index:15;}">
                <Coords points="558,3333 2816,3273 2987,3238 2990,3117 561,3197"/>
                <Baseline points="575,3279 696,3279 817,3276 938,3276 1059,3271 1180,3266 1301,3264 1422,3258 1543,3256 1664,3252 1785,3246 1906,3241 2027,3236 2148,3237 2269,3234 2390,3234 2511,3230 2632,3225 2753,3218 2874,3216 2995,3204"/>
                <TextEquiv>
                    <Unicode>kandl, den artistischen Sekretär des k.k.Hofburgthea-</Unicode>
                </TextEquiv>
            </TextLine>
            <TextLine id="tr_1_tl_17" custom="readingOrder {index:16;}">
                <Coords points="561,3507 2667,3473 2975,3441 2981,3308 568,3358"/>
                <Baseline points="581,3455 701,3455 821,3451 941,3451 1062,3446 1182,3444 1302,3442 1422,3437 1543,3431 1663,3428 1783,3425 1903,3419 2024,3416 2144,3413 2264,3410 2384,3408 2505,3402 2625,3398 2745,3396 2865,3394 2986,3389"/>
                <TextEquiv>
                    <Unicode>ters Herrn Dr.Richard Rosenbaum und Fräulein Frieda</Unicode>
                </TextEquiv>
            </TextLine>
            <TextLine id="tr_1_tl_18" custom="readingOrder {index:17;}">
                <Coords points="587,3660 786,3688 916,3634 1005,3682 1072,3641 1414,3675 1468,3634 1614,3672 1646,3663 1652,3492 1449,3539 1072,3514 859,3555 590,3492"/>
                <Baseline points="605,3619 657,3632 710,3631 762,3631 815,3631 868,3630 920,3626 973,3625 1026,3625 1078,3622 1131,3622 1184,3621 1236,3619 1289,3617 1342,3613 1394,3613 1447,3610 1500,3610 1552,3608 1605,3607 1658,3607"/>
                <TextEquiv>
                    <Unicode>pellak ausersehen habe.</Unicode>
                </TextEquiv>
            </TextLine>
            <TextEquiv>
                <Unicode>
















</Unicode>
            </TextEquiv>
        </TextRegion>
    </Page>
</PcGts>
