3384 4040
1748 430 2140 552 eventuell
521 455 2999 718 Mit diesen Zeilen, die ich der Buchausgabe meiner Ko-
524 690 3043 888 mödie vorausschicke, will ich nicht so sehr eine Prio -
524 850 2943 1017 rität oder Gleichzeitigkeit feststellen, an der auch
521 991 2849 1249 auf mein Wort hin niemanden zu zweifeln einfallen
527 1205 2880 1377 dürfte, sondern vor allem ein ziemlich merkwürdiges
533 1305 2896 1559 Beispiel für die Tatsache aufbewahren, dass in zwei
533 1550 2971 1751 Schriftstellern,die einander nie gesehen,nie gespro-
543 1719 2890 1904 chen haben und jeder in einem anderen Lande leben,
562 1920 2943 2077 ein im Grunde ziemlich neuer Bühneneinfall fast zur
543 2077 2858 2287 selben Zeit reif wird und nach Gestaltung drängt.
543 2284 2993 2425 Dass es mir beschieden war dieses literarische Aben-
558 2419 3031 2626 teuer gerade mit Tristan Bernard zusammen zu erleben,
571 2598 3084 2811 gereicht mir schon darum zur Genugtuung, weil ich gera-
558 2764 2965 2977 de diesem ausserordentlichen Humoristen seit Jahren
571 2996 2689 3210 eine ganz besondere Verehrung entgegenbringe.
1839 3153 2529 3436 Cultivateur
