3400 4040
2303 133 3068 435 Votre 1817
521 546 2922 762 Am 12. Dezember 1913 befand ich mich in kleiner Ge-
540 702 2938 915 sellschaft bei Frau Berta Zuckerkandl. Im Laufe des
534 889 3068 1093 Abends sprach die Gastgeberin von einem in einem fræa-
537 1070 3090 1261 zösischen Blatt erschienenen Feuilleton über eine neue
534 1226 2986 1464 Komödie von Tristan Bernard,deren Erstaufführung vor
530 1432 3043 1604 wenigen Tagen in Paris stattgefunden hatte und, da ihr
543 1579 2982 1791 meine Verehrung für den glänzenden französischen Hu-
553 1750 3005 1992 moristen bekannt war, erzählte den Inhalt des Stückes
534 1934 3056 2150 mit wenigen Worten, ungefähr wie folgt. Ein Journalist
559 2122 3056 2322 ist Mitarbeiter eines radikalen Blattes,zugleich aber
553 2319 2878 2490 unter anderm Namen einer Zeitung aristokratischer
556 2455 3008 2684 Richtung. Er steht in Beziehungen zu der Frau des ra
556 2624 2913 2852 dikalen Zeitungschefs und ist zugleich verlobt mit
559 2833 3005 3033 der Tochter des andern Herausgebers. Die Feindselig-
565 2998 3090 3198 keit zwischen den beiden Journalisten, die in Wirklich-
569 3173 2944 3380 keit nur eine Person vorstellen, entwickelt sich so
562 3348 2979 3561 weit, dass es schlieeslich zu einem Duell kommt. Als
