3720 4424
2581 149 2792 411 Deine
459 240 1554 502 Bolieur zu Maria
397 422 3323 699 zu werden. Seine Trauer, die etwas scheinlich
397 619 3287 950 schwere im entschlichen gewesen war, wurde
404 899 3261 1238 leichter, ohne umgab ihn, nicht mehr wie¬
313 1212 3218 1547 eines, ein schwere schnorges
331 1452 3261 1835 Dir; sie u inschwebte ihn wie denkt
397 1653 3181 2075 aber leicht Flor. Sein
1023 2053 1390 2250 sozal
2118 2089 3112 2344 lassen war
1369 2020 2002 2366 receut
389 2137 1336 2424 das ihm so
404 2359 3178 2683 We am  but I don't goed
404 2624 3087 2959 und ihm umhange gehalte hatte,
382 2839 2941 3141 liefs ihn los und sehr nur auch an sein
357 3127 3156 3469 Seite, gesinnt läßt. Er allemal werde
360 3414 3098 3753 kauf, er fehlt, es er lebt, er mir wird
280 3658 3069 3975 in Leben. Abends quee er Gazieren
