5019 4728
1146 533 1542 715 '̃̃ ̃
713 492 1043 662 Votre très avoir fait une remercieuse et de l'autre
1591 490 2017 769 Votre très obéissante, et de l'auteur ses
3123 537 3290 696 P.S.
2454 1152 3384 1438 Wien XIII/J 15.11.10.169
1890 1206 2224 1449 Bah
2155 1511 2906 1747 Lieber Arthur!
2285 1674 3310 1923 Ich habe jeden Tag zu Dir
1932 1850 3359 2091 kommen wollen, nie wars möglich,
1935 1990 3366 2182 nun muss ich morgen wieder auf
1932 2095 3394 2349 Vorlesungen fort, bis zum 5. Dezember
2352 2267 3337 2427 Lass mich Dir also kurz
1928 2396 3354 2592 schreiben, was ich Dir über ausführlich
1939 2525 3381 2751 gesagt hätte: warum ich nämlich den
1944 2664 3357 2895 Gedanken aufgegeben habe, über Dein
1946 2770 3352 2971 Stück im Neuen Mr Journal, unab¬
1959 2926 3401 3170 hängig von der ersten Aufführung, bei
1964 3074 3348 3279 der ich ja leider nicht sein kann, zu
1957 3279 2385 3433 sprechen.
1972 3334 3160 3573 Ich habe in London gleich geles er
3221 3334 3459 3613 Jan
