4349 4696
3183 579 3672 839 Votre très avoir fait une reine
333 1097 793 1235 „Die Zeit"
398 1203 757 1297 Wiener Wochenschrift
1818 1227 2066 1331 189 5
1063 1203 1623 1329 Wien, den 23. Juli
458 1271 709 1343 Herausgeber:
986 1295 1312 1406 IX/3, Günthergasse 1.
2160 1266 3962 1440 einer gewissen, nicht in der Sache liegenden
391 1333 769 1399 Professor Dr. J. Singer,
297 1377 861 1466 Hermann Bahr, Dr. Heinrich Kanner
379 1471 781 1599 Telephon Nr. 6415.
2177 1454 3918 1589 Schwere scheint, indem ein heiterer, aber
2173 1628 4029 1796 mir bei Kürze ein Leichtigkeit wirksamer
745 1671 1218 1796 Lieber Freund!
2158 1857 3981 1972 Gedanke allzu gewaltsam hinausgezogen
309 1833 2071 1989 Ich habe die „Fechichte“ von einem zweiser „Dichter“ sofort
2175 2009 4070 2170 wird. Davon hoffe ich mit dir anfangs Au¬
282 2028 2006 2146 gelesen ein dann, nachdem ich sie einige Tage bei
294 2165 2066 2298 mir erwogen, noch einmal. Als Redacteur muß ich
2173 2177 4094 2353 güßt in Ischl zu sprechen und dem Rederteur
292 2317 1898 2472 nun sagen, daß ich eine so lange, dabei doch
2151 2394 3933 2585 wäre es lieb, wenn ihr dich entschließen
299 2515 2059 2679 könne Geschichte von schwächer Hanolung und nicht
2173 2585 4048 2746 könntest, es auf ein Drittel zu kürzen,
277 2645 2052 2831 sehr deutlichen Gestalten durch Zerstückelung in
2175 2756 4015 2937 was der Kritiker auch aus inneren Grün¬
277 2814 1939 3021 etwa acht Pertioen, mit Rausen von acht
2170 2872 4073 3115 den billigen, ja fordern müßte. Jedenfalls
287 2992 1941 3188 Tagen, schädigen um ein jede Wirkung
2175 3149 4114 3342 denke ich dir für die Senderung der Unter¬
280 3190 1975 3366 bringen würde. Wenn ich auch als Kritiker
2163 3311 4077 3516 Uhr nur grüße ich wie Richard herzlich
277 3376 2086 3559 reden dort, so möchte ich nicht verhehlen, daß
2734 3491 3547 3627 als Dein treuer
270 3561 2078 3740 mit die kroelle von unmäßiger Länge und
3294 3617 3962 3851 Komzahn
263 3807 2009 3938 Alle für „Die Zeit“ bestimmten Zuschriften und Sendungen sind an die Redaktion der „Zeit“
2209 3803 3851 4085 Herrn Dr Arthur Schnitzler, Ischl
598 3913 1700 3988 und nicht an die Person eines der Herausgeber zu richten.
2691 3979 3426 4123 recommandieren.
