<?xml version="1.0" encoding="UTF-8" standalone="yes"?>
<PcGts xmlns="http://schema.primaresearch.org/PAGE/gts/pagecontent/2013-07-15" xmlns:xsi="http://www.w3.org/2001/XMLSchema-instance" xsi:schemaLocation="http://schema.primaresearch.org/PAGE/gts/pagecontent/2013-07-15 http://schema.primaresearch.org/PAGE/gts/pagecontent/2013-07-15/pagecontent.xsd">
    <Metadata>
        <Creator>prov=READ-COOP:name=TrHtr:version=2.1.0:model_id=51170:date=24_07_2023_22:26</Creator>
        <Created>2023-05-01T21:47:46.836+02:00</Created>
        <LastChange>2023-07-24T22:26:47.450+02:00</LastChange>
        <TranskribusMetadata docId="1416398" pageId="54944584" pageNr="24" tsid="130574739" status="IN_PROGRESS" userId="64420" imgUrl="https://files.transkribus.eu/Get?id=AUUSVLSJKFGMIJNDEMAFXAIR&amp;fileType=view" xmlUrl="https://files.transkribus.eu/Get?id=OAUBJGDYMZKMLUWPCWTFVYHD" imageId="44448670"/>
    </Metadata>
    <Page imageFilename="1416398_0024.jpg" imageWidth="4339" imageHeight="4711">
        <ReadingOrder>
            <OrderedGroup id="ro_1711833096625" caption="Regions reading order">
                <RegionRefIndexed index="0" regionRef="tr_1"/>
                <RegionRefIndexed index="1" regionRef="tr_3"/>
                <RegionRefIndexed index="2" regionRef="tr_2"/>
            </OrderedGroup>
        </ReadingOrder>
        <TextRegion id="tr_1" custom="readingOrder {index:0;}">
            <Coords points="238,997 2122,997 2122,2446 238,2446"/>
            <TextLine id="tr_1_tl_1" custom="readingOrder {index:0;}">
                <Coords points="384,1107 501,1081 539,1112 608,1071 630,1088 685,1076 721,1095 783,1081 850,1105 857,1007 745,1017 673,981 582,1007 549,981 499,986 422,1040 389,1040"/>
                <Baseline points="400,1092 411,1089 456,1080 501,1077 546,1077 591,1077 635,1074 680,1074 725,1071 770,1065 815,1056 859,1047"/>
                <TextEquiv>
                    <Unicode>„Die Zeit“</Unicode>
                </TextEquiv>
            </TextLine>
            <TextLine id="tr_1_tl_2" custom="readingOrder {index:1;}">
                <Coords points="439,1181 477,1176 518,1148 558,1164 642,1143 768,1172 807,1157 809,1093 737,1083 651,1102 587,1081 539,1112 501,1081 463,1100 441,1093"/>
                <Baseline points="453,1146 498,1143 543,1140 588,1140 632,1137 677,1137 722,1137 767,1134 812,1131"/>
                <TextEquiv>
                    <Unicode>Wiener Wochenschrift.</Unicode>
                </TextEquiv>
            </TextLine>
            <TextLine id="tr_1_tl_3" custom="readingOrder {index:2;}">
                <Coords points="1110,1176 1384,1164 1470,1196 1534,1167 1630,1212 1847,1157 1995,1191 2117,1167 2117,1095 1942,1064 1818,1076 1749,1122 1506,1093 1112,1126"/>
                <Baseline points="1125,1170 1137,1167 1182,1167 1227,1167 1271,1167 1316,1167 1361,1164 1406,1167 1450,1164 1495,1161 1540,1161 1585,1161 1630,1161 1674,1161 1719,1161 1764,1161 1809,1161 1853,1155 1898,1152 1943,1152 1988,1152 2033,1146 2077,1143 2122,1140"/>
                <TextEquiv>
                    <Unicode>Wien, den 22. Okt. 1891</Unicode>
                </TextEquiv>
            </TextLine>
            <TextLine id="tr_1_tl_4" custom="readingOrder {index:3;}">
                <Coords points="503,1215 527,1212 542,1222 551,1215 558,1222 589,1210 637,1229 656,1212 694,1224 713,1210 754,1203 754,1167 737,1162 692,1160 671,1172 656,1160 618,1153 542,1164 520,1148 503,1150"/>
                <Baseline points="516,1203 537,1203 582,1200 626,1200 671,1200 716,1197 761,1197"/>
                <TextEquiv>
                    <Unicode>Herausgeber:</Unicode>
                </TextEquiv>
            </TextLine>
            <TextLine id="tr_1_tl_5" custom="readingOrder {index:4;}">
                <Coords points="1033,1253 1105,1260 1164,1301 1210,1277 1260,1312 1269,1303 1351,1310 1353,1172 1296,1169 1269,1188 1181,1176 1138,1191 1126,1179 1074,1181 1033,1157"/>
                <Baseline points="1047,1218 1089,1218 1134,1218 1179,1218 1224,1218 1268,1218 1313,1215 1358,1215"/>
                <TextEquiv>
                    <Unicode>IX/3, Günthergasse 1.</Unicode>
                </TextEquiv>
            </TextLine>
            <TextLine id="tr_1_tl_6" custom="readingOrder {index:5;}">
                <Coords points="425,1262 456,1279 542,1274 558,1260 587,1279 625,1260 651,1279 737,1253 811,1267 814,1200 783,1196 766,1212 723,1205 687,1224 659,1210 635,1227 573,1212 527,1222 480,1196 458,1203 427,1188"/>
                <Baseline points="441,1256 462,1256 507,1253 552,1253 597,1250 641,1250 686,1247 731,1247 776,1247 820,1244"/>
                <TextEquiv>
                    <Unicode>Professor Dr. J. Singer,</Unicode>
                </TextEquiv>
            </TextLine>
            <TextLine id="tr_1_tl_7" custom="readingOrder {index:6;}">
                <Coords points="282,1389 363,1384 446,1310 513,1336 573,1310 611,1334 721,1305 759,1324 814,1310 859,1351 914,1339 916,1243 890,1238 802,1269 632,1255 494,1281 344,1217 286,1231"/>
                <Baseline points="298,1331 337,1316 382,1310 426,1307 471,1304 516,1304 561,1304 606,1301 650,1301 695,1301 740,1298 785,1298 829,1295 874,1295 919,1295"/>
                <TextEquiv>
                    <Unicode>Hermann Bahr, Dr. Heinrich Kanner.</Unicode>
                </TextEquiv>
            </TextLine>
            <TextLine id="tr_1_tl_8" custom="readingOrder {index:7;}">
                <Coords points="418,1530 503,1503 558,1515 594,1489 690,1501 773,1465 826,1475 830,1351 733,1379 671,1353 642,1382 585,1391 492,1317 425,1312"/>
                <Baseline points="435,1427 477,1433 522,1427 567,1424 612,1421 656,1421 701,1421 746,1421 791,1418 835,1418"/>
                <TextEquiv>
                    <Unicode>Telephon Nr. 6415.</Unicode>
                </TextEquiv>
            </TextLine>
            <TextLine id="tr_1_tl_9" custom="readingOrder {index:8;}">
                <Coords points="756,1661 833,1678 986,1627 1088,1639 1138,1673 1258,1673 1468,1620 1506,1632 1503,1565 1448,1542 1234,1553 1160,1532 1076,1573 959,1539 909,1553 869,1525 754,1537"/>
                <Baseline points="770,1612 815,1615 859,1615 904,1618 949,1618 994,1618 1038,1618 1083,1618 1128,1621 1173,1621 1218,1624 1262,1624 1307,1624 1352,1624 1397,1624 1441,1621 1486,1618 1510,1615"/>
                <TextEquiv>
                    <Unicode>Lieber Arthur!</Unicode>
                </TextEquiv>
            </TextLine>
            <TextLine id="tr_1_tl_10" custom="readingOrder {index:9;}">
                <Coords points="258,1852 444,1864 647,1787 854,1873 1062,1806 1410,1811 1530,1871 1651,1794 2024,1806 2024,1756 1830,1713 1647,1763 1539,1701 1250,1756 940,1709 828,1766 616,1761 451,1670 258,1716"/>
                <Baseline points="271,1797 283,1794 328,1791 373,1788 417,1785 462,1791 507,1791 552,1788 597,1788 641,1785 686,1788 731,1788 776,1788 820,1785 865,1785 910,1785 955,1785 1000,1788 1044,1788 1089,1788 1134,1788 1179,1788 1224,1785 1268,1785 1313,1788 1358,1788 1403,1788 1447,1788 1492,1788 1537,1791 1582,1791 1627,1791 1671,1791 1716,1788 1761,1788 1806,1791 1850,1794 1895,1794 1940,1797 1985,1797 2030,1794"/>
                <TextEquiv>
                    <Unicode>Ich darf diese Novalle in meiner Revie¬</Unicode>
                </TextEquiv>
            </TextLine>
            <TextLine id="tr_1_tl_11" custom="readingOrder {index:10;}">
                <Coords points="241,2038 463,1978 642,2055 1212,1983 1959,2090 1957,1961 1823,1926 241,1942"/>
                <Baseline points="253,1973 298,1976 343,1976 388,1979 432,1976 477,1973 522,1973 567,1976 612,1976 656,1976 701,1979 746,1979 791,1979 835,1973 880,1973 925,1976 970,1979 1015,1982 1059,1982 1104,1982 1149,1985 1194,1982 1238,1985 1283,1988 1328,1988 1373,1988 1418,1988 1462,1994 1507,1994 1552,1994 1597,1991 1641,1994 1686,1997 1731,2000 1776,2000 1821,2006 1865,2006 1910,2006 1955,2003 1961,2003"/>
                <TextEquiv>
                    <Unicode>nicht bringen, da sie dir nicht nutzen</Unicode>
                </TextEquiv>
            </TextLine>
            <TextLine id="tr_1_tl_12" custom="readingOrder {index:11;}">
                <Coords points="236,2181 628,2245 830,2193 2062,2222 2059,2164 1835,2109 1613,2167 236,2086"/>
                <Baseline points="250,2170 295,2173 340,2176 385,2176 429,2182 474,2182 519,2182 564,2182 609,2185 653,2182 698,2185 743,2185 788,2185 832,2185 877,2182 922,2188 967,2188 1012,2188 1056,2188 1101,2188 1146,2191 1191,2191 1235,2194 1280,2194 1325,2197 1370,2200 1415,2200 1459,2197 1504,2194 1549,2194 1594,2194 1638,2197 1683,2197 1728,2200 1773,2200 1818,2203 1862,2200 1907,2203 1952,2206 1997,2206 2042,2209 2062,2206"/>
                <TextEquiv>
                    <Unicode>würde: sie ist geschickt „gemacht“, aber</Unicode>
                </TextEquiv>
            </TextLine>
            <TextLine id="tr_1_tl_13" custom="readingOrder {index:12;}">
                <Coords points="227,2441 878,2391 1241,2451 1322,2401 1823,2486 2014,2439 2012,2329 1033,2339 964,2296 623,2365 224,2348"/>
                <Baseline points="238,2376 283,2379 328,2382 373,2382 417,2385 462,2385 507,2385 552,2385 597,2385 641,2385 686,2385 731,2388 776,2388 820,2391 865,2391 910,2394 955,2391 1000,2394 1044,2391 1089,2391 1134,2397 1179,2397 1224,2397 1268,2397 1313,2400 1358,2400 1403,2400 1447,2400 1492,2403 1537,2403 1582,2406 1627,2403 1671,2403 1716,2406 1761,2412 1806,2418 1850,2424 1895,2427 1940,2430 1985,2436 2018,2433"/>
                <TextEquiv>
                    <Unicode>doch noch meinem Gesichte mir "Mache",</Unicode>
                </TextEquiv>
            </TextLine>
        </TextRegion>
        <TextRegion id="tr_3" custom="readingOrder {index:1;}">
            <Coords points="241,2541 2152,2541 2152,3846 241,3846"/>
            <TextLine id="tr_3_tl_1" custom="readingOrder {index:0;}">
                <Coords points="236,2622 2145,2687 2140,2572 1429,2594 1174,2515 1002,2577 515,2584 234,2532"/>
                <Baseline points="247,2591 292,2597 337,2600 382,2600 426,2603 471,2606 516,2606 561,2606 606,2606 650,2603 695,2603 740,2606 785,2606 829,2600 874,2603 919,2603 964,2603 1009,2606 1053,2606 1098,2609 1143,2612 1188,2615 1232,2615 1277,2615 1322,2615 1367,2615 1412,2618 1456,2618 1501,2624 1546,2624 1591,2630 1636,2630 1680,2630 1725,2636 1770,2642 1815,2642 1859,2642 1904,2645 1949,2645 1994,2648 2039,2651 2083,2651 2128,2654 2152,2654"/>
                <TextEquiv>
                    <Unicode>unieten und zu äußerlich auf den Effekt</Unicode>
                </TextEquiv>
            </TextLine>
            <TextLine id="tr_3_tl_2" custom="readingOrder {index:1;}">
                <Coords points="329,2825 1439,2840 1840,2909 2050,2875 2009,2775 1716,2828 585,2716 487,2766 327,2742"/>
                <Baseline points="343,2806 388,2803 432,2806 477,2806 522,2809 567,2812 612,2815 656,2812 701,2815 746,2812 791,2812 835,2812 880,2815 925,2815 970,2818 1015,2818 1059,2821 1104,2821 1149,2821 1194,2821 1238,2824 1283,2827 1328,2830 1373,2833 1418,2836 1462,2839 1507,2842 1552,2842 1597,2845 1641,2848 1686,2851 1731,2857 1776,2854 1821,2854 1865,2863 1910,2868 1955,2871 2000,2874 2045,2877 2053,2874"/>
                <TextEquiv>
                    <Unicode>Sie klingt wie ein Drama von Felix</Unicode>
                </TextEquiv>
            </TextLine>
            <TextLine id="tr_3_tl_3" custom="readingOrder {index:2;}">
                <Coords points="255,3145 740,3023 1649,3145 1997,3133 2066,3126 2062,2997 1689,3021 1100,2916 742,2971 239,2811"/>
                <Baseline points="262,2988 307,3000 352,3003 397,3009 441,3012 486,3015 531,3018 576,3018 620,3018 665,3021 710,3024 755,3021 800,3024 844,3024 889,3024 934,3027 979,3030 1024,3027 1068,3030 1113,3030 1158,3030 1203,3033 1247,3033 1292,3036 1337,3039 1382,3042 1427,3045 1471,3051 1516,3054 1561,3057 1606,3057 1650,3057 1695,3063 1740,3066 1785,3072 1830,3072 1874,3074 1919,3080 1964,3083 2009,3089 2053,3092 2071,3095"/>
                <TextEquiv>
                    <Unicode>Hr. Rippi. Gerade das müssen wir ver¬</Unicode>
                </TextEquiv>
            </TextLine>
            <TextLine id="tr_3_tl_4" custom="readingOrder {index:3;}">
                <Coords points="227,3250 458,3346 637,3248 1162,3353 1451,3286 1792,3381 2002,3326 2000,3248 1802,3200 224,3188"/>
                <Baseline points="241,3218 286,3230 331,3236 376,3239 420,3239 465,3239 510,3242 555,3239 600,3239 644,3245 689,3245 734,3248 779,3251 823,3254 868,3257 913,3260 958,3260 1003,3257 1047,3260 1092,3266 1137,3266 1182,3269 1227,3272 1271,3272 1316,3275 1361,3277 1406,3280 1450,3280 1495,3283 1540,3286 1585,3286 1630,3286 1674,3289 1719,3295 1764,3298 1809,3304 1853,3307 1898,3310 1943,3310 1988,3307 2009,3307"/>
                <TextEquiv>
                    <Unicode>meiden, wenn sich nicht gerade wehrere</Unicode>
                </TextEquiv>
            </TextLine>
            <TextLine id="tr_3_tl_5" custom="readingOrder {index:4;}">
                <Coords points="339,3832 730,3768 2095,3792 2100,3670 1384,3711 1122,3634 835,3744 341,3734"/>
                <Baseline points="352,3794 358,3791 403,3791 447,3791 492,3791 537,3791 582,3788 626,3788 671,3782 716,3782 761,3779 806,3779 850,3779 895,3776 940,3776 985,3776 1029,3776 1074,3773 1119,3773 1164,3770 1209,3770 1253,3770 1298,3767 1343,3767 1388,3767 1433,3767 1477,3764 1522,3761 1567,3761 1612,3761 1656,3758 1701,3758 1746,3758 1791,3755 1836,3755 1880,3752 1925,3752 1970,3755 2015,3755 2059,3752 2104,3743"/>
                <TextEquiv>
                    <Unicode>Alle für „Die Zeit“ bestimmten Zuschriften und Sendungen sind an die Redaktion der „Zeit“</Unicode>
                </TextEquiv>
            </TextLine>
            <TextLine id="tr_3_tl_6" custom="readingOrder {index:5;}">
                <Coords points="671,3839 814,3887 926,3844 1088,3866 1293,3835 1401,3878 1441,3847 1783,3825 1783,3768 1706,3756 673,3789"/>
                <Baseline points="686,3833 713,3836 758,3836 803,3836 847,3836 892,3836 937,3833 982,3830 1026,3830 1071,3827 1116,3827 1161,3824 1206,3821 1250,3821 1295,3821 1340,3821 1385,3821 1430,3821 1474,3818 1519,3815 1564,3815 1609,3815 1653,3812 1698,3812 1743,3809 1788,3806"/>
                <TextEquiv>
                    <Unicode>und nicht an die Person eines der Herausgeber zu richten.</Unicode>
                </TextEquiv>
            </TextLine>
        </TextRegion>
        <TextRegion id="tr_2" custom="readingOrder {index:2;}">
            <Coords points="2215,1397 4161,1397 4161,3087 2215,3087"/>
            <TextLine id="tr_2_tl_1" custom="readingOrder {index:0;}">
                <Coords points="2257,1556 2551,1477 2651,1539 3303,1475 3365,1527 3763,1444 4073,1489 4143,1470 4145,1386 3410,1374 3112,1446 2262,1346"/>
                <Baseline points="2274,1489 2313,1489 2358,1489 2403,1489 2448,1486 2492,1486 2537,1486 2582,1480 2627,1483 2671,1486 2716,1486 2761,1483 2806,1483 2851,1480 2895,1480 2940,1480 2985,1480 3030,1477 3074,1474 3119,1474 3164,1474 3209,1471 3254,1468 3298,1462 3343,1462 3388,1459 3433,1462 3478,1459 3522,1456 3567,1456 3612,1453 3657,1453 3701,1450 3746,1450 3791,1447 3836,1447 3881,1447 3925,1447 3970,1447 4015,1450 4060,1453 4104,1456 4149,1459"/>
                <TextEquiv>
                    <Unicode>Feinde freien sollen. Bist der mir böd,</Unicode>
                </TextEquiv>
            </TextLine>
            <TextLine id="tr_2_tl_2" custom="readingOrder {index:1;}">
                <Coords points="2238,1704 2470,1759 2749,1666 3458,1749 4154,1685 4157,1558 2241,1601"/>
                <Baseline points="2253,1683 2280,1683 2325,1683 2370,1680 2415,1674 2459,1671 2504,1671 2549,1665 2594,1665 2639,1668 2683,1665 2728,1665 2773,1665 2818,1665 2863,1665 2907,1665 2952,1665 2997,1665 3042,1659 3086,1656 3131,1653 3176,1653 3221,1650 3266,1650 3310,1647 3355,1647 3400,1647 3445,1644 3489,1644 3534,1641 3579,1641 3624,1641 3669,1638 3713,1638 3758,1636 3803,1636 3848,1636 3892,1636 3937,1636 3982,1636 4027,1636 4072,1636 4116,1633 4161,1627"/>
                <TextEquiv>
                    <Unicode>daß ich dir die so unverschämt unsünftig</Unicode>
                </TextEquiv>
            </TextLine>
            <TextLine id="tr_2_tl_3" custom="readingOrder {index:2;}">
                <Coords points="2200,1895 2214,1895 2226,1909 2257,1895 2274,1911 2315,1923 2377,1883 2486,1888 2489,1854 2389,1837 2362,1849 2310,1809 2269,1814 2226,1840 2205,1840"/>
                <Baseline points="2215,1892 2224,1889 2268,1886 2313,1886 2358,1883 2403,1883 2448,1874 2492,1877"/>
                <TextEquiv>
                    <Unicode>sage?</Unicode>
                </TextEquiv>
            </TextLine>
            <TextLine id="tr_2_tl_4" custom="readingOrder {index:3;}">
                <Coords points="2763,2040 2828,2021 2883,2045 2952,2043 2985,2019 3109,2028 3128,2043 3167,2033 3167,1914 3105,1914 3050,1954 2976,1945 2871,1895 2763,1926"/>
                <Baseline points="2776,1991 2821,1997 2866,1997 2910,1997 2955,1997 3000,1997 3045,1997 3089,1997 3134,1994 3170,1997"/>
                <TextEquiv>
                    <Unicode>herzlichst</Unicode>
                </TextEquiv>
            </TextLine>
            <TextLine id="tr_2_tl_5" custom="readingOrder {index:4;}">
                <Coords points="3279,2167 3324,2167 3353,2152 3429,2205 3453,2207 3467,2195 3493,2212 3517,2191 3539,2191 3524,2035 3479,2028 3465,2043 3396,2007 3329,2064 3310,2069 3298,2057 3269,2055"/>
                <Baseline points="3292,2149 3337,2152 3382,2161 3427,2164 3472,2167 3516,2170 3543,2170"/>
                <TextEquiv>
                    <Unicode>Dein</Unicode>
                </TextEquiv>
            </TextLine>
            <TextLine id="tr_2_tl_6" custom="readingOrder {index:5;}">
                <Coords points="3575,2408 3618,2379 3661,2389 3713,2374 3756,2408 3797,2384 3825,2396 3847,2384 3873,2391 3859,2191 3828,2183 3806,2203 3777,2200 3732,2222 3670,2203 3644,2212 3625,2203 3610,2219 3560,2203"/>
                <Baseline points="3585,2359 3633,2364 3678,2367 3722,2370 3767,2376 3812,2376 3857,2379 3878,2379"/>
                <TextEquiv>
                    <Unicode>tter</Unicode>
                </TextEquiv>
            </TextLine>
            <TextLine id="tr_2_tl_7" custom="readingOrder {index:6;}">
                <Coords points="2257,2873 2596,2883 2761,2830 3854,2868 3851,2754 3725,2761 3567,2642 3186,2732 2949,2673 2699,2720 2408,2656 2253,2692"/>
                <Baseline points="2268,2812 2313,2818 2358,2821 2403,2821 2448,2824 2492,2824 2537,2824 2582,2824 2627,2821 2671,2818 2716,2818 2761,2815 2806,2812 2851,2815 2895,2818 2940,2821 2985,2821 3030,2824 3074,2824 3119,2824 3164,2827 3209,2827 3254,2827 3298,2824 3343,2827 3388,2830 3433,2836 3478,2836 3522,2839 3567,2842 3612,2845 3657,2848 3701,2851 3746,2854 3791,2857 3836,2857 3857,2854"/>
                <TextEquiv>
                    <Unicode>Herrn Dr. Arthur Scheifler</Unicode>
                </TextEquiv>
            </TextLine>
            <TextLine id="tr_2_tl_8" custom="readingOrder {index:7;}">
                <Coords points="2737,3193 2809,3181 2871,3136 3031,3167 3434,3083 3429,3004 3372,3035 3009,2961 2940,2976 2871,2928 2725,2957"/>
                <Baseline points="2740,3033 2785,3045 2830,3051 2874,3051 2919,3057 2964,3060 3009,3060 3054,3063 3098,3063 3143,3066 3188,3069 3233,3069 3277,3074 3322,3074 3367,3074 3412,3072 3439,3077"/>
                <TextEquiv>
                    <Unicode>frünkquere 1.</Unicode>
                </TextEquiv>
            </TextLine>
        </TextRegion>
    </Page>
</PcGts>
