3593 4665
1731 835 2837 1022 Wien, 3. Novbr. 1893.
1086 989 1656 1174 utsche Zeitung
1815 998 2777 1218 III. Salesianerg. 12
1262 1121 1416 1231 Wien
1070 1216 1581 1335 IX., Pelikangasse 4.
1370 1339 2178 1588 Lieber Freund
1363 1696 2850 1888 Wenn Sie mir nichts anderes
1090 1837 2766 2090 geben, will ich es versuchen den
1086 1980 2852 2236 Artifex Durchzusetzen. Doch wäre nur
1101 2141 2709 2390 aufrichtig gesagt etwas anderes
1143 2258 2819 2504 lieber. Aber das Wichtigste bleibt
1095 2410 2832 2663 Daß Sie mir endlich etwas für den
1119 2546 2876 2813 Wiener Spiegel senden – nun haben
1150 2689 2729 2929 Sie einmal versprochen, nun hilft
1154 2850 2868 3088 Ihnen nichts mehr Sie müssen in den
1154 2982 2859 3213 sauern Apfel beißen und bitte ver¬
1110 3114 2887 3390 geben Sie mir auch nicht das Fotul¬
1123 3277 2784 3471 lichen über Schönlein zu besorgen.
1196 3407 2702 3685 Mit herzlichen Grüszen ihr treuer
1883 3617 2857 3876 Hermann Bahy
