4529 4632
3791 429 4066 656 1.°, 1.
3066 534 3175 689 „ „
2633 532 2805 729 1
2208 1091 3757 1351 ̃ 1 1 1/2
3597 1223 3713 1360 a/2
1960 1217 2068 1345 92
2337 1269 2786 1395 lieber arthür!
1734 1221 1950 1425 20/11
3707 1259 3877 1446 203
2295 1381 3892 1534 ist hätte Sie so viel zu sagen, so mit so denken – die
2269 1528 3885 1681 ich wirklich das besicht habe, wenn der mich nicht zu keinem
782 1603 1248 1757 lieber Artkeit,
2292 1692 3889 1834 Bänder geschickt hätte, verloren werden zu sein, und die
368 1807 1843 1948 herzlicher teile - das war wirklich sehr lieb
2299 1845 3889 1958 mich auch deine Theilneßes an meiner Krankheit sehr gerehrt
364 1986 2051 2150 vor dir. Ich will immer einmal ja die kommen¬
2280 2000 3892 2162 hat – aber ich kanns nicht, die ich noch immer so hin uns
2248 2133 3797 2269 so gömptetes mir bin, daß ich, wenn es ein paar Zeilen
376 2177 1994 2311 aber, aber’ der Journalismus friste mich auf.
2261 2326 3940 2534 Migle, gleich ganz in Schwericht getadet hin. Sonst geht es mir.
904 2370 1490 2509 Nochmals dankend,
2259 2427 3908 2662 bis auf die leichte Haupterkneiterung, die immer noch an¬
1387 2545 1557 2645 Dein
2259 2610 3913 2797 kann, ganz auf. Aber ich erwarte immer noch die berühmte
1294 2719 1759 2923 Hermann
2255 2767 3944 2990 Himmung der Genehmung, die der Richter tretätzt so thun ge¬
2261 2864 2643 3097 thivert gut.
2383 3041 3614 3192 Mit Grüßen an Brahm v. alle Bekannten
2795 3141 3950 3305 herzlichs dein dankbarer Herren u.
2700 3240 3572 3349 xyz ^ ̃    ==================
2322 3255 2591 3343 u
