4393 4665
2466 1012 2585 1283 8/7
1837 1419 2363 1555 Lieber Arthur!
1468 1623 2831 1739 ¼ denke dir herzlich für deinen lieben
1454 1828 2845 1941 Brief. Ich habe neulich mit Lago davon
1452 1997 2819 2116 gesprochen, wie es mich freut, zu die
1461 2174 2866 2350 endlich ein aufrichtiges und guter Ver¬
1466 2385 2813 2490 Tällnis gefunden zu haben und zu
1464 2529 2862 2752 empfinden, daß es wohl nicht mehr zu¬
1477 2777 2798 2941 Vort werden kann, mögen unsere
1484 3011 2866 3177 Meinungen immerhin auch künftig
1498 3194 2890 3376 noch manch mal nur ein andergehen.
