4514 4647
2898 724 3021 874 3.
1399 857 2798 1031 Redaktion des Neuen Wiener Lagblatt
1586 995 2586 1088 WIEN, I., ROTHENTHURMSTRASSE, STEXRERBOI
1292 1028 2931 1216 Telegramm-Adresse: Tagblatt, Steyrerhof, Wien. — Telephon Nr. 984. Staats-Telephon nr. 36.
2696 1218 2919 1361 12.9.
2696 1387 2954 1582 901
1848 1518 2406 1674 lieber Artheur
1304 1736 3016 1895 Ich tete Deine Stücke gestern abends bekommen,
1292 1981 3085 2104 nachts gelesen und Leute früh dem Bekroiet ge¬
1278 2232 2990 2449 geben, die Idee, die Du in ihnen mit deiner
1282 2456 3123 2577 wunderbaren, ja ganz einzigen „Tepick“ wissährst
1259 2655 3168 2881 geht mir sehr mehr und berührt mich sehr; in einer
1252 2909 3078 3128 der „Fristengen“, für Salten, ist was ähnlicher
1244 3187 3009 3337 gemeint, nur santominisch nur schon deshalb
1233 3406 3118 3624 ruhig. Dergestellt: so den "Entendigen Stun¬
1240 3646 3012 3843 den möchte ich die Verstorbene deutlicher
