4471 4615
1330 496 1617 681 :t:s 1/4
1881 846 2043 988 47.
437 895 907 1024 „Die Zeit“
492 997 850 1094 Wiener Wochenschrift.
1188 988 2196 1139 Wien, den 16. Dezember 1896
561 1060 798 1134 Herausgeber:
1112 1087 1427 1218 IX/3, Günthergasse 1.
474 1112 846 1179 Professor Dr. J. Singer,
395 1157 954 1258 Hermann Bahr, Dr. Heinrich Kanner.
480 1243 866 1398 Telephon Nr. 6415.
947 1434 1569 1563 Lieber Artner.
476 1642 2212 1775 Anbei der Stück; ich bin sehr neugierig,
453 1856 2185 2025 was die jegen wirt - an Lüge schicke ich
476 2102 1601 2194 gleichzeitig ein Exemplar
492 2296 2093 2440 wenn er ist mir Deine Novelle. Ich
465 2530 2226 2717 möchte für so bald als nur irgend mög¬
471 2776 2111 2959 lich haben; wenn es möglich, möchte
435 3058 2223 3258 ich sie nämlich in die zwei Agitations¬
426 3333 2145 3504 münnern vom 24. d. vnd 2. z. M.
386 3581 2147 3712 Alle für „Die Zeit“ bestimmten Zuschriften und Sendungen sind an die Redaction der „Zeit“
715 3689 1824 3800 und nicht an die Person eines der Herausgeber zu richten.
2372 1159 4185 1339 geben. Vielleicht sagst die dem Überlinger¬
2354 1427 4167 1610 ein Wort, ob rind wann ich mir der
2361 1680 4133 1869 Manuscript holen lassen darf, oder be¬
2359 1980 3087 2115 Geschöniest mir
2873 2264 2974 2329 Von
3001 2185 3416 2390 Herzleichs
3498 2420 3746 2582 lin.
3385 2692 3951 2911 Fermann
