5043 4729
3816 553 4054 763 "    "   F.
3450 566 3639 711 1/1 „ „
3673 1116 4127 1318 27.4.72
2730 1226 3051 1389 Bat
2976 1468 3977 1598 daß verehrte liebe gnädige Frau!
1058 1476 2509 1641 diese sämmtlichen Freundinnen darüber wachen, daß
1046 1669 2544 1753 sie wenigstens auch bei den anderen nicht erscheint,
2653 1652 3982 1798 Meine Frau denkt Ihnen herzlich für schon liebe
2653 1804 4072 1916 Einledigung, der sie so gern Folgen würde, wenns
1061 1811 2520 1898 und Sie können ich der Lärm vorstellen, wenn sie
2640 1944 4067 2089 mir irgend ging es geht aber beider nicht, weil
1071 1967 2522 2076 auch nur eine einzige Ausnahme machte. Da sie
2629 2104 4020 2239 Sie gerade jetzt von den sämmtlichen Freundinnen
1058 2109 2473 2199 sie selbst so glücklich sind, weiblichen Geschlechts¬
2616 2259 4009 2422 over Bekannten, die sie sich in den zweif eingehen
1058 2259 2563 2366 zu sein, werden die ja diese Famminan feinheiten
1063 2422 2503 2569 besser. Er würdigen verstehen als ich selbst war sich
2602 2406 4067 2541 „Meiner Jahren angeheimmelt ist dringens aufge¬
1061 2586 2516 2696 Donowerg mit mir begnügen, der ich nenntlich
2618 2578 3971 2724 fordert mir, sie müßte nun bevor wir zum
1059 2719 2348 2859 freut, mit Ihnen beiden gegenommen so sein
2627 2726 4044 2874 verlassen, noch einmal zu ihnen kommen; sie
1099 2880 2419 3004 mit den schönsten Gärten von Inur. zu Teur
2602 2897 4059 3028 hätte also einzehn Tage wie mit Besuchen so.
1822 3054 2511 3180 immer die alternder
2602 3069 4067 3178 zobringen, da sagt sie lieber allen Nein. Nun
2627 3232 4080 3398 können Sie sich aber verstellen, wie eifersüchtig
1903 3234 2426 3409 Sermannstahr
