4536 4633
2950 661 3067 840 70
1507 791 2913 966 Redaktion des Neuen Wienen-Tagblatt
1677 899 2743 1039 WIEN, I., ROTHENTHURMSTRASSE, STEXRERHOF.
1503 981 2915 1165 Telegramm-Adresse: Tagblatt, Steyrerhof, Wien, — Telephon Nr. 284 Staats-Telephon nr. 86.
2747 1151 2880 1257 9/11
2614 1253 2911 1494 or
1949 1381 2451 1576 Lieber Artkur
1445 1620 3008 1874 Anbei die xxx, über die ich noch mit
1459 1830 3147 2051 die Hochen muß – ich habe bedenken, nicht
1459 2082 3140 2221 gegen Sie, sondern gegen mich, da sie mir
1465 2309 3125 2486 an die Teynik der Vorlaßers genug außer¬
1454 2539 3207 2696 ordentliche Forderungen zu stellen scheint. Es
1441 2740 3218 2922 ten übrigens durchaus kein kein sein. Umso
1470 2979 2970 3143 minewlig - ich kommen bald zu Dir.
2060 3180 2433 3403 Gereichs
2424 3379 2681 3587 Dein
2519 3556 3032 3777 Harmay
