4523 4631
2258 528 2558 662 V. R. W.
895 510 1534 725 : ̃: v/h:,,,,
2869 783 3056 893 102a
2596 829 2895 972 10.11.03
1839 1118 2271 1261 lieber Artheur!
1461 1369 2947 1466 Hannest du mir, auf einer Correspondenz karte, verkauft
1443 1524 2925 1644 geben, ob der Titel „Seimarius“ in Süddeutschland
1449 1710 2883 1823 üblich ist und wie jemand, der bei uns Primarius
1437 1889 2989 2016 Leiße, in Norddrucksschland genannt wird? Braken weiß
1439 2098 2897 2204 es nicht aus gibt vor, den Titel überhaupt nie ge¬
1437 2289 1845 2387 hört zu haben.
1439 2477 2993 2562 Brauen telegrafiert mir eben wir die Änderungen, die
1439 2670 3041 2748 ich in meinem Stück auch machen will. Was zahl da vor?
1443 2823 2993 2947 Ich denke doch, daß der zunächst deren kommst. Es
1457 3023 2975 3130 wäre mir wichtig, das Italien deiner Stamière zu
1466 3204 2363 3308 erfahren, so bald der es weißt.
1783 3312 2666 3433 Verzeih die Ins dieser Zeilen
1983 3389 2965 3547 drinnen abgefügten Hermann
