<?xml version="1.0" encoding="UTF-8" standalone="yes"?>
<PcGts xmlns="http://schema.primaresearch.org/PAGE/gts/pagecontent/2013-07-15" xmlns:xsi="http://www.w3.org/2001/XMLSchema-instance" xsi:schemaLocation="http://schema.primaresearch.org/PAGE/gts/pagecontent/2013-07-15 http://schema.primaresearch.org/PAGE/gts/pagecontent/2013-07-15/pagecontent.xsd">
    <Metadata>
        <Creator>prov=READ-COOP:name=TrHtr:version=2.1.0:model_id=51170:date=24_07_2023_22:27</Creator>
        <Created>2023-05-01T21:47:55.669+02:00</Created>
        <LastChange>2023-07-24T22:27:08.390+02:00</LastChange>
        <TranskribusMetadata docId="1416398" pageId="54944841" pageNr="104" tsid="130574819" status="IN_PROGRESS" userId="64420" imgUrl="https://files.transkribus.eu/Get?id=FRGXNNAHXZZVQOXHFHTJPMVB&amp;fileType=view" xmlUrl="https://files.transkribus.eu/Get?id=PNBYXWUYFEFRFRPDNHCGBLHH" imageId="44448926"/>
    </Metadata>
    <Page imageFilename="1416398_0104.jpg" imageWidth="4507" imageHeight="4632">
        <ReadingOrder>
            <OrderedGroup id="ro_1711833162600" caption="Regions reading order">
                <RegionRefIndexed index="0" regionRef="tr_1"/>
                <RegionRefIndexed index="1" regionRef="tr_2"/>
            </OrderedGroup>
        </ReadingOrder>
        <TextRegion id="tr_1" custom="readingOrder {index:0;}">
            <Coords points="480,537 3029,537 3029,1845 480,1845"/>
            <TextLine id="tr_1_tl_1" custom="readingOrder {index:0;}">
                <Coords points="471,718 516,702 558,718 626,681 650,700 687,700 683,495 615,508 567,492 543,493 527,506 503,495 468,497"/>
                <Baseline points="480,590 510,590 555,587 573,587 617,587 662,593 689,596"/>
                <TextEquiv>
                    <Unicode>le 1er de</Unicode>
                </TextEquiv>
            </TextLine>
            <TextLine id="tr_1_tl_2" custom="readingOrder {index:1;}">
                <Coords points="836,661 880,643 910,663 930,648 989,655 1013,678 1048,665 1107,681 1149,711 1247,657 1333,665 1324,503 1235,512 1149,484 1101,512 1055,501 998,547 965,532 832,562"/>
                <Baseline points="844,611 889,617 934,611 978,614 1023,623 1068,623 1113,623 1158,623 1202,626 1247,635 1292,635 1334,635"/>
                <TextEquiv>
                    <Unicode>1 1/2 1/4 „ „ —: 4</Unicode>
                </TextEquiv>
            </TextLine>
            <TextLine id="tr_1_tl_3" custom="readingOrder {index:2;}">
                <Coords points="2449,630 2491,617 2511,632 2557,648 2572,637 2591,635 2581,547 2567,545 2559,551 2543,547 2528,558 2497,547 2489,556 2482,552 2476,558 2465,552 2441,554"/>
                <Baseline points="2459,620 2504,623 2548,626 2593,635 2596,635"/>
                <TextEquiv>
                    <Unicode>17/1</Unicode>
                </TextEquiv>
            </TextLine>
            <TextLine id="tr_1_tl_4" custom="readingOrder {index:3;}">
                <Coords points="2591,654 2615,659 2651,650 2662,661 2686,659 2708,551 2690,547 2651,554 2637,539 2615,538"/>
                <Baseline points="2605,644 2608,641 2653,629 2698,623"/>
                <TextEquiv>
                    <Unicode>B</Unicode>
                </TextEquiv>
            </TextLine>
            <TextLine id="tr_1_tl_5" custom="readingOrder {index:4;}">
                <Coords points="1526,1175 2285,1112 2399,1151 2898,1125 2902,1015 2729,1051 2314,1027 2230,1066 2082,1029 1768,1108 1530,1073"/>
                <Baseline points="1537,1155 1560,1155 1605,1152 1650,1152 1695,1146 1739,1143 1784,1140 1829,1140 1874,1137 1919,1134 1963,1134 2008,1134 2053,1131 2098,1128 2142,1128 2187,1125 2232,1125 2277,1125 2321,1119 2366,1119 2411,1119 2456,1119 2501,1116 2545,1116 2590,1116 2635,1116 2680,1116 2724,1110 2769,1113 2814,1110 2859,1104 2903,1107"/>
                <TextEquiv>
                    <Unicode>worden, von der Censur. Das heißt: der Herr</Unicode>
                </TextEquiv>
            </TextLine>
            <TextLine id="tr_1_tl_6" custom="readingOrder {index:5;}">
                <Coords points="1525,1339 1913,1346 2143,1282 2390,1335 2852,1320 2852,1254 2708,1228 2014,1234 1889,1278 1782,1235 1677,1270 1526,1239"/>
                <Baseline points="1537,1307 1557,1304 1602,1301 1647,1301 1692,1301 1737,1298 1781,1298 1826,1295 1871,1295 1916,1292 1960,1289 2005,1286 2050,1286 2095,1283 2139,1283 2184,1283 2229,1283 2274,1283 2318,1283 2363,1283 2408,1280 2453,1280 2498,1283 2542,1280 2587,1280 2632,1280 2677,1280 2721,1283 2766,1283 2811,1283 2856,1286"/>
                <TextEquiv>
                    <Unicode>Hofrath Jettel hat es sich bei mir ausleihen</Unicode>
                </TextEquiv>
            </TextLine>
            <TextLine id="tr_1_tl_7" custom="readingOrder {index:6;}">
                <Coords points="1525,1462 2298,1458 2441,1508 2891,1477 2891,1401 2852,1388 2635,1447 2281,1405 2088,1445 1922,1403 1525,1409"/>
                <Baseline points="1534,1447 1578,1456 1623,1459 1668,1459 1713,1459 1757,1456 1802,1459 1847,1465 1892,1465 1936,1465 1981,1462 2026,1459 2071,1459 2116,1456 2160,1453 2205,1456 2250,1456 2295,1456 2339,1456 2384,1456 2429,1459 2474,1462 2518,1459 2563,1462 2608,1462 2653,1462 2698,1462 2742,1462 2787,1459 2832,1462 2877,1462 2895,1462"/>
                <TextEquiv>
                    <Unicode>lassen was ich habe es niemals mehr zurück</Unicode>
                </TextEquiv>
            </TextLine>
            <TextLine id="tr_1_tl_8" custom="readingOrder {index:7;}">
                <Coords points="1545,1657 1641,1652 1674,1664 1711,1650 1725,1657 1736,1644 1760,1655 1821,1641 1847,1652 1878,1639 1876,1578 1828,1582 1804,1606 1769,1585 1718,1600 1672,1583 1630,1595 1583,1567 1541,1576"/>
                <Baseline points="1554,1617 1599,1620 1644,1626 1689,1629 1734,1629 1778,1629 1823,1632 1868,1629 1883,1632"/>
                <TextEquiv>
                    <Unicode>bekommen.</Unicode>
                </TextEquiv>
            </TextLine>
            <TextLine id="tr_1_tl_9" custom="readingOrder {index:8;}">
                <Coords points="1547,1784 3025,1841 3023,1758 2618,1782 2445,1727 2265,1775 2082,1740 1867,1775 1545,1716"/>
                <Baseline points="1557,1784 1602,1787 1647,1790 1692,1793 1737,1793 1781,1796 1826,1796 1871,1799 1916,1796 1960,1796 2005,1799 2050,1799 2095,1799 2139,1799 2184,1799 2229,1799 2274,1799 2318,1799 2363,1799 2408,1802 2453,1802 2498,1805 2542,1805 2587,1805 2632,1811 2677,1811 2721,1811 2766,1814 2811,1814 2856,1814 2900,1817 2945,1817 2990,1829 3029,1835"/>
                <TextEquiv>
                    <Unicode>des Incoharente dieser Krieges nicht er mei¬</Unicode>
                </TextEquiv>
            </TextLine>
        </TextRegion>
        <TextRegion id="tr_2" custom="readingOrder {index:1;}">
            <Coords points="1554,1910 2957,1910 2957,3242 1554,3242"/>
            <TextLine id="tr_2_tl_1" custom="readingOrder {index:0;}">
                <Coords points="1563,1989 2953,2040 2952,1974 2701,1939 2399,1963 2329,1931 2261,1966 1906,1906 1560,1919"/>
                <Baseline points="1572,1960 1617,1969 1662,1972 1707,1975 1751,1975 1796,1975 1841,1975 1886,1975 1930,1975 1975,1978 2020,1978 2065,1981 2110,1984 2154,1984 2199,1984 2244,1984 2289,1987 2333,1987 2378,1990 2423,1990 2468,1993 2512,1990 2557,1993 2602,1996 2647,1999 2692,1999 2736,2002 2781,2005 2826,2008 2871,2011 2915,2014 2957,2023"/>
                <TextEquiv>
                    <Unicode>nem Inst und dargeben. Wie ich nur Zeit habe,</Unicode>
                </TextEquiv>
            </TextLine>
            <TextLine id="tr_2_tl_2" custom="readingOrder {index:1;}">
                <Coords points="1543,2152 1924,2152 2125,2204 2261,2165 2686,2176 2922,2232 2918,2105 2714,2082 2523,2127 1541,2084"/>
                <Baseline points="1554,2133 1599,2139 1644,2142 1689,2145 1734,2148 1778,2148 1823,2148 1868,2148 1913,2151 1957,2154 2002,2157 2047,2160 2092,2160 2136,2157 2181,2157 2226,2157 2271,2160 2316,2163 2360,2166 2405,2166 2450,2166 2495,2166 2539,2169 2584,2169 2629,2172 2674,2175 2718,2178 2763,2181 2808,2184 2853,2187 2897,2190 2924,2193"/>
                <TextEquiv>
                    <Unicode>fahre ich zunächst zu Tullin, der einmal der</Unicode>
                </TextEquiv>
            </TextLine>
            <TextLine id="tr_2_tl_3" custom="readingOrder {index:2;}">
                <Coords points="1558,2355 1966,2329 2099,2379 2224,2340 2372,2397 2569,2353 2731,2372 2727,2261 2565,2335 2309,2279 2176,2313 1873,2307 1718,2261 1556,2283"/>
                <Baseline points="1566,2310 1611,2316 1656,2318 1701,2321 1745,2321 1790,2321 1835,2324 1880,2324 1925,2327 1969,2330 2014,2333 2059,2333 2104,2333 2148,2336 2193,2336 2238,2336 2283,2342 2327,2345 2372,2345 2417,2348 2462,2348 2507,2348 2551,2348 2596,2351 2641,2354 2686,2357 2730,2363 2736,2363"/>
                <TextEquiv>
                    <Unicode>mein Herz ordentlich unterleichen muß.</Unicode>
                </TextEquiv>
            </TextLine>
            <TextLine id="tr_2_tl_4" custom="readingOrder {index:3;}">
                <Coords points="1565,2502 2878,2552 2876,2495 2731,2521 2095,2438 1784,2480 1561,2441"/>
                <Baseline points="1575,2492 1620,2486 1665,2489 1710,2495 1754,2498 1799,2498 1844,2501 1889,2501 1933,2501 1978,2504 2023,2507 2068,2509 2113,2509 2157,2512 2202,2515 2247,2518 2292,2524 2336,2524 2381,2527 2426,2530 2471,2533 2515,2536 2560,2536 2605,2539 2650,2539 2695,2542 2739,2545 2784,2545 2829,2545 2874,2551 2883,2551"/>
                <TextEquiv>
                    <Unicode>freilag war mir viesig lein, ich war bei</Unicode>
                </TextEquiv>
            </TextLine>
            <TextLine id="tr_2_tl_5" custom="readingOrder {index:4;}">
                <Coords points="1560,2655 1874,2686 1946,2729 2130,2699 2755,2786 2734,2629 2453,2683 1558,2600"/>
                <Baseline points="1569,2653 1614,2662 1659,2665 1704,2671 1748,2674 1793,2680 1838,2683 1883,2686 1928,2689 1972,2692 2017,2695 2062,2698 2107,2701 2151,2698 2196,2701 2241,2703 2286,2703 2330,2706 2375,2709 2420,2712 2465,2712 2509,2715 2554,2718 2599,2721 2644,2724 2689,2727 2733,2733 2757,2733"/>
                <TextEquiv>
                    <Unicode>der Steuerbehörde, die mich auch noch</Unicode>
                </TextEquiv>
            </TextLine>
            <TextLine id="tr_2_tl_6" custom="readingOrder {index:5;}">
                <Coords points="1563,2858 1582,2863 1595,2852 1609,2858 1628,2845 1652,2858 1709,2856 1731,2874 1742,2865 1755,2874 1779,2869 1771,2769 1701,2793 1591,2767 1558,2789"/>
                <Baseline points="1572,2838 1617,2838 1662,2844 1707,2847 1751,2850 1781,2850"/>
                <TextEquiv>
                    <Unicode>bekiert</Unicode>
                </TextEquiv>
            </TextLine>
            <TextLine id="tr_2_tl_7" custom="readingOrder {index:6;}">
                <Coords points="2224,3003 2250,2990 2316,3029 2331,3018 2373,3031 2497,2985 2491,2861 2445,2854 2397,2887 2252,2893 2219,2911"/>
                <Baseline points="2232,2969 2277,2969 2321,2972 2366,2975 2411,2975 2456,2981 2501,2981"/>
                <TextEquiv>
                    <Unicode>herrlich</Unicode>
                </TextEquiv>
            </TextLine>
            <TextLine id="tr_2_tl_8" custom="readingOrder {index:7;}">
                <Coords points="2500,3114 2528,3121 2557,3115 2591,3125 2602,3119 2629,3139 2635,3132 2666,3134 2655,3018 2618,3016 2611,3009 2605,3014 2592,3005 2563,3021 2539,3049 2495,3064"/>
                <Baseline points="2507,3077 2551,3080 2596,3086 2641,3091 2665,3091"/>
                <TextEquiv>
                    <Unicode>Dein</Unicode>
                </TextEquiv>
            </TextLine>
            <TextLine id="tr_2_tl_9" custom="readingOrder {index:8;}">
                <Coords points="2475,3327 2565,3312 2646,3329 2686,3309 2758,3305 2804,3329 2823,3314 2861,3322 2900,3301 2896,3174 2871,3169 2839,3195 2821,3182 2788,3200 2662,3189 2637,3206 2591,3174 2469,3145"/>
                <Baseline points="2483,3220 2527,3220 2572,3226 2617,3229 2662,3229 2706,3232 2751,3232 2796,3232 2841,3232 2886,3229 2903,3229"/>
                <TextEquiv>
                    <Unicode>Hermann</Unicode>
                </TextEquiv>
            </TextLine>
        </TextRegion>
    </Page>
</PcGts>
