5019 4728
750 505 2087 783 1 1/2 r. p. v. m.
2162 527 2321 744 "    "
1147 1344 2469 1540 dann hier noch einmal. Beide Male
1148 1463 2562 1642 war der Eindruck der selbe. Ich habe mich
1159 1596 2580 1779 sehr stark für den Medardus selbst inte¬
1148 1735 2568 1849 ressiert, da mir, kein Halber, sondern ein
1148 1812 2591 2023 sechzehntelheld, eben darin ein vollkommenes
1148 1977 2547 2165 Exempel des Wieners zu sein scheint. Wie
1167 2112 2597 2293 es aussieht, wenn ein Wiener zur tragischen
1158 2207 2520 2436 Figur wird das finde ich an diesem Fall
1154 2352 2529 2564 wunderbar dargestellt. Allerdings ist das
1147 2487 2551 2674 Missverständnis möglich, der Autor habe
1159 2611 2562 2818 selbst einen tragischen Felden zeichnen
1154 2756 2535 2933 wollen. Ich glaube das nicht und werde
1139 2875 2557 3074 darin durch die Schilderung der anderen
1154 3028 2546 3206 Wiener im Stück bekräftigt. Diese Schil¬
1136 3167 2533 3358 derung hat freilich erst dann auf mich
1141 3305 2522 3511 gewerkt, als ich mir die Mühe nahm,
2675 1313 4148 1501 Das Stück im Geiste sozusagen zu inszenieren
2694 1439 4137 1629 und es mir szene für Szene auf der Bühne
2675 1571 4135 1757 vorzustellen. Ich rechne ihm das als einen
2657 1686 4096 1885 Vorzug an, es ist ein durchaus bühmen.
2670 1829 4122 2010 mässiges Stück, das dargestellt noch ganz
2664 1933 4117 2116 anders wirken muss als aus dem Buch.
2686 2088 4098 2262 Wenn es nämlich wirklich dargestellt.
2674 2211 4093 2388 wird, wenn es bühnenmässig gelöst
2664 2333 4073 2516 wird! Und da kam nun, als ich die
2688 2482 4067 2674 Besetzung las, meine Aauptsorge. Ich
2688 2593 4078 2811 wurde Herzlich wünschen, dass ich mich
2683 2718 4122 2950 völlig irre. Wie ich aber diese Herrschaften
2694 2866 4133 3089 die jetzt im Burgtheater herum dillettieren.
2688 2986 4133 3226 und die dortigen Hilflosen Inszenierungen
2694 3131 4073 3343 kenne, muss ich fürchten, dass sie aus
2707 3277 4122 3504 Seinem Stück eine Karikatur machen
