5038 4680
2286 1109 3215 1382 143 Wien XIII/7 Ten 11.1.07.
2104 1563 2752 1871 Lieber Arthur!
2177 1831 3301 2120 Jetz war vierzehn Tage auf dem
1902 2062 3299 2326 Semmering und bin nun seit Dienstag
1892 2207 3406 2488 Hier, für etwa zwölf Tage, mit dem Vorsatze:
1902 2395 3396 2687 1. das Regiebuch von Hedda Gabler zu machen,
1898 2580 3303 2836 deren Proben am 24. d. beginnen sollen.
1881 2727 3417 2991 2. Zu versuchen, ob mein neues Stück schon
1915 2897 3347 3094 so weit ist, dass sich mir ungefähr ein
1938 3056 3427 3284 Szenarium ergibt, welches dann im Som¬
1928 3180 3410 3490 mir ausgearbeitet werden soll, und 3. ein.
