5025 4728
576 500 1049 761 Votre très-Monsieur, d'y ai-
1654 1480 3041 1579 Ich freue mich unendlich auf bich, ich hab dir je
1662 1603 3058 1720 so riet, so viel so sagen wir manchmal ist mir
1671 1779 3034 1883 Ihm ordentlich berg nach Dir. Nur hat sich mein
1662 1887 3129 2022 Leben ehmälig so merkwürdig bestellt, das ich mir
1678 2084 3069 2185 schon wirklich nicht manchmal vorkomme, nicht mehr
1696 2222 3164 2344 auf der Erde so sein, sondern nur noch ein hinter
1695 2386 3166 2544 der, neben bei irgendro mithausendes, Nachwirbelndes
1718 2547 1989 2659 Anhängsel.
1713 2666 3118 2842 Grüß kam liebe Frau herzlicht von mir, auch
1738 2844 3135 2981 den Sehn, heere Sohn muß man jetzt was bald
1717 3018 2048 3124 ohne sagen
2201 3067 2472 3204 serzlichst.
2333 3162 2818 3290 immer sein.
2511 3279 3007 3475 Hermann
