5112 4695
3020 494 3565 743 ̃'̃ ̃:  =  = :  =
1577 494 1851 681 „ „ —: „
2643 1157 3020 1379 29.9.07.
2252 1222 2427 1389 151
2041 1604 2632 1845 Lieber Arthur!
2198 1827 3224 2036 Ich habe, seit ich zurück bin
1816 1954 3211 2210 jeden Tag zu Dir wollen, jeden Tag kam
1825 2105 3206 2281 was anderes dazwischen und ich war so
1824 2203 3222 2448 gehetzt, dass es leider wirklich nicht gieng.
1829 2323 3247 2526 stun wieder nach Berlin abreisend, kann
1838 2443 3207 2683 ich Dir und Deiner lieben Frau nur noch
1840 2566 3291 2782 die herzlichsten Grüsse und alle guten Wün¬
1840 2677 3253 2913 sche für den Winter schicken. Ich möchte
1851 2786 3311 3037 Dir noch sagen, dass uns im Sommer Dein
1882 2906 3253 3122 neues Buch, „Dämmerseelen", ein sehr
1874 3048 3198 3284 lieber Gefährte war, und möchte Dich
1887 3177 3353 3385 bitten, Dir von Salten, mein neues Stück
