4568 4585
3414 492 3504 699 P.
504 890 1487 1054 1 rue au mois-ci, rue de la répondance.
1727 942 1941 1059 G.C.H.F.P
928 1056 1158 1161 in ihm
266 1097 1934 1287 ter Anerkennung kommen möchte. Ich
2267 1104 4115 1280 den nun das deutsche Theater einmal seinen
285 1313 1943 1494 leide sehr unter meiner Erfolglosigkeit
2286 1387 4020 1511 Antoren gibt und der mir nach immer
264 1549 2055 1772 in Deutschland nur bin schon so bescheiden
2248 1618 3989 1844 fehlt, aus darauf, von seiner „Signa“
243 1815 2008 1967 geworden, daß ich es als einen großen
2241 1908 3975 2138 west genommen zu werden. Er hat
235 2041 2074 2243 Erfolg empfinden würde, wenn er sich nur
2250 2136 3996 2372 mir über den kommtnis" sehr anar¬
209 2279 1972 2498 entschließen könnte, ein Stück von mir
2238 2386 4003 2719 kennend gesprochen, ihn aber schließlich
212 2588 2122 2790 anzunehmen mir aufzuführen, meinetwegen
2246 2700 4099 2962 leider doch abgelehnt; ich werde ihn nun
193 2812 2112 3076 in der Schlechtesten Zeit, weil es mir dabei
2238 3026 3946 3259 einleden, der Hamburger Premiäre
183 3128 2017 3354 der nicht auf die Tantièmen ankommt
2203 3266 4091 3630 (am 12 oder 13 Januar) beizunehmen;
181 3392 1491 3611 sondern auf den „literarischen
1558 3499 1960 3642 Stempel
2212 3573 4127 3844 freilich ohne viel Besserung, von ihn noch
