4569 4600
2026 918 2156 1054 58
519 995 936 1144 „Die Zeit“
554 1113 922 1184 Wiener Wochenschrift.
1236 1099 2217 1248 Wien, den 24 Januar 1891
611 1172 861 1238 Herausgeber:
1161 1201 1500 1328 IX/3, Günthergasse 1.
554 1217 925 1276 Professor Dr. J. Singer,
448 1257 1026 1344 Hermann Bahr, Dr. Heinrich Kanner.
2371 1243 3833 1434 derei und schreibt baldigst ein In¬
543 1342 944 1484 Telephon Nr. 6415.
2927 1477 3647 1590 Deinem alten
936 1561 1620 1703 Lieber Arthur!
3132 1745 4177 1986 Hermann Bahr
380 1802 2182 1970 Ich bitte dich, in einem Anschiedrabend für
387 2031 2184 2156 Burettard am 2. Februar Heilzinahmen
488 2271 2137 2406 ganz in sein, jeder xxx sein Couvert¬
373 2470 2271 2672 wahrscheinlich bei Sachar, etwa 40 Personen,
363 2687 2069 2864 Saar, Freide, Julius Bauer, Groß,
370 2922 2257 3121 Karbruck, Chiraaaci, Ebermaar, einige
363 3170 2019 3319 maler, Bekovies, Gettin, Baron
354 3401 2161 3576 Berger über usw. Hoffentlich bist du
415 3724 2184 3795 Alle für „Die Zeit“ bestimmten Zuschriften und Sendungen sind an die Redackion der
479 3781 2130 3887 „Zeit“ und nicht an die Person eines der Herausgeber oder Mitarbeiter zu richten.
