4485 4649
1841 524 1927 635 xx
1296 550 1746 688 „Die Beit"
2033 644 3038 792 Wien, den 8. März 1899
1326 663 1696 746 Wiener Wochenschrift.
1423 721 1615 788 Herausgeber:
1970 732 2317 818 IX/3, Günthergasse 1.
1326 762 1707 829 Professor Dr. I. Singer.
1222 795 1804 887 Hermann Bahr, Dr. Heinrich Kanner.
1324 880 1723 991 Telephon Nr. 6415.
1381 1169 2959 1326 Aber, Kind Gottes, wenn ich ein Stück für
1201 1398 2980 1562 die „zeit“ haben will, Er ist es doch selbstver¬
1185 1654 3040 1830 würde ich, daß ich es war der kommäre oder mit
1206 1927 3063 2093 der kremiere jegleich bringen mit — nicht wenn
1187 2169 2338 2294 er alle Leute schon kennen!
1820 2398 2178 2534 herzlichst
2197 2615 2405 2740 deren
2197 2827 2871 3001 Hermann
1245 3135 2312 3280 Korn Dr. Arthur Schnitzle¬
1291 3202 3063 3336 Alle für „Die Zeit“ bestimmten Zuschriften und Sendungen sind an die Redaction der
1342 3294 3008 3396 „Zeit“ und nicht an die Person eines der Herausgeber oder Mitarbeiter zu richten.
1927 3714 2483 3892 Hermann Bahr
1765 3862 2696 3999 denke Dir, Pieter Freund, Freilixe
1732 3969 2622 4098 für die Mühe: die Landacht ist
