5018 4696
1034 530 1614 656 ..'...,,., r
1708 533 2099 732 1 „ „ —: —:
2930 1052 3102 1186 9.2.
2324 1039 2498 1280 127
2272 1345 2668 1441 lieber Artkur!
1854 1479 3217 1654 Von den Leuten, wie welchen ich Kromgefragt habe,
1864 1659 3143 1768 weis Einmann ein herzlicher Wort für massier,
1858 1815 3210 1958 schon verhalt nicht, weil wir die Institution der nicht
1853 2017 2053 2102 leben.
1842 2122 3293 2249 Ich ha mehrere manquen Briefe bekommen, in welchen
1847 2305 3158 2438 ich beschimpft werde, weil ich „Freiwild“ dein
1847 2489 3286 2597 " beßer Stück, nicht genug gelobt hätte, dank dir!
2055 2673 3299 2793 Deine liebe Jener und dich begleitet müßend
1862 2823 2057 2935 ein ich
2276 2903 2619 3067 Dein wir
