5038 4680
1900 1523 3322 1725 kann es nicht läugnen. Du wirst mir glauben,
1900 1666 3297 1843 dass es unbewusst war. Ich möchte aber doch
1907 1783 3272 1974 jedenfalls öffentlich irgendwie den wahren
1889 1919 3094 2069 Autor neu neu: daher die Widmung.
1983 2006 3272 2209 Ich lasse Deiner lieben Frau herzlichst
1907 2153 3313 2321 für die Bilder danken und werde mich sehr
1907 2269 3313 2466 freuen, wenn sie mir erlaubt, ihr gelegent¬
1889 2398 2621 2565 lich eines zu bringen!
1983 2513 3081 2736 Mit vielen gänzlichen Grüssen
2420 2711 2643 2862 Dein
2490 2938 3078 3120 Hermanny.
