5059 4712
2184 548 2376 763 : 1:
1414 593 1617 759 Votre
3335 514 3503 761 4,” 1
1631 962 3200 1199 ~ ̃
2417 1075 2603 1227 158
2875 1065 3381 1247 Bayrauth 28.6.09
1810 1097 2109 1286 Nah
1788 1282 3180 1418 Druck wäre, lieber Arthur, für keine so lieben Zeiten.
1794 1402 3363 1549 Ich denke, das dann vielleicht nicht blos du sagen wirk: Schav!
1796 1553 2218 1663 Ost denke ich das.
1808 1633 2989 1768 Hoffentlich gehts keinem drüben schon wieder gut.
1788 1708 3315 1904 hier ihr jetzt, noch ganz schon fremde“ (nur die „Künstler“ findet
1806 1872 3307 2009 auch nur, nur sie sehr nicht), wahrheitlich schön mir man spürt
1818 2021 3421 2107 in dieser einzigen Landschaft doch, daß es uns Deutsche schon ins
1802 2157 3256 2314 so, dort was uns der Erde wächt (aber nicht in Tag).
1812 2334 2222 2461 Würst der hier!
1820 2431 2495 2563 Sie könnte man reden.
1830 2583 2710 2744 könst herzicht keine liebe Frau.
2170 2712 3236 2857 In alter, sehr wirklicher Freundschaft
2630 2915 3106 3174 Hermann
2407 3284 2728 3361 x** * * *
