4909 4695
1159 498 1856 690 1 1/4 ; ̃,,,, ;,
3670 501 4577 740 1 1/2 1/4 4 1/10 4 1 1/3 4/2 4 4 4/4 r: 4.
2315 480 2525 697 1,1
3634 1099 3883 1280 &c.4.00
2913 1106 3119 1366 124
925 1255 2319 1472 verwürdigern Verzogen und Verliegen jeder Frage zurück.
2831 1394 3240 1533 lieber Artwir!
925 1440 2383 1561 bleibe. Sitz vieren, Sie auch ihre schönen Scheuder Let. Wie
2489 1508 3795 1700 Bitte, kannst das mir den "Poppenheiten" gedrückt
921 1533 2383 1757 eben jetzt, sonst würde ich Dir diesen Ansinn nicht schreiben
2472 1707 3848 1942 „Hieben“ zu müsse, und es mir gesammengeht, über
914 1739 2336 1945 lesen ich wollte sagen: ich möchte dich gern wiedersehen
907 1839 2340 2070 und hoffe baar zu Sie zu kommen. Und was würdest er
2504 1881 3816 2141 ein Schriftlerabend ausführlicher schreiben. Wir wir es
2059 2016 2354 2134 am Weltzeugter
896 2024 2390 2248 ge der Idee sagen: zu Weihnachten uns in Lüng zu treffen.
2472 2070 3834 2255 mir überdings sehr hie, der Dich auch vor Donnerstag zu
907 2173 2354 2354 wo ich ein paar Tage kein Burchkund Zinsen will? Ich
2464 2169 2813 2344 kriegen. In?
896 2304 2344 2493 wollte eigentlich nach Ätten, aber da müßte ich am 20. von
2457 2397 3876 2585 Sehr gern müßte ich dich mich vorlich wieder sehen. Allerdings
886 2464 2304 2689 Zicht weg vor am 22. ist der Tripan, der für mich jetzt
2461 2557 3880 2760 es ich wenig frei, da ich mich ein mit einer gewiss berichten
889 2649 3748 2898 - sich mal und ganz beyführt gesprochen - der Sichke helfen leitnhaft, das ich aber monateten so viel verpaglaus
889 2749 1728 2927 ist, mehr als Sonne und Meer.
2415 2891 3837 3144 Stück verdanke, die ich nie in Leben konnte (vielleicht
889 2895 2344 3094 Empoldige den verworrenen Im dieser Briefes, grüße
2418 2994 3795 3268 mir von so ganz bäumereuter Seligkeiten erst im
878 3041 2354 3268 Frau Olya nur den Heinrich herzlichst was sie es selbst.
1465 3240 1679 3393 Deinem
2429 3211 3891 3439 Angesicht des Todes fähig), nicht Herrn von Musik geworfen
1657 3361 2155 3634 Hermann
2400 3375 3923 3652 Sehr, wenn ich dem manchmal in einer Ermattung mit
