4999 4696
3190 507 4605 748 1 1/4 „ 4 „ „ —: —: „ 9„ —„ 4„ 1/2. —. 4.
895 522 1534 736 Von tädtigsten wurde erachten:
2787 1152 3035 1295 14.12.04
2185 1191 2338 1393 125
2092 1486 2445 1550 Lieber Arthur
1709 1556 3097 1731 Is hat sich nach der Symphonie Deut überall schrift, aber er wegst
1717 1740 3092 1859 wie es die tode verhänken. So laß mit Dir schriftlich schwernd
1717 1895 3096 2033 (denn ich bei Septemid von Mujell, gestern auch nach Welküre, die
1734 2029 3062 2201 mich so ernstimmig erheuret ist, daß ich heute auf in der früh
1734 2194 3113 2297 sogar fünf einplafen Hausch) verleicht für keinen lieben Brief
1734 2349 3083 2504 denken. Es ist möglich, daß es recht hast (mit dem, was Dir
1747 2520 3163 2651 über keine Intentien nicht zu unterlich gewiß recht, trag¬
1747 2676 3180 2860 Sich bleibt nur, es nicht bei der Ausführung, die selbst verbewerkt,
1747 2819 3090 2967 etwas von einer Untergründstimmung in Dir, die sich nach
1765 3010 3138 3176 eine Philister sehet, eingeflagen ist), ich mußte mein Gefühl
1758 3162 3131 3312 über einmal auszwehen, mit einiger Schürfe, die nicht die
1752 3381 3156 3601 till, sondern nur selbst, einer inneren Schwäche in ein sellst,
