4539 4647
3555 531 4186 688 V. P. v. R. W. & J.
3177 528 3461 742 1 1 1/2
3509 1052 3659 1157 108
3400 1258 3696 1380 29.1.04
714 1417 2124 1522 hat mir gestern beim ersten eiligen Lesen nur in meiner
2694 1511 3109 1607 lieber Arthur!
721 1524 2197 1644 jetzigen geistigen Tütung, in dramatischen Ductus etwas
2301 1609 3673 1738 Ich soll“ auch Vatur zwei bis drei Monate hier bleiben,
712 1675 2186 1756 gefehlt, ich kann es nicht anders jegen, als daß mir die
2314 1764 3701 1852 glaube aber nicht es so lang auszuhalten. Es ist hier aber
738 1801 2124 1887 Bewegung des Rückes einige Male abzutrechen und
2315 1880 3690 1989 rnangenehm und ich überlege hin und her, es nicht
732 1915 2214 2000 sich denn auf eine mir nicht gleich verständliche Art wieder
2325 2007 3760 2107 mit geschrieben wäre, in Inarmina oder keine zu sitzen. ich
731 2050 2153 2127 zu sammeln oder zu ersetzen schien. Ich lese es nun
2319 2131 3526 2231 tus übrigens nichts, ohne vorher Vetner zu schreiben.
742 2151 2190 2253 aber in ein paar Tagen wieder ein mit diesen Kamer¬
2328 2240 3749 2332 der „einsame Weg“ kein gestern an und würde sogleich Ge¬
738 2291 2127 2358 lungen ist was überhaupt mehr mein elender Zustand
2328 2362 3716 2476 lesen. Wunderbar finde ich, wie du da von der Periphonie
738 2398 1345 2500 als das Stadt kritisiert.
2319 2483 3786 2601 der Nachtheit, an welcher sich die meisten Stücke konnte herum.
745 2502 2035 2592 Gruß braken und wenn ich kann in Berlin kenne,
2314 2624 3668 2708 bewegen, in die Mitte ihres geistigen Lebens kommst,
755 2640 2205 2736 empfiel mich deiner Frau und sei herrlichst gegrüßt von
2319 2727 3760 2845 nemlich unseres geistigen Lebens, der Sachen, wie die wir
1341 2782 1721 2886 Deinem alten
2319 2841 3720 2976 uns heute allein nach kümmern können. (Wobei ich
1696 2875 2050 2985 Clarmance
2314 2985 3791 3107 mich in einer Satz Maaterbücks von dem will in seinem
2310 3111 3716 3218 Tische sitzenden Greihe und an manches erinnere, was er
2310 3236 3790 3352 meinem Anlag vom Tragischen gegordert wird). Allerdings
