5073 4729
1005 1348 1678 1433 Dies ganz unter uns.
1005 1429 2323 1577 Ich ersicher jetzt erst, daß der einem Bmité
1017 1570 2289 1692 für einen do. Geburtstag usw. Ich danke
1022 1750 1500 1840 die Dafür sehr.
1017 1844 2332 1988 Zur „Gatterdämmerung“ war ich neulich in
1047 1999 2337 2124 Wien, komme wol zum „tristan“ wieder,
1040 2154 2305 2254 über immer Knapp zur Vorstellung und
1045 2265 2362 2399 nachher in aller früh wieder weg, denn ich
1050 2399 2436 2517 bitt mitten in einem neuen Stück. Eben
1082 2575 2439 2681 wohin Du sommers auch gebet, der Kommst
1077 2720 2397 2832 doch über Salzburg, und wir freuen uns
1058 2878 2422 2994 Weide sehr, sehr sehr darauf, sich denn
1052 3040 2452 3148 hier zu haben wir einmal ausgehilig mit
1086 3155 1889 3287 Euch zusammen zu sein.
1368 3298 2420 3410 Immer derselbe Hermann
3315 1043 3941 1204 23. &. 13 177
2526 1112 2741 1228 Nch
2623 1340 3093 1429 lieber Arthur,
2531 1442 3779 1574 Serzlichen dank! Ich bin sehr troh, den
2540 1616 3842 1717 namen Peter bald wieder draußen zu
2538 1800 2767 1884 wissen.
2550 1875 3950 2048 Und nun noch was. Ich schrieb dir in Dezem¬
2545 2034 3860 2182 ber, das ich keine Lust habe, Geld für
2543 2198 3960 2316 ihre herzugeben. Ich glaube nämlich bestimmt
2550 2351 3885 2489 zu wissen, daß er es nicht braucht, im
2563 2543 3907 2658 daß ich es also besser anwenden kann.
2545 2674 3855 2801 Solltest du über einmal den Eindruck
2557 2850 3902 2993 haben, daß es notwendig ist, so bitte
2557 3021 3842 3148 schreib mir das, da gab ich unterlich
2568 3181 3983 3303 gleich, was ich entbehren kann. Eben bitte
