4338 4632
1657 887 1817 1047 46
245 954 690 1076 „Die Zeit“
296 1049 659 1141 Wiener Wochenschrift.
998 971 2030 1204 Wien, den 11. November 1896
356 1110 596 1180 Herausgeber:
923 1151 1250 1284 IX/3, Günthergasse 1.
288 1158 661 1221 Professor Dr. J. Singer,
199 1204 753 1308 Hermann Bahr, Dr. Heinrich Kanner.
286 1282 671 1468 Telephon Nr. 6415.
647 1618 1429 1773 Lieber Votrein!
189 1953 1916 2108 Ich werde mich sehr freuen, die bei
172 2219 2001 2425 mir zu sehen. Sonntag, freitag,
143 2536 1955 2725 Samstag bin ich zur angegebenen
131 2868 1829 3048 Zeit, von " - 1, meistens eine
131 3193 1894 3423 Deheim. In den anderen Tagen
199 3617 1955 3777 Alle für „Die Zeit“ bestimmten Zuschriften und Sendungen sind an die Redaction der „Zeit“
533 3731 1635 3864 und nicht an die Person eines der Herausgeber zu richten.
2154 1303 3813 1468 ist es ziemlich sicher, daß Du mich
2127 1529 3951 1751 keit’ am sichersten natürlich, wenn die
2139 1822 4033 2069 nach so freundlich bis zu Inlamhonieren.
2098 2108 3920 2338 Ich wohne jetzt X Vorgellen gebt 3X
2112 2418 3963 2665 4. M., mit Artzug und kommen bald; ich
2095 2704 4048 3069 Laß ich dann nicht mehr fort, bis Sie mir
2098 3033 4002 3345 Sie neue Neuele zugeschworen hast.
2762 3285 3256 3469 Ferniern
3176 3537 3438 3692 Dein
2151 3735 2829 3876 Herrn Dr. Artkür¬
2871 3772 3338 3917 Schreibler
2137 3830 2696 3922 H frack 9 asse:
