5095 4712
4111 555 4433 677 V. M. J.
2625 1077 3262 1268 London 22. 10. 10 168
1808 1218 2088 1377 Dah
2043 1345 2472 1473 Lieber Artteur!
1935 1516 3174 1620 herzlichsten knte, für keinen Brief. Ich freie mich
1935 1644 3205 1761 Ihr auf der Buch. Wenn der Stück wirklich erst in
1940 1786 3210 1890 19. November ist, kann ich leider nicht bei der Pre¬
1965 1917 3210 2012 niere sein, ich mögt am 17. wieder auf eine der
1947 2059 3254 2166 lei digen Touckcen, mit denen der Mensch bild ver¬
1947 2205 2119 2264 dient.
1958 2269 3157 2391 Grüße eine liebe Frau herzlichs auf sie selbst
1981 2425 2852 2508 in alter Freundschaft ungezeßt von
2664 2517 2908 2602 Deinem
2843 2618 3174 2713 armiern
2012 2844 3246 2957 Auch eine Frau läße dich Häufnis gerußen.
