5000 4697
951 488 1725 678 'V-V- '' ''V - '' -'- '
1853 484 3410 738 ..1.,,.,,, -,,,',, i, ',,
670 486 867 660 V. 11/1.
2569 1015 3108 1210 23.12.07
2296 1003 2509 1249 152
1752 1164 2118 1332 Bahc
2205 1307 2720 1421 Lieber Arthur!
1785 1441 3199 1590 denke schön für keinen Brief. Ich möchte nicht,
1781 1621 3234 1779 daß Du halsch deutest, was ich über keinwandts
1781 1766 3245 1898 Verhältnis zu Deinen Werken schrieb. Er bemüht
1785 1927 3170 2089 lich sehr, ihnen gerecht zu sein, aber ich
1770 2070 3193 2238 habe immer der Gefühl, daß ihm des einen
1779 2269 3228 2434 Verstehen dafür fehlt; und es ist schon sehr
1787 2440 3235 2581 bös, wenn einer sich erst bemühen muß.
1779 2575 3257 2740 aber am guten Willen fehlte ihm sicher nicht.
1803 2759 3206 2966 Nur daß dieser dabei bei der schließlich gar
1808 2945 3218 3127 nichts nützt. – Der Kirchen mußte gesagt
1810 3121 3100 3319 werden, daß sie Anfang bei oder in
1828 3286 3313 3518 September hier sein soll. Die Mildenburg
