4552 4649
3233 548 3457 692 1,1
2294 1015 4001 1177 1 1 1/2 1/4 1/16 ̃ 1/'10............................ - 1/8 1/3 ̄
3702 1124 3869 1209 27.4
3032 1133 3146 1286 117
3713 1197 3926 1387 B0?
2550 1236 3007 1373 Lieber Arthur!
2402 1369 3914 1563 Gergleichten Anna für keinen Brief, der sich mit
1878 1472 2043 1645 28. v
2434 1568 3960 1723 meinem an dich gekreuzt ist. Da wollte mir früh
580 1529 1026 1807 unter arten.
2470 1750 3953 1903 tends nach Ließung kommen. Es mir eine der
414 1753 2134 1903 Dein Brief u keine Karte kamen von Viertel nach
432 1892 2077 2104 sehen etwas an, ich bitte nicht vor als in Hietzing
2459 1956 3971 2095 Gertz schreibt, heiß sei ruf den Semmering, denke
366 2118 2198 2237 Wie können er auch kann was nicht mehr getroffen
4035 2189 4113 2351 de mr
2450 2200 3926 2354 is, das er mit auch nicht kommen wirst, vor
446 2278 1979 2418 Mir war sehr leid. Könntest er mir demnach
2454 2388 3974 2516 bitte um ein anderer Landepoœur. A ich
432 2434 2184 2577 zwischen fünf und sehr ein Klendezoont in der Stadt
2443 2582 3946 2737 sehr gere vor keiner Abreise noch sehen möchte.
1026 2593 1298 2721 herzliches
436 2623 692 2721 geben?
852 2651 2258 2804 mit meiner Gouverne in Dein etc. Uren,
2742 2747 3980 2902 Mit den besten Großen in keine Frau
1353 2788 1446 2854 - p.t.
3133 2929 3377 3023 sagteres
3512 3053 3809 3160 kann.
2383 3128 4086 3304 ............................................................. ̃
