5026 4696
3309 513 3930 679 '̃ ̃ •
2632 522 3087 659 .,,,,.,, -
4143 557 4555 764 „ „ —: —:
2923 1027 3237 1264 20.1.05
2457 1059 2635 1246 126
2228 1320 2630 1459 lieber Cothur!
1825 1488 3257 1637 Laß du irgend etwas kurzes, unmöglich unediert oder
1835 1648 3280 1783 doch in Wien noch nicht gelesen, und womöglich lustig,
1843 1812 3251 1920 nen liebsten in der Art von Kjentrik, was du mir
1830 1989 3239 2129 zum Verlesen in der Herzagvorlesung, für die ich
1852 2162 3251 2322 eingefangen worden bin, geben könntest. Mir je¬
1823 2367 2659 2480 schähe damit ein großer Dienst.
1846 2545 3251 2698 Ich höre, daß bei auch die Influenze Berumzieht, was
1826 2720 3168 2866 will schon liegt immer kommen, hat aber einer
1846 2896 3233 3093 rechten Wirrwerr in mir. Doch jetzt müssen wir uns
1844 3087 2444 3197 einmal wieder sehen.
2050 3255 2983 3397 Mit vielen herzlichen Grüßen, auch
2070 3372 3201 3574 an Onise folg, Iain Marmin
