4944 4727
2476 552 2641 675 1
3316 522 3476 678 1,1
1712 1078 3138 1303 werden. Wäre ich nun selbst bei der
1712 1219 3178 1433 Remière, so könnte ich schreiben: Das was
1723 1355 3165 1582 ihr gestern gesehen hatt war gar nicht,
1729 1489 3182 1695 Schnitzlers Stück, sondern sein Stücke ist
1719 1612 3206 1790 viel mehr so und so! Da ich selbst nicht dabei
1732 1729 3204 1955 bin, könnte ich nur schreiben: Das Stück
1749 1829 3216 2048 ist so und so! Aber die Leute, die das lesen
1744 1993 3162 2175 würden, werden, fürchte ich, ein ganz
1749 2093 3151 2307 anderes Stück gesehen haben. Ich würde
1762 2229 3258 2422 über den Medardus schreiben, sie aber werden
1770 2355 3257 2573 den Herrn Gerasch sehen und ich fürchte, daß
1755 2465 3225 2686 zwischen diesen beiden Personen jede Ähn¬
1770 2604 3191 2814 lichkeit ausgeschlossen ist. Zum Schluss
1779 2738 3247 2946 wäre wahrscheinlich der arme Herr Kollige
1797 2866 3257 3067 der die hötiz über die Darstellung und die
1796 3017 3255 3229 Aufnahme schreiten müsste, völlig rat¬
1792 3167 3273 3377 los und wurde noch gegen mich polemisieren
