4432 4615
889 475 1209 715 Votre très bien de l'auteur, que
1820 955 1952 1114 55
346 1049 736 1166 „Die Zeit
379 1145 741 1230 Wiener Wochenschrift.
1058 1152 2053 1293 Wien, den 10. November 1897
435 1204 684 1274 Herausgeber:
978 1239 1328 1328 IX/3, Günthergasse 1.
362 1244 748 1310 Professor Dr. J. Singer,
268 1270 854 1385 Hermann Bahr, Dr. Heinrich Kanner.
2187 1338 3924 1514 recht ist, so schreib oder telephonio nie
357 1378 755 1517 Telephon Nr. 6415.
2175 1559 2939 1709 bitte ein Wort.
762 1618 1430 1782 Lieber Arthur!
261 1822 2036 2013 Möchtest das mir erlauben, bei meiner
2182 1829 4068 1961 Und vergiß doch nicht ganz auf die "Zeit¬
2163 2060 3788 2224 hast dir nicht wieder was Kleines?
237 2102 2095 2278 nichten lieference (am 28. d. M.) deine
2149 2304 4021 2497 wurde der neue Jahr sehr gern wieder
212 2344 2062 2553 Geschichte aus dem letzten Sept der „Erzmo
2130 2563 3891 2737 mit etwas vor Dir beginnen. Last
176 2591 1973 2779 trolis verzulesen? Ich bilde mir ein
2151 2742 3870 3007 mich wissen, ob ich denn ich rechnen
174 2871 2053 3099 daß ich den Ton treffen werde, und von
2147 3064 2412 3191 kann.
150 3125 1980 3358 ich mich darin nicht, so ist die Wirkung
2749 3144 3122 3336 herzlich
3101 3318 3731 3461 Dein alter
143 3379 1848 3574 glaub ich ticher. Also, wenn es dir
3153 3508 3981 3828 Fermann Bar
219 3713 1980 3844 Alle für „Die Zeit“ bestimmten Zuschriften und Sendungen sind an die Redaction der
273 3823 1940 3943 „Dei“ und nicht an die Person eines der Herausgeber oder Mitarbeiter zu richten.
