4506 4648
1247 520 1915 797 Votre très obéissant ainsi avec le
1880 857 2020 990 43
459 925 918 1072 „Die Zeit“
515 1048 874 1123 Wiener Wochenschrift.
1978 1051 2167 1160 189
1216 1048 1941 1165 Wien, den 8/10
576 1109 809 1179 Herausgeber:
1128 1128 1461 1263 IX/3, Günthergasse 1.
510 1151 881 1228 Professor Dr. I. Singer,
412 1195 967 1291 Hermann Bahr, Dr. Heinrich Kanner.
2351 1139 4189 1342 für ein besonderer honorer der frag¬
501 1288 888 1431 Telephon Nr. 6415.
2349 1372 4145 1547 ment der Originalartikel zu bein¬
804 1489 1449 1654 Lieber Urthur!
2328 1603 3789 1820 sen. Ich bin also erschuldig,
377 1652 2153 1808 Ich sehe Brandes sofort aussichtlich ge¬
2349 1845 4140 2001 Dir denke ich jedenfalls sehr, daß Du so
361 1934 2074 2062 schrieben. Ich kann ihm belegen, daß ich
2353 2092 4152 2227 lieb gewesen bis, mich gleich zu ver¬
361 2118 2195 2300 den Artikel von einer ihm u. mir be¬
2330 2274 4145 2479 kündigen. Interessiert Dich die Sache,
373 2346 2190 2446 konnten, sehr angesehenen Berliner
2309 2514 4152 2761 so kannst die die ganze Correspondenz
352 2565 2158 2696 dem erhielt, als nur einem „Büche“
2323 2773 4147 2989 mit der Berlinerin in wußrem Co¬
333 2817 2211 2964 stammend, aus den nächsten Winter erst
2325 3017 3059 3155 täerbliche sehen.
354 3050 2113 3197 deutsch erscheinen soll, von ihm äu¬
2346 3218 4164 3365 Wer macht deine Noorke? Ich rechne
354 3285 2106 3451 Parisiert, 1o mit der Comächtige in
2083 3406 2214 3525 71
2349 3404 4168 3588 bestimmt auf sie! Auch bin ich sehr
438 3581 2186 3763 Alle für „Die Zeit“ bestimmten Zuschriften und Sendungen sind an die Redaction der „Seit"
762 3712 1869 3812 und nicht an die Person eines der Herausgeber zu richten.
