4568 4568
2865 956 2944 1130 88
2599 1092 3005 1213 15. Mai 1902
1590 1385 2958 1571 der bist enttäuscht, lieber Artkur, da du
1601 1513 2988 1701 grittnet hast und sieht, das diese Wlu¬
1592 1720 2927 1826 men, statt von einem Weitchen, nur
1592 1869 2894 2016 von mir sind. Aber sie sollen dir
1583 2064 2714 2186 helt heute, wo du ankommst
1730 2162 3056 2379 nel mezzo del commin di nostra vitae,
1592 2390 2977 2565 einmal sagen, daß ich dich sehr gern
1575 2603 3058 2771 habe und über unser gut und fest ge¬
1577 2763 2952 2895 wordenes Verhältnis froh bin und
1575 2980 3093 3154 meine, es könne, was immer etwa
1590 3152 2977 3350 nach Schicksal zwischen uns werfen
1603 3318 2920 3507 mag, doch eigentlich in Grunde
