5067 4648
3621 486 3780 730 1841
3241 480 3603 810 10.2.15
1451 527 1793 877 Nah
2193 895 2811 1092 Lieber Arthur!
1475 1060 3671 1266 herzlichen Dank für den lieben Brief, der uns beiden eine gerste
1490 1222 3697 1357 früher gemacht hat! Meine für mögte sehr zum einmal in Wien
1490 1384 3812 1522 Eidern siegen, Schubert, Jünge Wolf und die Unzudrücklieder am höchsten.
1490 1551 3756 1707 Jetzt aber geht das nicht, sie kann hier nicht gekommen vor ihrem
1490 1696 3850 1869 Tpital (ich Heil der Gottes großern Herr). Auch bin ich das Meinung,
1498 1855 3739 2019 daß er besser ist, dazu eine Wittwe, für Kunst empfänglichere Zeit.
1513 1990 3721 2190 abzuwerten. Willst der aber nicht so lange warten, b komme doch
1495 2134 3686 2334 her, das kannst es bei uns viel schöner haben und ja in einem
1501 2308 3797 2532 Herzent, was doch von vornehmen die Schenklichte Auswiderigkeit
1495 2467 3780 2643 ist! Wir wurden uns herrlich freuen und ich hätte ja so viel mit
1507 2670 2432 2829 die zu reden, Tage lang!
1501 2779 3750 2991 Friede ferner Olge in alter herrüher Vorderung thäußens von mir
1519 2956 3821 3167 und kommt wirklich bald einmal. (Aber mit Nachricht ein paar
1525 3112 3744 3306 Tage früher, damit ich nicht gerade weg bin, in München aber in
1525 3268 1934 3462 den Bergen
2276 3341 3091 3683 sich in aller
