4507 4632
2248 517 2697 697 V. P. M. D. F.
248 517 386 708 "    "  [H]
3700 471 4054 767 1.° 1.°.
911 484 1621 690 .,,.,,,,
2872 497 3242 754 V. Stadt.
3505 868 3627 986 97
3202 1005 3456 1124 Montagu
3152 1091 3652 1259 Qul haus 565
655 1124 2048 1253 Er Ich nur Du — ail zu sach wegen, ein
2604 1236 3053 1345 Lieber Artaur!
659 1290 2055 1409 uns mit solchen Burschen einzulassen, des
2236 1408 3579 1511 Ich hatte mich bei Sätze (schrittlich, damit er es
650 1452 2042 1568 Seistl daß es also bei P’1 Entscheidung
2230 1566 3579 1706 nicht ableugnen Mann) ein Feuiketen über den
646 1652 843 1737 bleibt.
2225 1719 3571 1897 Nagen angemeldet, um es ihm wenigstens zu
662 1814 1976 1932 Jedenfalls aber trete ich dich nochmals mir
2228 1897 3645 2041 Hochwaren, daß er von anderen Seite etwas über
668 1956 1731 2105 nung ein Exemplar zu schicken.
2223 2068 3691 2234 Das Auch bringt. Daraus erhalte ich eben folgen¬
1433 2182 1715 2298 servichs
1711 2214 1910 2350 Dein
2221 2254 3625 2432 de Antwort, die ich mir gelegentlich zurück¬
2217 2445 3595 2635 erbitter. Ich nahe nun heute oder morgen mit
1546 2421 2090 2554 Chermanie
2219 2628 3581 2813 der Sache zu Wilhelm Singer, der mir recht
2208 2797 3654 3010 geben, über s. wahrinnig schimpfen und zuletzt
2226 3001 3708 3203 entscheiden wird, daß Leute wie wir – einlich
