4568 4615
3005 568 3146 748 84
1544 714 2940 935 Redaktion des Neuen Wiener Tagblatt
1699 862 2775 976 WIEN. I., ROTHENTHURMSTRASSE, STEXRERHOF
1524 910 2979 1063 Telegramm-Adrosse: Tagblatt. Steyrerhof, Wien. — Telephon Nr. 284, Staats-Telephon nr. 86.
2743 1090 2920 1236 30.12
1932 1376 2539 1529 Lieber Arthur!
1413 1566 3190 1726 denke sehr für deine liebe Karte. Die könntest
1435 1823 3083 1971 mir allerdings in Berlin einen sehr, sehr
1427 2054 3236 2187 großen Dienst erweisen, wenn du gelegentlich
1440 2323 3292 2493 mit Braben über mich sprechen, und ihm klar
1427 2544 3333 2748 machen würdest, daß ich, bei allein, was man
1415 2833 3316 3003 gegen mich gegen kann, doch schließlich auch
1415 3122 3139 3277 Jemand bin und daß ich gern in ein
1427 3369 3214 3561 wenn auch kühtes, doch anständiges Ver¬
1432 3595 3382 3789 Fältnis gegenseitiger Duldung und beding¬
