4493 4649
1411 510 1622 760 1:  11:
1830 875 1949 1018 40
400 938 847 1062 „Die Zeit“
442 1041 814 1114 Wiener Wochenschrift.
1158 999 2169 1184 Wien, den 20 September 1899 6
512 1100 744 1172 Herausgeber:
1074 1130 1390 1252 IX/3, Günthergasse 1
447 1142 819 1224 Professor Dr. J. Singer,
351 1198 899 1287 Hermann Bahr, Dr. Heinrich Kanner
438 1289 833 1381 Telephon Nr. 6415.
826 1519 1467 1699 Lieber Arthur
328 1760 2125 1916 keit gestern zurück, x meine erste Wege
337 2015 2174 2164 nach Dir (der Tag ist nicht ganz gramma¬
323 2246 2202 2434 tikulisch, sondern wärmert noch ein Schlimper)
314 2466 2087 2684 keit du schon hier? Bitte um ein bela¬
302 2742 2101 2913 schonischer Wort, wenn ich dich aussuchen
300 3012 2017 3201 dorf. Ich möchte, nemlich ein ernstlich
311 3274 2176 3489 über eine Novelle, Leizze oder was der
358 3601 2118 3728 Alle für „Die Zeit“ bestimmten Zuschriften und Sendungen sind an die Redaction der „Zeit“
688 3711 1799 3824 und nicht an die Person eines der Herausgeber zu richten.
2303 1198 4144 1409 willst, für die „Zeit“, mit die Herchen. Es
2293 1458 4154 1638 im heradiger eine Spande für uns, daß wir
2305 1743 4170 1933 noch einiger nichts von dir gebracht Leben.
2298 1952 4015 2176 Was ist dann aus dem "greifen Dichter
2291 2232 2735 2410 Jervorden
2750 2455 3367 2614 harzlich grüße.
3093 2647 3791 2808 Dein Freuer
3976 2661 4130 2831 r
3143 2944 3302 3138 a
3337 2944 4060 3175 Pursieur
2312 3154 3501 3372 Herrn Dr Arthur Schnitzler
3655 3292 3767 3505 me
2525 3388 3515 3604 Wien X Frankgasse 1.
