4552 4649
1044 501 1227 701 ciq.
1937 769 2147 905 64
470 886 830 1012 „Die Zeit
475 978 845 1064 Wiener Wochenschrift.
1183 983 2171 1134 Wien, den 14. Dez. 1890
562 1044 759 1110 Herausgeber:
1110 1076 1441 1219 IX/3, Günthergasse 1.
467 1081 849 1163 Professor Dr. I. Singer,
370 1137 944 1212 Hermann Bahr, Dr. Heinrich Kanner.
462 1212 864 1336 Telephon Nr. 6415.
2305 1244 4096 1446 Herzen. Bitte, vergift nicht, daß ich einen
2300 1506 4011 1667 deiner Einunter für die „Zeit“ haben
905 1524 1553 1682 Lieber Arthur!
2280 1740 4223 1920 möchte, und das er mir rechtiger wäre,
382 1796 2112 1893 Seit Montag will ich zu dir, was dir zu
2268 1976 4227 2147 so wissen, wenn angefähr ich ihn bringen
375 2005 2093 2149 sagen, daß Du mit deinen Zeilen
2290 2203 2570 2344 kann.
360 2246 2088 2417 eine sehr große Freude gemacht hast;
2577 2441 3497 2614 Nachmals Deukend
348 2458 2037 2663 leider bin ich nach immer nicht dazu
3222 2655 3653 2852 Herrn
331 2726 2005 2894 gekommen und so thue ich es jetzt
3390 2923 3646 3098 Dein
324 2972 2059 3171 schicklich, was es nicht nach länger zu
3624 3110 4084 3351 Hermann
336 3230 2237 3500 verschlechten. Ich danke die von ganzem
380 3578 2144 3668 Alle für „Die Zeit“ bestimmten Zuschriften und Sendungen sind an die Redaktion der
443 3648 2098 3767 „Beit“ und nicht an die Person eines der Herausgeber oder Mitarbeiter zu richten.
