5018 4632
1254 1325 3980 1562 allem „einverstanden bin, so weiß ich mich in alles“ einzufüh¬
1302 1522 1528 1623 len.
1325 1481 3760 1751 Sag's nicht weiter, wenn ich Dir gestehe, daß von Jahr zu
1336 1708 3757 1883 Jahr, mein Heimweh nach Wien wächst, fast so stark wie
1352 1806 3760 1924 das meiner Frau, die vor Sehnsucht, in Wien zu wirken,
1383 1931 3702 2056 fast vergeht. Aber Wien ist vergeßlich und so werden
1407 1992 2928 2154 wir wohl in der Verbannung sterben.
1711 2036 3872 2292 herzlichst Sein gedenkend, auch die paar Freunde,
1427 2140 1616 2269 G.C.P.
1444 2232 3341 2404 die noch meiner gedenken, bestens großend
2441 2323 3500 2506 Sein alter, allzu alter
2888 2482 3118 2583 are
