4568 4585
1839 524 2019 698 1:1:5:1 1/2
1053 524 1265 693 G.O.F.K.
3101 540 3338 678 1: ̃
2263 515 2546 757 Votre très de l'aurement les
2760 1498 2914 1685 21.5.
1199 1626 1888 1762 Wlach Anstalt Dr. Konried
2810 1681 2950 1818 903.
1572 1732 2950 1920 Lieber Artheil! Ich habe keine Eheung, was der eigentlich
1249 1952 3045 2092 meint. Ich bin mit drei Jahren Mitglied des Münchenerprensfonds und geher
1254 2092 3067 2229 dafür sehr wünig; ich glück 6 oder 6 Mark vor Quartal. Von einer anderen
1236 2241 2995 2415 zeichnung“ ist mir nichts bekannt. Die komme übrigens Montag zurück
1269 2406 2076 2546 v. würde mich dann erkundigen.
2166 2512 2399 2647 herzlichs.
2415 2559 2557 2690 Dein
2555 2668 2930 2817 Harmann
