5101 4696
697 471 2116 753 1 1 r,,.,.',,,, -,, 'v.,, g.
3616 956 3926 1166 Wien XIII 17
3085 993 3249 1226 39
3665 1146 3946 1295 21.6.06
1053 1316 2379 1436 Adresse kommen mir immer nach. Vielleicht
3005 1351 3430 1469 Lieber Notur!
1051 1545 2457 1663 könnten er mit ein August irgendwo treffen
2660 1572 3968 1665 Ich wollte immer noch zu Dir, was aber die
1058 1713 2450 1863 Gruß käme. Ferer herzlichst und einen die Kosten
2649 1732 4011 1900 letzte Zeit so gehetzt, das es nie ging. Den
1079 1935 2194 2057 Wünsche sei einen frohen Sommer von
2654 1924 4030 2042 „Frau“ daß der viel bekommen. Ich möchte
1683 2132 2111 2236 Deinem alten
2619 2125 3917 2272 hier gelegentlich in durchaus aufrichtiges,
2628 2325 4004 2436 rücksichts löher Wort von Dir darüber hören.
1847 2438 2277 2573 Hermann
2640 2517 3942 2651 Nur dann bitte ich dich, es, wenn das
2658 2699 3856 2836 gelesen heiß, an Salten nach Berlin
2635 2896 3831 3051 so schicken. Ich Jahre morgen nach
2640 3143 3930 3244 Senedig. Nachrichten an meine Wiener
