4836 4714
2528 507 2950 682 1 „ „ —: —:
2377 978 3309 1247 Wien XIII/7 26.9.10.166
1868 1084 2193 1229 Jahr
2212 1288 2887 1569 Lieber Arthur!
2227 1532 3294 1788 Ich fahre Samstag für viel
1868 1656 3234 1929 Wochen nach London und so werde ich
1862 1788 3344 2009 leider bei Deiner Première nicht in Wien sein.
1866 1907 3361 2143 Es wäre mir aber lieb, wenn Du mir (entweder)
1859 2061 3336 2342 noch vor Samstag Gicher oder dann nach
1877 2217 3314 2450 London E. C. Victoria Embankment, de
1902 2314 3377 2610 Keysers sptel) ein Buch Deines neuen Stückes
1881 2517 3271 2755 schicken könntest. Macht es mir einen
1903 2634 3387 2844 starken Eindruck und habe ich darüber wirk¬
1903 2753 3379 2998 lich etwas zu sagen, so würde ich das für das
1903 2883 3336 3117 Wiener Journal von London aus tun und
1883 3020 3385 3275 veranlassen, dass von irgend einem der Herren
