4568 4585
280 510 392 643 1er
3122 1109 3266 1242 100
2780 1199 3030 1328 8.10.00
2026 1411 2358 1542 lieber Rothür,
1522 1601 3205 1770 Bitte, kannst es mir noch ein Exemplar des „Reigen“ schicken, ich
1518 1728 3272 1888 breich es für die Censur? Die Vorlesung ist für den 8. November
1522 1929 3113 2048 angesetzt; lezt mich wissen, wie viel sehr die willst. Ich schon
1522 2096 3281 2231 wahrscheinlich am 18. d. nach Kärlin, kann ich Dir was besorgen?
1516 2236 2765 2380 Und bitte, schreib nie deine neue Edeler!
2201 2426 2588 2540 Dein
2642 2649 3060 2798 Hermann
