4493 4649
1750 794 1903 999 37
398 921 820 1067 „Die Zeit
445 1041 810 1121 Wiener Wochenschrift.
1097 1015 2110 1154 Wien, den 14. März 1896
504 1093 754 1175 Herausgeber:
1015 1119 1347 1269 IX/3, Günthergasse 1.
431 1149 808 1227 Professor Dr. J. Singer
346 1194 914 1328 Hermann Bahr, Dr. Heinrich Kanner.
431 1293 827 1418 Telephon Nr. 6415.
853 1507 1324 1656 Lieber Arthur!
334 1750 2160 1842 besten kann für deine Zeilen. Ich sehe ein, was
351 1948 2181 2087 der sagt, nur wie die Augen nicht trängend
358 2155 2171 2273 die Stimmung verderben. Indemann habe ich
360 2355 2169 2555 der ken. v. April erscheinende Osterseht für
374 2656 2223 2784 Dich frei nur comme mich er mich. An¬
365 2861 2157 3021 genehm wäre es mir, wenn der mich etwa
332 3092 2152 3276 bis zum 23. d. benachrichtigen wertest. wie
325 3318 1397 3455 am Chancen sehen.
916 3445 1286 3568 herzlichs
1321 3504 2185 3683 Dein Hermann
309 3568 1385 3700 Herrn Dr Arthur Schnitzer,
410 3634 2101 3822 Alle für „Die Zeit“ bestimmten Zuschriften und Sendungen sind an die Redaction der „H
725 3723 1835 3827 und nicht an die Person eines der Herausgeber zu richten
558 3796 1441 3975 1dien II fraakgasse 1.
2506 714 2979 994 „Die Beit“.
2550 954 2937 1036 Wiener Wochenschrift.
3259 841 4230 1088 Wien, den 18/6 96
2631 1013 2875 1090 Herausgeber:
3175 1043 3516 1194 IX/3, Günthergasse 1.
2555 1055 2930 1133 Professor Dr. J. Singer
2463 1093 3026 1208 Hermann Bahr, Dr. Heinrich Kanner.
2550 1178 2951 1316 Telephon Nr. 6415.
2864 1429 3556 1583 Lieber Arthur.
2421 1660 4128 1846 Ich möchte, bevor der fortfährst, gern noch
2412 1891 4164 2089 einmal anfragen, ob du dich nicht doch
2393 2174 4225 2322 entschließen könntest, wie eine Novelle
2369 2357 4263 2656 wie dir für die Zeit“ zu geben. Viel¬
2390 2656 4128 2883 leicht hast der jetzt etwas, das die ge¬
2383 2981 4194 3189 eignet scheint. Wenn könnten wir die
2369 3212 3135 3403 von kleudern?
2854 3358 3198 3518 Möglich
3306 3389 3636 3570 Dein
3714 3434 4036 3610 serm
2463 3530 4234 3688 Alle für „Die Zeit" bestimmten Zuschriften und Sendungen sind an die Redaction der „Seit“
2793 3641 3916 3749 und nicht an die Person eines der Herausgeber zu richten.
2430 3709 3525 3926 serve Dr Arthur Schnitzler
3568 3740 4117 3907 Frankpasse.
