4568 4585
3769 527 3986 765 1,1
4048 1348 4146 1491 98
3874 1444 4029 1551 4. 4
365 1458 2170 1620 Im Neuen Werner Journal Heft, daß Er geheiratet fest¬
365 1644 2173 1789 Vielleicht ist es aber nicht wahr. Nach meinen Erfahrung,
2847 1677 3343 1813 Liefer Arthur!
350 1770 2175 1977 gen einer Ehe vor acht Jahren kann man dir in beiden
2301 1846 4124 2020 Richtens erscheint wir bei sicher ein Hand "Regentionen
331 1935 1985 2159 füllen herzlich gratulieren, was hiemit geschieht
2297 1985 3972 2175 Kritikan von 1909 - 1903. Mir wäre lieb, ihn dir widemann
345 2128 1997 2316 damit der aber siehs, wie man in dieser Institution
2290 2170 4062 2397 zu Köpfen. Nacht bis das über keinen Ernst oder ist es dir
324 2299 2182 2521 Kratkommt, wisse, daß ich keinem Bernfordiner leider
2282 2347 4086 2585 mit irgend einem Grunde, den Or mir gar nicht zu nennen
326 2487 2125 2695 entsagen muß, vorläufig wenigstens, da meine Frau
2268 2528 4172 2823 braucht, (vielleicht, weil man wieder Clique segen wird), zwei¬
329 2673 2130 2907 gerade wieder die Laune hat, alle Hunde zu laßen,
2261 2692 4069 2992 der oder auch ein verbequem, kurz wenn du irgend das
2244 2921 4005 3173 Gesicht hat: Lieber nicht, so werde ich weder beleidigt
915 2890 1201 3054 Kreis
1287 3083 1470 3176 Omi
2237 3140 4160 3390 noch gekränkt noch verschwuscht nach irgend unangenehm
1477 3204 1918 3340 Uermann
2251 3259 4169 3519 berührt oder gegen dich verändert sein; so weit kennst der mich doch!
