4967 4712
1470 511 1698 724 p. 4.
1747 519 2107 713 L'œuvre.
1854 1036 3166 1365 Bal. 863 Wien XIII/7 11.12.09.
2134 1397 2812 1692 Lieber Arthur!
2271 1671 3316 1889 In Halle a/saale, wo ich auch
1865 1816 3294 2038 wieder einmal die Toten schweigen liess,
1856 1944 3367 2217 hat man mich angefleht Dir doch zuzureden,
1859 2062 3376 2307 dass Du selbst einmal hinkommen sollst.
1884 2203 3369 2442 Ein Oberingenieur Bacher, der schon ein¬
1884 2354 3371 2579 mal mit Dir correspondiert Gaben will,
1895 2431 3392 2728 beschwört dich, wenn Du zum Anathol
1925 2594 3360 2901 nach Berlin fähret, doch den Weg über
1940 2720 3390 3004 Halle zu nehmen. Ich bitte Dich, schreib
1935 2852 3397 3166 ihm (Halle, Waidenplan 13) ein Wort,
1940 3027 3457 3307 und zwar baldigst. Denn der gute Mann
