5026 4696
1400 513 1857 697 v. w. 1 1 1/2 1
3145 521 4577 731 1 1 1/2 1/4 r. m.
512 510 1174 766 1 ''̃ ̃
2021 1409 3042 1504 Herzlich danke ich auch für den Gruß
1769 1522 3060 1648 Dieser lieber ferer und erwiedere ihn herzlichs.
1753 1715 3140 1864 Ich wünsche mir sehr, dass sichs so treffen möchte,
1774 1900 3221 2037 daß wir doch zwei drei Tage in Lung besammen sind:
2315 2102 2637 2217 Dein alter
