3593 4665
1424 1492 2027 1649 Lieber Arthur!
1081 1699 2443 1861 Adeln Sandroch erzählte mir gestern
1079 1877 2441 2044 von einer für Sonntag geplanten
1087 2074 2520 2222 Partie mit Rendepoons in Rodaua.
1072 2243 2516 2391 ty möchte sehr gern mit wen könnte
1076 2462 2432 2612 vielleicht schon in der früh mit Dir
1079 2648 2507 2788 Linaus. Allerdings unter der Vor¬
1089 2854 2468 2992 aussetzung, daß wir ganz unter
1104 3067 2610 3221 uns sein, dh. Dr. Loris und Richard,
1122 3238 2445 3502 wozu denn Nachmittags sich nach
