4508 4666
796 1408 2149 1590 dich gespürt und wie ich mich geschämt¬
767 1670 2193 1823 Lebe, in einem so grenzenlos albernen
781 1881 2065 2051 Lande xr leben, wo die Feigheit
781 2129 2100 2236 der Menschen beinahe noch größer
776 2349 2187 2519 is als so kein. Wie Teufel! Und
769 2610 2231 2756 alles Gerede von "Cultur" ühn kommt
776 2819 1845 2985 mir unterbar denn vor.
1025 3023 1794 3202 herrlich grüßt dich
1459 3202 2007 3322 Dein alter
1322 3335 2258 3528 Hermann Bahr
3551 971 3706 1226 77
3338 1257 3644 1453 aot
2664 1453 3129 1590 Lieber, kathür
2328 1685 3490 1889 Ich denke mir zwar, daß dir die
2328 1918 3679 2114 lächerliche Entscheidung keiner "Affäre
2277 2111 3668 2373 die der ruhigen Verachtung Leipra¬
2317 2402 3641 2553 nommen Leben wirst, die sie ver¬
2335 2623 3706 2801 dient, möchte dir aber doch aus¬
2311 2830 3632 3049 Hrechen, wie wäre ich gerade bei
2315 3114 3703 3291 diesem Anlage meine Sympathie für
