5047 4697
3122 557 3490 718 1   ƒ
1870 564 2217 770 3.
2290 2165 2522 2293 Kasse, Ludwig-Vile.
1556 2524 3284 2718 heißen, da sein Thema ist: H Wer kann ein wirklicher Mensch heimt
2789 2633 3006 2723 Beacrué
1575 2654 2739 2791 werden? Verwärt: Besenius. 2) Wie wird ma¬
1603 2756 1932 2871 dans une lettre de ses
1561 3377 1953 3542 verhält.
1714 3499 3181 3599 München 5.8. Einstwerten herzlichsten Dank für Glaspalast
1537 3561 3303 3700 I Wiege lieben Brief. Mit allem anderer magst du recht haben,
1589 3584 3485 3797 Besenius nicht. für mich müßte der Theil eigentlich Bererius No. 11
