5071 4696
2681 1025 3059 1203 27.9.06.
2074 1421 2706 1658 Lieber Arthur!
2121 1649 3266 1869 Verzeihe, dass ich dictiere, aber mich
1763 1825 3286 2021 macht das Mechanische des Schreibens schrecklich
1767 2008 2019 2131 nervos.
1911 2027 3235 2273 Ich bleibe bis zum 1. November noch in
1774 2205 3207 2431 Wien und möchte nun sehr gern Ende der
1793 2362 3302 2562 nächsten Woche, oder Anfäng der übernächsten
1786 2495 3266 2727 Woche einmal Vormittag zu Dir kommen.
1793 2662 3245 2875 Vielleicht bestimmst Du mir einen Tag, der
1768 2841 2125 3009 Dir passt.
1901 2928 3300 3152 Und noch etwas: Du hast einen russischen
