3816 4105
2301 239 2488 353 0
1197 249 2169 606 Lieber Herr Dr!
415 516 3052 796 Bitte, teilen Sie mir wenn möglich mit, ob es Ihnen paßt
1021 740 1405 872 Wittwoch
398 716 3079 1000 daß' und morgen Abend von 6-8 (sei er bei Ihnen, oder
388 958 3166 1163 bei mir) Beraton sein Stück vorliegt. Ich möchte Sie bitten
2266 1142 2931 1367 nach zu Loris
391 1173 2131 1394 mich etwa bis 5 pr verständigen, da¬
401 1370 2488 1647 Schreken in Bereton Antwort sagen muß.
405 1550 2983 1820 Ihr übrigen bitte grüßte Descretion! B. will nicht,
502 1803 2678 2028 die Wilt etwas von fr Mittel erfahre,
1803 2007 2066 2301 lichst
785 2190 1121 2484 22/12
1190 2225 1284 2526 1
2055 2280 2557 2567 bahr.
