4457 4632
1707 928 1868 1139 45
377 1097 821 1213 „Die Beit“
423 1185 790 1272 Wiener Wochenschrift.
1130 1168 2127 1327 Wien, den 5. November 1896
484 1246 724 1320 Herausgeber:
1052 1277 1377 1370 IX/3, Günthergasse 1.
423 1298 793 1363 Professor Dr. J. Singer,
323 1336 885 1457 Hermann Bahr, Dr. Heinrich Kanner.
2253 1320 2811 1467 treten kann.
406 1438 802 1583 Telephon Nr. 6415.
2253 1474 4159 1624 dann möchte ich aber auch wissen, was mit deiner
2260 1685 4026 1885 worke ist. Es wäre mir sehr wichtig, die so
850 1709 1403 1828 Lieter Arthur!
328 1894 2096 2056 Von ganzem Lozen gratuliere ich dir zu dem
2253 1939 4104 2089 zu bekommen, daß ich mit ihr im Tammer
306 2141 2087 2314 großen Erfolge von „Freiwild“, der mir eine
2253 2158 4140 2295 beginnen kann. Das ist die beste Zeit war es
282 2381 2172 2507 außerordenkiis freude gemacht hat! Nun möchte
2231 2367 4038 2521 Toll auch sonst alles geschehen, um die den
263 2602 2101 2756 ich, sobald du zurück bist, mit dir sprechen
2231 2630 4130 2830 " Aufenthalt in meinem Blatte angenehm¬
271 2830 2174 2998 was man denn thun kann nur soll, ein eine
2248 2811 3323 2967 und behaglich zu machen.
2269 2996 4033 3162 Über das alles möchte ich recht bald mit
290 3050 2075 3259 Wiener Aufführung durchgesetzen. Ich glaube,
2269 3235 2770 3349 die sprechen
268 3311 2113 3504 mit einiger Schlauheit wird der möglich sein
3072 3347 3421 3504 Herzlich
299 3508 2025 3734 Bitte, Inlagekoniere mir also, wenn ich dich
3307 3549 3603 3667 Dein.
3421 3679 3971 3943 Hermann
344 3751 2101 3917 Alle für „Die Zeit" bestimmten Zuschriften und Sendungen sind an die Redaction der „Zeit"
2305 3781 3432 3931 Herrn Dr Arthur Schnitzler
677 3860 1783 4035 und nicht an die Person eines der Herausgeber zu richten.
2547 3883 3459 4040 Wien X fraasgasset.
