3460 4632
1813 631 2929 910 Wien, 25. Octbr. 1891
1182 847 1712 1020 Asche Zeitung
1965 858 2830 1092 III. Salesionerg. 12
1307 961 1458 1067 Wien
1130 1015 1629 1182 IX., Pelikangasse 4.
1289 1217 2098 1523 Verehrter Freund
1402 1516 2891 1788 Der Mann um den es sich
1148 1725 2916 1932 handelt heiszt Johann Lukas Schönlein
1130 1853 2891 2082 Er ist der Begründer der seg. natur¬
1130 2004 2904 2255 systorischen Schule in der Georgie. An¬
1137 2134 2824 2388 30. November sind es hundert Jahre, daß
1128 2293 2862 2505 er geboren wurde und ich brauche also für
1094 2437 2902 2687 diesen Tag ein nicht über sechs Spalten lan¬
1116 2579 2855 2837 ges, populäres, byografisches feuilleten.
1157 2738 2689 2954 Können Sie mir des verschaffen
1492 2875 2857 3098 Dabei wiederhole ich die bereits
1132 2996 2794 3253 neulich durch Loris vermittelte Bitte
1128 3160 2871 3367 um irgend eine Novellette, so kurz als
1130 3302 2904 3542 möglich, die ich am Tage Ihrer Primieen
1173 3475 1891 3632 bringen will.
