4552 4633
720 1217 2111 1313 unstrengt. Erstere habe ich verstorben wieder einen
714 1367 2173 1474 Anfall jener Herzteklemmungen bekommen, körmst
707 1515 2093 1638 auch nach mit solchem Lywindes verbunden, daß ich
712 1705 2089 1820 der Nachmittag nur auf dem Copka ausgestreckt
726 1846 2033 1980 die Augen fest geschlossen, beide Teude auf Dir
731 2018 2055 2145 Schläfen gedruckt zutringen konnte, einer mit
726 2195 2154 2354 dem Gesicht, es ist ja doch alles aus und ich werde
720 2364 2091 2506 niemals mehr gesund. Unter diesen Bedingungen
726 2547 2143 2715 arbeite ich jetzt was darf dehr ergentlich gar nichts
731 2732 2237 2927 versprechen, weil ich mich bei jedem feuilleton wundern
727 2917 1909 3078 wenn es schliesslich doch fertig geworden ist.
791 3099 2199 3231 Ferner nicht der mich wissen, daß die Redeckenow des
2270 1159 3613 1298 Neun seiner Tagblatt (Wilhelm Linger aus den
2281 1341 3684 1470 braven Herrn Ehestein zu egenommen) einen Stund
2255 1505 3690 1646 bilden, dessen einzige Sorge es zu sein scheint, auf¬
2259 1681 3547 1801 zusinnen, was etwa geeignet wäre, mich zu
2261 1831 3669 1999 ärgern, und dies mit der Befendigkeit von Affen¬
2253 1978 3669 2190 sogleich ins Blatt zu setzen. daß gegen Sie noch
2268 2180 3652 2341 nicht eine ungeheuerliche Gemeinheit verübt worden
2259 2367 3600 2521 ist, wundert mich schon lange. Geht Sie vielleicht
2253 2545 3654 2726 gelegentlich des „Reigens“ los, so vergiß nicht
2278 2723 3688 2889 das sie, zwar in der executiert, aber die gar
2291 2891 2818 3029 nicht zu gedacht ist,
2308 3059 3551 3235 Bitte, schicke mir gleich ein Exemplar des
2313 3222 3596 3443 „keigens. Weines ist ämlich confienirt.
