<?xml version="1.0" encoding="UTF-8" standalone="yes"?>
<PcGts xmlns="http://schema.primaresearch.org/PAGE/gts/pagecontent/2013-07-15" xmlns:xsi="http://www.w3.org/2001/XMLSchema-instance" xsi:schemaLocation="http://schema.primaresearch.org/PAGE/gts/pagecontent/2013-07-15 http://schema.primaresearch.org/PAGE/gts/pagecontent/2013-07-15/pagecontent.xsd">
    <Metadata>
        <Creator>prov=READ-COOP:name=TrHtr:version=2.1.0:model_id=51170:date=24_07_2023_22:27</Creator>
        <Created>2023-05-01T21:48:05.596+02:00</Created>
        <LastChange>2023-07-24T22:27:31.846+02:00</LastChange>
        <TranskribusMetadata docId="1416398" pageId="54945193" pageNr="193" tsid="130574913" status="IN_PROGRESS" userId="64420" imgUrl="https://files.transkribus.eu/Get?id=UZPKVMFAZJRYXNSSFBRCEUAN&amp;fileType=view" xmlUrl="https://files.transkribus.eu/Get?id=INTQJIGKHQMNSIOQANAMERUA" imageId="44449278"/>
    </Metadata>
    <Page imageFilename="1416398_0193.jpg" imageWidth="5113" imageHeight="4599">
        <ReadingOrder>
            <OrderedGroup id="ro_1711833232560" caption="Regions reading order">
                <RegionRefIndexed index="0" regionRef="tr_1"/>
            </OrderedGroup>
        </ReadingOrder>
        <TextRegion id="tr_1" custom="readingOrder {index:0;}">
            <Coords points="1994,983 3410,983 3410,3259 1994,3259"/>
            <TextLine id="tr_1_tl_1" custom="readingOrder {index:0;}">
                <Coords points="2427,1063 2440,1061 2473,1078 2486,1068 2505,1071 2524,1087 2557,1068 2582,1070 2581,962 2558,967 2538,962 2500,970 2495,977 2480,972 2474,979 2456,967 2445,972 2425,962"/>
                <Baseline points="2436,1033 2526,1039 2586,1033"/>
                <TextEquiv>
                    <Unicode>188</Unicode>
                </TextEquiv>
            </TextLine>
            <TextLine id="tr_1_tl_2" custom="readingOrder {index:1;}">
                <Coords points="2741,1148 2848,1117 2993,1160 3099,1112 3180,1114 3200,1133 3277,1107 3357,1111 3357,1028 3320,1011 3174,1051 2983,1013 2948,1034 2899,1001 2743,1025"/>
                <Baseline points="2753,1087 2825,1087 2914,1087 3004,1081 3093,1081 3183,1081 3273,1081 3362,1081"/>
                <TextEquiv>
                    <Unicode>7. September 31</Unicode>
                </TextEquiv>
            </TextLine>
            <TextLine id="tr_1_tl_3" custom="readingOrder {index:2;}">
                <Coords points="2030,1390 2168,1352 2228,1364 2362,1297 2519,1335 2644,1306 2733,1318 2735,1271 2587,1277 2423,1232 2286,1294 2214,1266 2153,1287 2101,1251 2035,1265"/>
                <Baseline points="2042,1314 2108,1319 2197,1319 2287,1314 2377,1308 2466,1302 2556,1302 2645,1302 2735,1296"/>
                <TextEquiv>
                    <Unicode>Lieber Arthur!</Unicode>
                </TextEquiv>
            </TextLine>
            <TextLine id="tr_1_tl_4" custom="readingOrder {index:3;}">
                <Coords points="2021,1485 2599,1468 2654,1499 2875,1456 3005,1520 3138,1523 3340,1468 3342,1403 3113,1415 3031,1364 2966,1419 2717,1398 2574,1446 2350,1390 2023,1431"/>
                <Baseline points="2030,1469 2090,1475 2180,1469 2269,1469 2359,1463 2448,1463 2538,1457 2628,1457 2717,1451 2807,1451 2896,1457 2986,1445 3075,1445 3165,1439 3255,1445 3344,1445"/>
                <TextEquiv>
                    <Unicode>Die Verfilmung von „Konzert“</Unicode>
                </TextEquiv>
            </TextLine>
            <TextLine id="tr_1_tl_5" custom="readingOrder {index:4;}">
                <Coords points="2050,1626 2892,1588 3067,1621 3166,1595 3274,1641 3275,1547 3217,1528 2788,1554 2526,1518 2406,1561 2242,1473 2052,1557"/>
                <Baseline points="2060,1612 2114,1606 2203,1606 2293,1600 2383,1594 2472,1588 2562,1582 2651,1576 2741,1576 2831,1576 2920,1576 3010,1576 3099,1576 3189,1570 3279,1564"/>
                <TextEquiv>
                    <Unicode>ist, so weit ich mich erinnern</Unicode>
                </TextEquiv>
            </TextLine>
            <TextLine id="tr_1_tl_6" custom="readingOrder {index:5;}">
                <Coords points="2045,1792 2332,1739 2596,1763 2767,1720 3025,1761 3340,1711 3243,1653 3041,1694 2899,1651 2769,1698 2543,1641 2281,1732 2047,1692"/>
                <Baseline points="2054,1744 2090,1744 2180,1744 2269,1744 2359,1738 2448,1726 2538,1732 2628,1726 2717,1720 2807,1714 2896,1720 2986,1714 3075,1714 3165,1714 3255,1702 3344,1708"/>
                <TextEquiv>
                    <Unicode>kann, zunächst vor Jahren schon</Unicode>
                </TextEquiv>
            </TextLine>
            <TextLine id="tr_1_tl_7" custom="readingOrder {index:6;}">
                <Coords points="2038,1876 2469,1891 2680,1850 2894,1908 3149,1838 3405,1886 3409,1793 2937,1773 2551,1828 2387,1769 2038,1843"/>
                <Baseline points="2048,1875 2066,1869 2156,1875 2245,1863 2335,1863 2424,1857 2514,1851 2604,1851 2693,1845 2783,1845 2872,1845 2962,1845 3052,1839 3141,1839 3231,1833 3320,1827 3410,1833"/>
                <TextEquiv>
                    <Unicode>von S. Fischer vermittelt worden;</Unicode>
                </TextEquiv>
            </TextLine>
            <TextLine id="tr_1_tl_8" custom="readingOrder {index:7;}">
                <Coords points="2033,1997 2279,1995 2362,2042 2440,1988 2767,2023 2858,1978 2957,2007 3316,1976 3318,1929 3102,1888 2033,1976"/>
                <Baseline points="2042,1994 2066,1994 2156,1994 2245,1988 2335,1982 2424,1982 2514,1976 2604,1971 2693,1965 2783,1965 2872,1965 2962,1959 3052,1959 3141,1959 3231,1959 3320,1953"/>
                <TextEquiv>
                    <Unicode>ob von ihm auch für Tonfilen</Unicode>
                </TextEquiv>
            </TextLine>
            <TextLine id="tr_1_tl_9" custom="readingOrder {index:8;}">
                <Coords points="2055,2107 2242,2144 2401,2084 2504,2113 2647,2071 2740,2100 3114,2064 3292,2113 3351,2089 3352,2038 3109,1994 2853,2043 2747,2014 2177,2083 2057,2062"/>
                <Baseline points="2066,2096 2102,2096 2191,2096 2281,2090 2371,2084 2460,2084 2550,2078 2639,2072 2729,2066 2819,2066 2908,2066 2998,2060 3087,2060 3177,2060 3267,2054 3356,2060"/>
                <TextEquiv>
                    <Unicode>weiß ich nicht. Aber der Verlag</Unicode>
                </TextEquiv>
            </TextLine>
            <TextLine id="tr_1_tl_10" custom="readingOrder {index:9;}">
                <Coords points="2050,2245 3291,2182 3308,2107 2928,2115 2748,2173 2538,2124 2202,2209 2054,2136"/>
                <Baseline points="2060,2215 2144,2221 2233,2221 2323,2209 2412,2209 2502,2203 2592,2203 2681,2197 2771,2191 2860,2186 2950,2186 3040,2180 3129,2180 3219,2174 3308,2162"/>
                <TextEquiv>
                    <Unicode>Ahn - und Simrock Berlin N.</Unicode>
                </TextEquiv>
            </TextLine>
            <TextLine id="tr_1_tl_11" custom="readingOrder {index:10;}">
                <Coords points="2036,2365 2178,2399 2290,2351 3203,2336 3274,2329 3277,2266 2976,2242 2685,2291 2637,2264 2545,2312 2320,2279 2040,2305"/>
                <Baseline points="2048,2347 2114,2353 2203,2347 2293,2341 2383,2341 2472,2335 2562,2329 2651,2329 2741,2323 2831,2323 2920,2317 3010,2305 3099,2305 3189,2299 3279,2293"/>
                <TextEquiv>
                    <Unicode>W. 7 Dorothienstraße 11: Eingang</Unicode>
                </TextEquiv>
            </TextLine>
            <TextLine id="tr_1_tl_12" custom="readingOrder {index:11;}">
                <Coords points="2043,2497 2273,2457 2962,2461 3334,2409 3335,2362 2705,2411 2581,2375 2194,2444 2047,2396"/>
                <Baseline points="2054,2460 2084,2460 2174,2460 2263,2454 2353,2454 2442,2448 2532,2442 2622,2442 2711,2436 2801,2436 2890,2430 2980,2430 3069,2424 3159,2412 3249,2407 3338,2401"/>
                <TextEquiv>
                    <Unicode>Prinz Louis Ferdinand straße 1 wird</Unicode>
                </TextEquiv>
            </TextLine>
            <TextLine id="tr_1_tl_13" custom="readingOrder {index:12;}">
                <Coords points="2019,2608 2444,2557 2704,2594 2781,2548 3154,2579 3188,2474 2913,2516 2663,2476 2291,2553 2023,2516"/>
                <Baseline points="2030,2574 2114,2580 2203,2568 2293,2568 2383,2562 2472,2556 2562,2556 2651,2550 2741,2550 2831,2544 2920,2538 3010,2538 3099,2532 3189,2532"/>
                <TextEquiv>
                    <Unicode>Dir, wenn Du Sich auf mich</Unicode>
                </TextEquiv>
            </TextLine>
            <TextLine id="tr_1_tl_14" custom="readingOrder {index:13;}">
                <Coords points="2012,2705 2562,2664 2695,2694 2901,2644 3109,2673 3286,2649 3287,2605 3002,2579 2926,2622 2880,2591 2628,2637 2545,2606 2305,2663 2018,2618"/>
                <Baseline points="2024,2693 2036,2687 2126,2693 2215,2681 2305,2675 2395,2669 2484,2663 2574,2663 2663,2657 2753,2651 2843,2645 2932,2645 3022,2645 3111,2639 3201,2633 3290,2633"/>
                <TextEquiv>
                    <Unicode>berufst, darüber genau berichten</Unicode>
                </TextEquiv>
            </TextLine>
            <TextLine id="tr_1_tl_15" custom="readingOrder {index:14;}">
                <Coords points="2009,2841 2173,2803 2298,2839 2362,2788 2478,2822 2743,2777 3065,2784 3065,2747 2859,2750 2786,2716 2699,2757 2591,2721 2533,2760 2428,2731 2346,2767 2225,2735 2011,2765"/>
                <Baseline points="2018,2801 2084,2801 2174,2795 2263,2795 2353,2789 2442,2789 2532,2789 2622,2783 2711,2777 2801,2777 2890,2777 2980,2777 3069,2777"/>
                <TextEquiv>
                    <Unicode>und Dich beraten können.</Unicode>
                </TextEquiv>
            </TextLine>
            <TextLine id="tr_1_tl_16" custom="readingOrder {index:15;}">
                <Coords points="2259,2918 2480,2943 2755,2906 2842,2937 3205,2890 3292,2921 3340,2895 3342,2836 3157,2877 2788,2836 2683,2890 2647,2863 2569,2895 2259,2877"/>
                <Baseline points="2269,2914 2359,2920 2448,2914 2538,2914 2628,2908 2717,2908 2807,2902 2896,2902 2986,2896 3075,2896 3165,2890 3255,2890 3344,2890"/>
                <TextEquiv>
                    <Unicode>Was mein Befinden noch</Unicode>
                </TextEquiv>
            </TextLine>
            <TextLine id="tr_1_tl_17" custom="readingOrder {index:16;}">
                <Coords points="1985,3055 3330,3037 3359,2926 2837,2995 2593,2957 2088,3019 1987,2981"/>
                <Baseline points="1994,3028 2018,3028 2108,3034 2197,3034 2287,3028 2377,3028 2466,3022 2556,3022 2645,3022 2735,3022 2825,3016 2914,3016 3004,3010 3093,3010 3183,3010 3273,3010 3362,3016"/>
                <TextEquiv>
                    <Unicode>dem du Sich freundlich erkundigst,</Unicode>
                </TextEquiv>
            </TextLine>
            <TextLine id="tr_1_tl_18" custom="readingOrder {index:17;}">
                <Coords points="2014,3164 3334,3130 3334,3063 3027,3043 2904,3096 2627,3114 2242,3055 2016,3084"/>
                <Baseline points="2024,3135 2084,3135 2174,3141 2263,3135 2353,3135 2442,3135 2532,3135 2622,3135 2711,3129 2801,3129 2890,3129 2980,3129 3069,3123 3159,3123 3249,3117 3338,3117"/>
                <TextEquiv>
                    <Unicode>betrifft, so kann ich nur sagen, daß</Unicode>
                </TextEquiv>
            </TextLine>
            <TextLine id="tr_1_tl_19" custom="readingOrder {index:18;}">
                <Coords points="2009,3289 2341,3304 2692,3257 2813,3315 3034,3296 3099,3251 3268,3279 3268,3193 3229,3188 2964,3227 2712,3188 2526,3185 2433,3229 2009,3193"/>
                <Baseline points="2018,3243 2108,3243 2197,3249 2287,3249 2377,3249 2466,3243 2556,3249 2645,3249 2735,3249 2825,3249 2914,3249 3004,3249 3093,3249 3183,3243 3273,3243"/>
                <TextEquiv>
                    <Unicode>ich mich eigentlich überhaupt nicht</Unicode>
                </TextEquiv>
            </TextLine>
        </TextRegion>
    </Page>
</PcGts>
