4993 4679
1070 1313 2430 1522 mal mit Dir, Richard und Salten zu¬
1050 1467 2441 1678 sammen zu sein, einmal mit Kainz,
1065 1629 2465 1866 gelegentlich auch Fred und Handl zu sehen.
1070 1788 2459 2013 sonst aber mich zu verstecken. Dies ist es
1076 1946 2463 2126 was ich „incognito“ nennie. Meine Ab¬
1057 2109 2483 2323 sicht war, Dir vorzuschlagen, ob ich nicht
1050 2233 2474 2454 nächste Woche einmal von Eilf bis Drei
1047 2403 2501 2639 bei Dir sein und dort vielleicht auch gleich
1037 2539 2465 2762 Salten und Richard treffen könnte. Daß
1047 2721 2443 2893 Du nun aber Sonntag Vormittag zu
1057 2833 2418 3051 mir kommen willst, ist mir sehr er¬
1070 2998 2458 3225 wünscht, stört mich gar nicht, freut
1068 3150 2463 3383 mich riesig (ich kann Dir nur nichts zu
2532 1320 3965 1551 essen geben, weil ich keine Köchin habe)
2545 1484 3954 1672 und wir können dann alles möglich e
2543 1661 2982 1832 besprechen.
2634 1792 4025 1997 Mit den herzlichsten Grüssen an Deine
2552 1928 2964 2131 liebe Frau
3029 2035 3472 2294 Dein alter
3209 2303 3557 2494 Uns
2545 2646 3958 2898 "Ringelspiel" und Grotesken" Gast Du
2550 2849 3696 3056 Hoffentlich richtig bekommen.
