4523 4631
1699 514 2143 751 '̃̃ ̃: «:
2226 524 2451 745 G.C.F.P.
2491 486 3347 771 ..1.,,.,,,,,, 1,, 4,
3885 540 4124 759 1: ̃
3562 544 3728 743 "    "
1416 504 1633 721 „ „ 5 „
3734 1030 3883 1143 102
3447 1151 3660 1259 9.11.03
757 1227 2163 1378 Anbei Feidert, du den Rekurs, der am 5. d. der
2762 1338 3192 1466 hier Artkur!
542 1410 2071 1537 Hetthalterei überreicht werden ist. Er ist von mir mit
2290 1535 3865 1663 Ich habe weitere dem „Excentrie“ veranlaßen und die Leute
554 1563 2169 1715 Bürckhard berathen mir denn von diesem verfaßt worden
2262 1667 3815 1904 eben über das liebenswürdige Fräulein de la Notaire so
564 1730 2175 1888 was aber, nach seinem Wunsch, nicht bekannt werden soll.
2272 1884 3853 2089 gebrällt, das ich vielich bisweilen eine Stimme lang ver¬
566 1886 2143 2047 Versucht, den Rekurs in irgend eine Wiener Zeitung zu
2260 2059 3722 2272 den mußte, bis sie sich so weit gefaßt hatten, mich wieder
558 2091 2131 2206 bringen, sind durch aus mißglückt. Überlege, ob der
2268 2258 3863 2497 erführen. Die Verzichte ist tödtlich nicht zum Vorlesen idemt.
550 2242 2123 2431 ihn eventuell der nächsten Auflage des Reigens vor¬
546 2445 2129 2627 drücken würdest. Sag aber nur dessen Rein, wenn es
2246 2431 3768 2666 Ich schicke dir das Licht mit derselben Rest zurück, ich habe mir
552 2609 1010 2728 die nicht peßt
2248 2652 3471 2842 die betr. Nummer der Jugend bereits verschafft
550 2818 2127 3003 Sulten trägt Dir glaub ich verrecht. Er mußt nur doch
2248 2834 3766 3047 Noch etwas, ganz aufrichtig. In der keine Sitz von mir
536 3005 2149 3180 die für ihr unglaublich heikle und gefährliche Situation
2234 3019 3823 3290 verlangt hast, betr ich die keine Geschickt, weil mir das
538 3134 2011 3377 bedenken, in der er geschrieben hat. Aber darüber
2232 3220 3815 3471 vor mir immer so fürchtbar aufdringlich vorkommt,
546 3324 812 3445 ein erlich.
2224 3393 3803 3658 Jemandem angebeten Sige so schicken, der dann ein
633 3423 1796 3610 Mit den bissen Haupten an beim Frau
2264 3618 3793 3782 End erst keine Höchne anflehen muß, sie ja bereitsen.
1233 3610 2179 3797 herzlich die Thormann
