5112 4695
1375 456 2457 680 1 1 1/2 1/4, rue 4 1/9.
3710 520 3963 720 Votre très-Monsieur
2546 1125 3936 1454 Bahd 152 10.11.07
963 1156 2402 1381 nicht durch ein Kerkes einweres Verhältnis gehalten
957 1379 2373 1508 wird. Ich würde die also dringend so bekenten
2922 1443 3454 1556 Lieber Arthur!
948 1525 2380 1654 raten aus glaube, daß die Köpfer, wenn sie in
2539 1576 3928 1716 Vertrauen gegen Vertreuen, da ich dir doch nur
941 1674 2398 1813 Sommer bei der Mildenburg mit gebenütlich nach
2522 1709 3961 1840 helfe, wenn ich weg mithaltlos aufrichtig bei. Also:
956 1844 2340 1977 mit mir die Notte lernt, schon was recht Merk
2524 1862 3896 2013 Reinhardt wurde, wenn man ihm sagt, daß du muß
948 1982 1667 2094 würdiger machen könnte.
2526 2023 3921 2154 mit Vollantin abzuließen willst, tiefer die Matrice
959 2114 2416 2276 ich weiß noch nicht, wenn ich wieder nach Berlin
2526 2185 3910 2338 annehmen, damit mir der andere sie nicht habe,
974 2294 2387 2433 muß, möchte über jedenfalls vorher er Euch, so
2513 2329 3843 2500 dann aber liegen lassen, sich mahnen lissen,
947 2407 2354 2602 bald deine Frau so mit ist, über deren Er¬
2522 2460 3912 2657 dich verzweifeln lassen, mölich, gedrängt, bedreht,
939 2588 2407 2829 krankung ich, herängstes, sehr erschrach, weshalb
2495 2641 3939 2830 Sie irgendwie, ohne sich selbst darum zu künnen,
939 2759 2375 2976 ich mich ihrer Semetrug von bald in der Nicht
2499 2783 3870 3016 von irgendem schnell erledigen lassen, weil er
952 2933 1417 3055 schreuen möchte.
2475 2960 3908 3199 hilbst kein eigentlicher Vergiltnis zu diesem Stück.
2466 3173 3832 3361 hat, und weil es alließlich seine beste (geschaffenkt)
1557 3109 1860 3292 spielen,
1800 3294 2207 3443 bere Mr.
2475 3343 3954 3653 ist, bei alle seine unter Eigenhaft versagen, wo es
1789 3458 2298 3646 Kermann
