4523 4584
1245 779 3036 947 umzustimmen. Aber vielleicht bringt der
1238 986 2985 1175 ihn doch so weit, dass er sich, wenn ich
1216 1224 3156 1519 Im wieder ein Stück schicke, es wenigstens
1199 1486 3127 1726 mit recht im Vorhinein feindlichen Augen,
1197 1711 1522 1836 ansieht.
1236 1945 3115 2149 aber bitte, thu das nur, wenn es sich leicht
1226 2156 3103 2387 machen läßt, ohne die unbequem zu sein
1589 2452 2918 2651 Ich bin viesig neugierig auf
1236 2606 3002 2865 Samstag; mehr aus zusprechen verbietet
1221 2863 2151 3043 mir mein Überglaube,
1887 3115 2269 3322 herzliche
2248 3360 2844 3524 Dein alter
1204 3327 1772 3524 Verst. Neujahr
1916 3558 2911 3786 Hermann
