5051 4696
2702 958 3064 1128 16,10,06.
2295 966 2517 1148 142
1788 987 2230 1300 Bak
2087 1454 2668 1672 Lieber Arthur!
2090 1675 3303 1880 Ich sende Dir beiliegend einen kleinen
1815 1819 3238 2029 auf mit der trage, ob Du was dagegen Gast,
1817 1939 3303 2207 dass ich ihm, wenn er gedruckt wird, die folgende
1830 2087 2442 2268 Widmung vorsetze:
1805 2192 3238 2423 „In Erinnerung an meinen lieben Anatol“.
1805 2314 3286 2559 Wir ist nämlich folgendes passiert: Ich schrieb
1805 2479 3330 2660 den Akt " nach einer wahren Begebenheit" (worüber
1802 2622 3286 2842 gelegentlich einmal mündlich), eigentlich nur,
1811 2781 3349 2951 weil ich Spass an der weiblichen Ligur fand; nun
1823 2890 3343 3060 teilt mir Burckhard mit, dass es eigentlich das
1821 3008 3349 3217 Abschiedsonper ist, ich erschrickte, den Re nach und
