4514 4647
1538 1001 2878 1155 sehr tief mit dem Katholicismus
1526 1142 2932 1310 zusammenhängen scheint — worüber
1538 1285 2917 1473 Meldi um Jugo freilich Zeter mit
1545 1488 2903 1686 Mordir schreien würden. Pötze oder
1535 1668 2984 1892 der Herr Devio von der "Reichswehr
1538 1869 2955 2080 oder der Ton des Kikeriki - der
1522 2088 2961 2301 Sind leider Sachen, die an den Hof
1556 2315 2961 2500 Philipps gehören und die ich mir
1540 2521 2970 2717 großartig von Beleugnen gemalt.
1553 2737 2225 2894 denken könnte.
1685 2849 3067 3100 Einen guten Sommer wünscht die
2008 3067 2717 3237 herzlich Dein
2377 3199 2805 3326 Aermann.
