5112 4695
2850 487 3701 735 1 1/2 „ „ —„ —: —:
2513 535 2677 672 1 1/2
3789 1022 3986 1222 19.5.
3180 1074 3366 1258 150
1143 1291 2458 1398 Wünschen wurde, es wäre denn, daß der irgend ver¬
2935 1319 3399 1485 Lieber kettür!
1148 1390 2474 1528 Dringendes mit mir zu besprechen hättest, in welchen
2731 1493 3981 1628 benke schön bis den zweiten Breken, den
1148 1521 2474 1655 Falle ich natürlich die jeder Strade an jedem Tage
2729 1630 3913 1780 ich noch einige Zeit behalten möchte, er
1124 1669 1693 1766 für die bereit bin.
2741 1775 3986 1906 macht mir ein rühmliches Vergnügen!
1157 1787 2503 1963 Mit dem Herrlichsten Großen, mich an Frau Aage,
2950 1944 4015 2078 Der bist heffentlich nicht bis vor
1742 1985 2061 2099 Dein aise
2714 2068 4015 2213 wisverstehst es nicht, wenn ich bis Tage,
1852 2153 2330 2324 Reimann
2724 2239 4112 2403 da ich gerade in den Enfängen einer neue
2727 2415 4057 2576 Arbeit verke und daher, bei der lächerlichen
2736 2584 4045 2721 verrösen Angst, die ich dann immer habe,
2729 2731 4041 2885 ich könnte über Recht meine Gegenstand
2722 2914 4052 3064 wieder ergessen oder er konnte mir ent¬
2736 3088 3962 3218 werhen, bevor Deinen wie immer 2
2736 3254 3939 3525 lieben Besuch etwas Sinausgeschoben
