4489 4583
2526 1165 2693 1294 in ye
2196 1219 3636 1417 weiß ich xxx gewiß, daß die un¬
666 1274 2144 1434 niemals mehr wankend werden. Und
2200 1399 3652 1569 begreifliche Wuth, die ich noch meiner
670 1459 2077 1559 mir ist, frühere Dinge jetzt erst zu
2193 1605 3521 1769 ersten Begeisterung plötzlich auf
653 1623 1985 1798 verstehen, und ich rede mir ein
2198 1794 3669 1964 sie hatte, genau mit ihrer inneren
643 1838 2114 2017 zu meinen, daß, was ich einst ge¬
2189 1989 3611 2146 kirche zusammenfiel, aus welcher
645 2092 2058 2210 den dich einschunden habe, vielleicht
2189 2166 3650 2354 sie verwandelt emporstieg. Wäre
649 2277 2100 2485 auch nur eine freundschaftliche Un¬
2185 2456 3521 2578 ich d’Auennezir und würde mich
658 2524 2064 2668 geduld gewesen sein mag, den zu
2185 2664 3648 2837 kylisieren, so würde ich sagen:
658 2735 2208 2880 lange bei seiner Jugend Verweilende
2194 2826 3654 3032 Ich bin der Ehrgeiz meiner Freun¬
670 2943 2131 3128 schneller männlich werden zu sehen.
2212 3038 3554 3201 de  is sono l'orgoglio della
672 3170 1964 3359 In meinem Verhältnis zur diese
2214 3192 3446 3400 mia razza (was übrigens ganz
