4508 4650
1188 515 1388 727 17
1552 494 1954 751 '   ̃
658 1186 2151 1296 Kritisch möcht ich sagen: daß in dem Stück vielmehr angeschlagen
669 1340 2093 1448 und aufgeregt als zuletzt ausgelöst wird, was ich weniger
669 1433 2119 1559 problematisch als mit kalisch meine. für mein Gefühl ist
665 1584 2145 1693 des Stück aus, bevor es seine Stimmungsmotere naturge¬
669 1701 1701 1818 mäß hat aus: und ableichen lassen
688 1840 2069 1915 Prachtvoll für ich den Cession und bedaure mir, daß
690 1950 2019 2035 die blöden deutschen für solchen arglosen und rein
691 2069 2119 2175 sienlichen und deren künstlerisch reinen Hänner ein ein¬
693 2208 1381 2299 mal keine Organe habe
708 2307 2087 2415 Da ich mich sehr schlecht fühle, ist es möglich, das ich
699 2424 2121 2524 schon sehr bald hier weggehe, vielleicht nach Abbezia¬
703 2563 2041 2641 Jedenfalls lockt mich der Gedanke, ich ein April in
708 2690 1730 2783 Termina zu finden, sehr. Hoffentlich
725 2803 2097 2890 Grist dem Frau Braken, den stark von Reinhardt
717 2926 2134 3013 bekümmerten Tretisch und - ich war sehr froh, wenn
691 3043 1861 3160 „der „einsame Weg“ ein große Erholz wurde.
1349 3175 1582 3288 herzlichst
1599 3310 1967 3446 Aermann
2283 1409 2719 1526 Lieber Arthur!
2338 1645 3673 1766 Wir berührt natürlich der Fichtner am meister, in
2229 1771 3623 1894 welchem ich unheimlich viel von mir finde (meine
2240 1903 3645 1993 Sachen ließen sich kritich gar nicht besser bezeichnen
2249 2028 3671 2136 als damit das ich mich leider auch in ihnen sozugegen
2258 2121 3680 2238 mir vorüberzehend aufhielt). Ich verstehe auch das
2255 2262 3645 2383 hältnis Talina - Wegrath, ebenso das Julien - Eelix
2260 2403 3636 2489 so gut, während ich wie das Sala – Ickanne nicht
2270 2515 3610 2623 ganz erklären und mich darin nicht zurechtsinden
2270 2613 3645 2744 kann. Auß iedem mitzt sich jetzt bei mir Persönliches
2275 2757 3613 2853 in alles, so die Neugierde, die mich plagt, ob dabei
2283 2875 3680 2980 nicht vollkommen meinen herzustand hat wird wie der
2288 2974 3667 3102 Erzt dann ihnen Tag seinen Tod fast auf den Tag zu
2284 3145 3738 3217 wissen glauben kann - was sehr ältern von mir ist
3364 552 3615 708 V. R. W. & C.
4212 533 4320 669 1.1.bre
3007 535 3113 691 1741
2907 985 3054 1110 109
3299 1132 3546 1249 5.2.04
