5095 4712
2421 521 2791 738 [incompréhensible]
3423 493 3626 665 ...
938 546 1140 671 " "    "
3079 1435 4136 1637 Mit herzlichen Grüssen von
1159 1493 2538 1665 der Redaktion eine kurze nötig über die
2745 1544 4136 1756 uns beiden, auch an Deine liebe Frau,
1170 1645 2569 1842 Aufführung und Aufnahme angehängt
1159 1776 2590 1928 werde. Kann ich aber in kein rechtes inneres
3198 1811 3629 1957 Dein alter
1146 1899 2610 2080 Verhältnis dazu kommen, woran ja ebenso
3308 2029 3710 2184 Hermann
1159 2008 2611 2202 der Autor wie der Kritika schuld sein kann
3035 2131 3933 2292 viel zu veraus, wie selbst
1157 2135 2579 2361 so ist es uns beiden besser, wenn ich die Ge¬
3059 2303 3712 2427 Schreiber je komme
1159 2281 2573 2478 legenheit zu schweigen ausmitze, statt mich
1159 2434 2566 2595 um das Stück herum zu reden, was mir
1170 2502 2595 2714 je älter ich werde, nu mir im leidlicher wird.
1541 2650 2584 2820 Im November komme ich nur
1182 2778 2531 2979 auf ein paar Tage zurück, weil ich gleich
1162 2887 2579 3088 wieder an den Rhein, auf eine Vorlesungs¬
1146 3026 2555 3222 fournée muss. Aber nu Dezember wird es
1159 3185 2626 3352 uns dann doch einmal vergönnt sein, in
1173 3306 2136 3489 Rühe zu Euch zu kommen.
