4990 4712
727 517 1326 711 '1' 1' 1" 1'
1754 875 1967 984 Mch
2588 857 3227 1006 Sanswig Lider, Seite Triette,
2792 1001 3061 1063 14.6.14
2227 1149 2656 1258 Lieber Arthur!
1756 1305 3145 1425 an den Rekurs Burckhardt erinnern ich mich, weiß
1756 1439 3136 1545 aber gar nicht, ob ich ihn noch habe, ob er nicht
1742 1545 3140 1661 vielleicht noch irgendwo bei Bericht liegt. Nun ist das
1761 1663 3072 1743 Ungeschickte mir, daß ich erst Ende August wieder¬
1743 1779 3134 1887 nach Salzburg komme, meine Laden, u. lasten alle
1761 1926 3197 2039 erhevot sind und ich keinen Menschen in der Wohnung
1742 2023 3152 2169 habe, der frühen könnte. Wenn ich Anfang September
1724 2155 3134 2284 wieder lehnen bei, wie ich gleich einmal suchen.
1717 2257 2547 2368 Loffentlich sehr so lang Zeit.
1880 2390 3158 2520 die war deiner lieber Frau von uns Beiden
1767 2527 2519 2619 alles Schönste aus Beste?
2400 2656 2760 2771 Dein aller
2588 2839 2912 2930 Hermann
