4493 4649
1658 859 1775 1004 39
433 918 857 1074 „Die Zeit
470 1036 838 1127 Wiener Wochenschrift.
1993 1050 2170 1183 189 6
1183 1036 1835 1181 Wien, den 4. Sept.
536 1104 768 1169 Herausgeber:
1092 1132 1418 1251 IX/3, Günthergasse 1.
473 1146 845 1225 Professor Dr. J. Singer,
377 1202 927 1285 Hermann Bahr, Dr. Heinrich Kanner.
470 1299 845 1423 Telephon Nr. 6415.
768 1614 1423 1772 Lieber Artkur!
347 1828 2101 2000 Ich habe sehr bedauert, deinen lieben Be¬
328 2061 1332 2210 sich versetzt zu haben.
1411 2119 2121 2236 morgen kann ich
352 2333 2124 2468 Nachmittag nicht in der Redaction sein
349 2536 2208 2753 sondern wir von 12 bis ½ 2, Montag
338 2788 2163 2960 bin ich von 5 bis 6, Dienstag von
338 3046 2159 3302 4 bis 6 da. Wenn die mir aber tele¬
307 3328 2149 3537 schonienst, wann die zu Land bestimmt
389 3624 2152 3740 Alle für „Die Zeit“ bestimmten Zuschriften und Sendungen sind an die Redaction der „Zeit“
722 3714 1837 3854 und nicht an die Person eines der Herausgeber zu richten.
3309 529 3537 687 1,1
2294 1218 4164 1369 zu treffen wir, so komm ich zu Dir. Dank
2310 1476 4173 1584 eingereilen noch, ob du nicht ein feniketen
2308 1688 4180 1849 über Euer Zusammensein mit Peter Kan¬
2303 1938 4029 2115 ten Schreiben möchtest. Herzlichst grüßt
2964 2189 3260 2312 dem
3291 2413 4026 2599 Hermann
2296 2755 3488 2958 Herrn Dr Arthur Schaitsler
2652 2983 3696 3179 Wien Frankgasse 1.
