4471 4615
1926 760 2064 1001 53
399 903 849 1050 „Die Zeit“
455 1028 822 1107 Wiener Wochenschrift.
1988 1018 2165 1139 189
1151 1018 1779 1151 Wien, den 8. Juli
2298 1006 4086 1223 Lanerer; eventuea ließe er sich recht zu
514 1085 758 1159 Herausgeber:
1075 1124 1392 1262 IX/3, Günthergasse 1.
443 1127 809 1198 Professor Dr. I. Singer,
354 1166 910 1282 Hermann Bahr, Dr. Heinrich Kanner.
433 1274 831 1417 Telephon Nr. 6415.
2283 1264 4202 1459 beiden bereden. Es ist ihm sehr wichtig, ge¬
2276 1444 4244 1670 rade dich zu haben. Stelle deine Forderungen,
836 1476 1528 1688 Lieber Freund.
332 1680 2207 1850 Neumann - Lesers drängen nachgebend, der
2298 1683 4101 1867 ich Lebe neulich in den war Minuten dir
315 1882 2165 2064 mich noch immer mit dir plegt, frage
2276 1929 4197 2079 nicht so rück zureden können w. weiß nicht.
327 2118 2197 2258 ich noch einmal bei dir an, ob du dem
2268 2091 4157 2315 es ich dich in Ischl sehen werde. Ich bitte
310 2290 2160 2539 nicht doch irgendwie zu bestimmen wärst
2280 2362 4133 2588 nicht also brieflich, die die Sache doch nach
310 2561 2199 2760 einen Vertrag mit ihm einzugehen, der dich
2276 2608 4071 2802 einmal zu überlegen. Sie hat gewiss
303 2760 2170 2950 Für drei oder fünf Jahre an sein Theater
2258 2802 4123 3043 ihre Bedenken. Aber überlege xxx, ob sie
278 3023 2022 3193 findet. Ich habe dir schon jetzt: er
2266 3068 4236 3338 sich nicht so drehen läßt, daß sie die größten
288 3237 2079 3437 bietet die 12 % Tantienen an, oder
2261 3321 4239 3510 Vorzüge für dich Let. Suche die etwa Termin
285 3486 2182 3663 wenn du es verziehst, ein Einreichungs¬
2258 3486 4187 3796 wir, wie die sie sonst an keinem Theater
330 3658 2098 3742 Alle für „Die Zeit“ bestimmten Zuschriften und Sendungen sind an die Redaction der „Zeit“
664 3717 1786 3845 und nicht an die Person eines der Herausgeber zu richten.
