5055 4697
763 493 2712 688 1 1/1 r. p.s. v.... -.., -, -. - - -'- '1 - 'v. '1 '1
2938 999 3178 1120 "   2 56
2240 1016 2423 1152 137
2219 1183 2622 1317 lieber Arthur!
1779 1351 3234 1460 Miv hat der Intendant die Genehmigung für den „küf“
1784 1524 3239 1657 verweigert was aber nicht ausschließt (da es offenbar¬
1791 1674 3273 1798 nur so den Chiranen gehört, welche mich hinauschale sollen),
1779 1852 3198 1978 daß er ihn, wenn ich bis dahin meinen Vertrag gelöst
1779 2012 3142 2160 eben sollte, nach einem Berliner Erfolge heft gern
1793 2185 2126 2313 nehmen wir.
1976 2335 3018 2515 preiß selben vor Brakes herzlichs
1808 2534 3288 2700 soffentlich sehen wir uns denn doch endlich einmal
2435 2724 2702 2870 vielleicht
2559 2982 2933 3142 Hermann
