5018 4632
1818 1229 2426 1425 185 A. 1. 6. 28
1352 1376 1846 1470 lieber Arthur!
1399 1457 2342 1574 Vorliebsten Dank für. Denn mich
1388 1547 2433 1714 Herzlichst erfreuende Karte! Ich hatte
1388 1672 2408 1766 rer, die zu diesem omnösen Tag,
1387 1767 2467 1885 der mir am End auch noch bevorsteht,
1364 1838 2379 1992 nicht blos öffentlich, sondern auch
1370 1972 2455 2110 direkt zu sagen, ein welch wichtiger
1382 2072 2473 2188 Betil meines Levens dein Vorhanden,
1364 2157 2449 2308 beim ist: ein Reichtum. Aber es ging
1376 2261 2402 2393 leine besten Willen nicht. Aus zu¬
1363 2374 2414 2484 drücken, was ich wirklich empfinde,
1370 2458 2420 2582 war nie meine starke Seite war je
1376 2534 2396 2653 alter ich werde dest mehr kommt
1376 2635 2461 2779 mir collar, so bald es nur gesprochen werden,
1376 2758 1792 2863 verlesen zu.
1388 2834 2481 2928 Ich denke den Herzen Sommer (auster am 11.-13)
1376 2886 2467 2995 August, wo ich eine Sehburg, das am 27. - 30. August
1382 2964 2481 3042 er ich nach Heidelberg soll) hier sein was es wür¬
1399 3036 2461 3132 in eine große Freude, dich endlich wiederzohe.
1491 3103 2371 3240 herzlichst drei alter Germanis
3453 1217 3904 1419 9.2.21
3204 1234 3393 1376 184
2756 1245 3182 1459 lieber Arthur
2756 1418 3890 1547 Herzlichen Druck für Deinen lieben
2758 1528 3955 1672 Brief.! Aber, als er kann, war ein
2773 1639 3937 1778 für das Journal vom 20. bestimmter
2784 1758 3913 1907 Tagebuch schon abgegangen. Unter
2779 1852 3895 2009 irgend geht, hatt ich aber dennoch
2784 2005 3854 2110 der verehrten Männer v. Eines
2773 2121 3824 2234 lebensstags zu bedenken, wenn
2779 2235 3888 2360 auch nach Gertum. – Ich lebe jetzt
2741 2342 3919 2479 Deinen Namen, so oft — erinnerst
2797 2412 3931 2570 der dich denn, daß ich der erste war,
2797 2546 3864 2659 der "Reignen" öffentlich vorlesen
2797 2628 3925 2775 wollte, ja sogar bis zu körber selber
2779 2706 3876 2828 ging, um es durchzusetzen, bei der
2773 2803 3912 2937 angebens? — Ich nun sehr froh, dich
2797 2923 3912 3030 beir in einmal endlich wiederzusehen
2880 3007 3894 3127 Dich v. die beinen Feerlichst größend
3142 3080 3554 3188 ohne eller (m
