5138 4599
1242 1383 3844 1495 bestreiten sollten; nach einer Reihe von Jahren erhält meine
1242 1443 3854 1660 Frau als Pension ihren vollen Gehalt. An sie kam übrigens
1248 1571 3705 1795 auch ein Ruf an die Berliner Musikhochschule, den sie
1262 1693 3686 1910 natürlich ausschlug, weil Berlin noch weiter von ihrem
1271 1835 3765 2009 unvergestlichen Wien ist als München. Mir persönlich ist es
1285 1976 3860 2141 im Grunde wurscht, in welcher Stadt ich lebe, ich würde schließlich
1308 2088 3705 2263 auch auf dem Monde ganz gemütlich leben können. Es
1308 2200 3877 2355 fällt mir nur schwer meine Frau sich so von Sehnsucht nach
1334 2309 3709 2474 Wien verzehren zu sehen. Ich sprach vor einigen Jahren mit
1360 2411 3850 2539 dem Prälaten Seisel, den ich sehr lange kenne, über die Mög¬
1318 2483 3709 2638 lichkeit einer Berufung meiner Frau nach Wien, sei’s auch
1331 2592 3844 2727 nur in der Form, daß sie zwei Mal im Jahre, jedes Mal drei
1331 2675 3775 2813 Wochen, Lehrkurse an der Wiener „Hochschule“ und Akademie für
1341 2724 3952 2892 Musik und derstellende Kunst halten sollte. Seisel ließ mir dann sagen,
1327 2810 3976 2971 der betreffende Akt“ liege schon im Unterrichtsministerium. Dort liegt er offenbar
1331 2889 3185 3066 noch heute.“   Segens so heiter es das Leber in Wien!
2121 2889 3376 3106 Verzeih die lange Esistel Seinem Her¬
