4999 4696
1478 499 2035 776 3e, 4e, 5e, 7e, rue 4e et 4e rue
2151 503 3847 766 ..1.,.,,..., -,. -, -.. -. - - -'-
514 505 1371 757 'V:A:H:V:S' 'V:T'K:S:'
933 969 2200 1269 an der ich haben lang gebitter habe (Mannhes, was ich
2426 1176 3591 1294 nicht als ich seinals wird aussprechen können.
920 1299 2236 1434 jetzt ein „franzl“ nicht mehr weg mit diese bladhinnige
2424 1345 3758 1457 Sache leid tut mir, daß ich Samstag nicht zu Eich
903 1413 2229 1650 letzte Sache der „Exortels“ ist mit ihr) und von der ich
2409 1466 3794 1665 kommen kann, so weil ich Lusso vorzunehmen habe, nach
2424 1652 3826 1872 kommt zu kennen und 3 mit ich auch dort absagen
905 1637 2329 1825 mich nur durch wie erbitterte Anruhung meiner innersten
2417 1827 3807 1988 muß, weil ich 3 gerade jetzt, bei frohafter innerer
899 1842 2352 2026 Ingenikke frai gemacht habe - ganz frei freilig ist, mit
2409 2011 3744 2172 Genehmung (der Teufel soll den Betilich Solen, der
895 2068 2293 2246 ich mit dem Tode so vertraut hin, seit der Tor wirklich
2411 2221 3756 2375 Die schönsten Worte so beschmützt, da einem grauß,
912 2236 2284 2436 mein bester Freund geworden ist, der ungege nämlich,
2411 2390 3741 2565 hin anzurühren), unterlich in einem rechten bräch¬
901 2470 2259 2608 den ich mir noch wirklich verdienen will, aber über
2417 2599 3820 2758 einander betr, den ich nicht ändern kann aus nicht
895 2652 2297 2800 Dies alles einmal mündlich in einer guten Stunde
2422 2762 3824 2953 undere möchte, kann: so sehr ich mich wirklich schon,
922 2819 2223 3005 denn es ist tiefer, als sich so hinschreiben läßt.
2424 2963 3737 3132 wieder einmal ruhig bei Euch zu sitzen, jetzt
905 3012 2204 3181 viel „dieser als der Tag gedacht, Trißantief
2424 3124 3809 3299 gern die geht in den meisten Tagen leider nicht.
926 3219 2339 3496 wo der es jetzt im zweiter ällt, viel schöner leiden
