<?xml version="1.0" encoding="UTF-8" standalone="yes"?>
<PcGts xmlns="http://schema.primaresearch.org/PAGE/gts/pagecontent/2013-07-15" xmlns:xsi="http://www.w3.org/2001/XMLSchema-instance" xsi:schemaLocation="http://schema.primaresearch.org/PAGE/gts/pagecontent/2013-07-15 http://schema.primaresearch.org/PAGE/gts/pagecontent/2013-07-15/pagecontent.xsd">
    <Metadata>
        <Creator>prov=READ-COOP:name=TrHtr:version=2.1.0:model_id=51170:date=24_07_2023_22:26</Creator>
        <Created>2023-05-01T21:47:49.188+02:00</Created>
        <LastChange>2023-07-24T22:26:53.225+02:00</LastChange>
        <TranskribusMetadata docId="1416398" pageId="54944654" pageNr="44" tsid="130574759" status="IN_PROGRESS" userId="64420" imgUrl="https://files.transkribus.eu/Get?id=LPKTTQITKTWHZWTMIUTVMZDE&amp;fileType=view" xmlUrl="https://files.transkribus.eu/Get?id=GBCAMKHRUGQHKVHPPDOEUEQQ" imageId="44448740"/>
    </Metadata>
    <Page imageFilename="1416398_0044.jpg" imageWidth="4471" imageHeight="4615">
        <ReadingOrder>
            <OrderedGroup id="ro_1711833112961" caption="Regions reading order">
                <RegionRefIndexed index="0" regionRef="tr_1"/>
                <RegionRefIndexed index="1" regionRef="tr_2"/>
            </OrderedGroup>
        </ReadingOrder>
        <TextRegion id="tr_1" custom="readingOrder {index:0;}">
            <Coords points="307,866 4185,866 4185,2571 307,2571"/>
            <TextLine id="tr_1_tl_1" custom="readingOrder {index:0;}">
                <Coords points="1949,970 1961,970 1968,979 1996,970 2011,975 2034,961 2055,970 2072,965 2079,864 2048,855 2039,843 2027,848 2013,839 2003,841 1987,857 1971,846 1959,846"/>
                <Baseline points="1967,919 1991,925 2035,919 2080,916"/>
                <TextEquiv>
                    <Unicode>50</Unicode>
                </TextEquiv>
            </TextLine>
            <TextLine id="tr_1_tl_2" custom="readingOrder {index:1;}">
                <Coords points="444,1048 484,1048 531,1017 599,1029 655,1001 693,1015 733,1003 796,1019 864,1010 904,996 909,935 853,916 759,932 726,911 679,940 646,942 580,911 528,937 449,928"/>
                <Baseline points="459,1008 465,1011 510,1003 555,1000 600,1000 644,1000 689,997 734,997 779,994 823,994 868,988 913,976"/>
                <TextEquiv>
                    <Unicode>„Die Zeit“</Unicode>
                </TextEquiv>
            </TextLine>
            <TextLine id="tr_1_tl_3" custom="readingOrder {index:2;}">
                <Coords points="500,1102 526,1087 559,1104 611,1064 648,1076 688,1062 742,1066 820,1099 862,1080 862,1022 806,1029 773,1003 686,1031 660,1015 627,1031 500,1015"/>
                <Baseline points="513,1056 555,1059 600,1059 644,1056 689,1056 734,1056 779,1056 823,1056 868,1053"/>
                <TextEquiv>
                    <Unicode>Wiener Wochenschrift.</Unicode>
                </TextEquiv>
            </TextLine>
            <TextLine id="tr_1_tl_4" custom="readingOrder {index:3;}">
                <Coords points="1193,1127 1428,1109 1630,1191 1818,1134 1947,1200 2213,1188 2196,998 1947,1057 1731,1019 1654,1066 1557,1031 1506,1071 1191,1029"/>
                <Baseline points="1203,1101 1247,1101 1292,1101 1337,1104 1382,1104 1426,1101 1471,1101 1516,1098 1561,1095 1605,1092 1650,1086 1695,1092 1740,1092 1785,1095 1829,1095 1874,1098 1919,1098 1964,1101 2008,1101 2053,1104 2098,1107 2143,1107 2188,1110 2214,1116"/>
                <TextEquiv>
                    <Unicode>Wien, den 23. Dezember 1896</Unicode>
                </TextEquiv>
            </TextLine>
            <TextLine id="tr_1_tl_5" custom="readingOrder {index:4;}">
                <Coords points="552,1132 573,1137 644,1125 676,1141 716,1127 730,1134 745,1123 799,1127 799,1090 766,1087 730,1066 702,1085 672,1066 655,1083 632,1080 618,1090 606,1078 578,1090 554,1085"/>
                <Baseline points="567,1119 579,1116 623,1116 668,1116 713,1116 758,1113 802,1113"/>
                <TextEquiv>
                    <Unicode>Herausgeber:</Unicode>
                </TextEquiv>
            </TextLine>
            <TextLine id="tr_1_tl_6" custom="readingOrder {index:5;}">
                <Coords points="1109,1191 1144,1188 1184,1219 1228,1221 1301,1259 1416,1233 1444,1238 1442,1111 1315,1125 1285,1111 1224,1118 1163,1092 1109,1099"/>
                <Baseline points="1122,1146 1167,1152 1211,1152 1256,1152 1301,1152 1346,1155 1391,1152 1435,1152 1447,1149"/>
                <TextEquiv>
                    <Unicode>IX/3, Günthergasse 1.</Unicode>
                </TextEquiv>
            </TextLine>
            <TextLine id="tr_1_tl_7" custom="readingOrder {index:6;}">
                <Coords points="489,1184 531,1172 646,1184 658,1172 850,1177 850,1125 815,1116 792,1130 763,1134 745,1123 691,1139 622,1123 533,1139 489,1123"/>
                <Baseline points="501,1164 546,1164 591,1164 635,1164 680,1164 725,1164 770,1164 814,1164 856,1164"/>
                <TextEquiv>
                    <Unicode>Professor Dr. J. Singer,</Unicode>
                </TextEquiv>
            </TextLine>
            <TextLine id="tr_1_tl_8" custom="readingOrder {index:7;}">
                <Coords points="397,1228 498,1257 655,1221 777,1240 796,1221 848,1226 951,1252 951,1167 632,1184 397,1160"/>
                <Baseline points="411,1208 420,1208 465,1208 510,1205 555,1208 600,1208 644,1208 689,1205 734,1208 779,1205 823,1205 868,1205 913,1203 958,1205"/>
                <TextEquiv>
                    <Unicode>Hermann Bahr, Dr. Heinrich Kanner.</Unicode>
                </TextEquiv>
            </TextLine>
            <TextLine id="tr_1_tl_9" custom="readingOrder {index:8;}">
                <Coords points="2360,1336 2919,1271 3063,1327 3946,1334 3946,1177 3429,1214 3208,1174 2776,1203 2659,1259 2360,1193"/>
                <Baseline points="2373,1271 2417,1268 2462,1274 2507,1274 2552,1280 2597,1280 2641,1280 2686,1280 2731,1280 2776,1280 2820,1277 2865,1277 2910,1277 2955,1277 3000,1277 3044,1274 3089,1274 3134,1274 3179,1271 3223,1268 3268,1268 3313,1265 3358,1265 3403,1271 3447,1271 3492,1271 3537,1271 3582,1274 3626,1277 3671,1277 3716,1280 3761,1280 3806,1283 3850,1283 3895,1283 3940,1283 3952,1280"/>
                <TextEquiv>
                    <Unicode>Geschent für die „Zeit“ gegeben het.</Unicode>
                </TextEquiv>
            </TextLine>
            <TextLine id="tr_1_tl_10" custom="readingOrder {index:9;}">
                <Coords points="479,1388 601,1421 648,1412 681,1435 705,1421 747,1437 777,1421 876,1426 876,1280 829,1261 813,1271 735,1252 669,1282 543,1259 479,1273"/>
                <Baseline points="492,1307 537,1310 582,1310 626,1310 671,1310 716,1310 761,1310 805,1310 850,1310 883,1310"/>
                <TextEquiv>
                    <Unicode>Telephon Nr. 6415.</Unicode>
                </TextEquiv>
            </TextLine>
            <TextLine id="tr_1_tl_11" custom="readingOrder {index:10;}">
                <Coords points="2365,1513 2739,1602 2974,1517 4171,1560 4169,1440 4115,1423 3587,1501 3406,1423 2523,1466 2363,1416"/>
                <Baseline points="2379,1504 2423,1507 2468,1510 2513,1513 2558,1519 2603,1519 2647,1516 2692,1519 2737,1519 2782,1519 2826,1516 2871,1516 2916,1516 2961,1516 3006,1510 3050,1510 3095,1510 3140,1510 3185,1507 3229,1510 3274,1510 3319,1510 3364,1513 3409,1513 3453,1516 3498,1516 3543,1516 3588,1516 3632,1516 3677,1510 3722,1507 3767,1513 3812,1519 3856,1522 3901,1525 3946,1528 3991,1531 4035,1531 4080,1531 4125,1528 4170,1528 4176,1531"/>
                <TextEquiv>
                    <Unicode>die w schon in der Druckerei, Montag Dr</Unicode>
                </TextEquiv>
            </TextLine>
            <TextLine id="tr_1_tl_12" custom="readingOrder {index:11;}">
                <Coords points="857,1527 1043,1550 1090,1531 1170,1578 1205,1557 1228,1576 1280,1560 1327,1576 1442,1543 1440,1489 1407,1501 1294,1444 1233,1461 1181,1449 1076,1491 977,1447 855,1475"/>
                <Baseline points="868,1510 913,1519 958,1525 1003,1528 1047,1531 1092,1528 1137,1528 1182,1525 1226,1528 1271,1528 1316,1528 1361,1531 1405,1531 1447,1531"/>
                <TextEquiv>
                    <Unicode>Lieber Artkür!</Unicode>
                </TextEquiv>
            </TextLine>
            <TextLine id="tr_1_tl_13" custom="readingOrder {index:12;}">
                <Coords points="357,1738 2180,1757 2177,1705 1764,1637 1365,1630 1193,1698 1057,1632 355,1646"/>
                <Baseline points="367,1722 411,1713 456,1713 501,1710 546,1716 591,1719 635,1719 680,1719 725,1719 770,1719 814,1719 859,1719 904,1722 949,1713 994,1713 1038,1716 1083,1719 1128,1719 1173,1722 1217,1722 1262,1725 1307,1725 1352,1722 1397,1722 1441,1722 1486,1725 1531,1722 1576,1722 1620,1722 1665,1725 1710,1728 1755,1731 1800,1734 1844,1737 1889,1740 1934,1743 1979,1746 2023,1743 2068,1743 2113,1746 2158,1746 2185,1749"/>
                <TextEquiv>
                    <Unicode>In aller Eile, mitten zwischen Contractüren ein</Unicode>
                </TextEquiv>
            </TextLine>
            <TextLine id="tr_1_tl_14" custom="readingOrder {index:13;}">
                <Coords points="2351,1778 2518,1839 2656,1759 2997,1839 3918,1783 4183,1860 4181,1715 4033,1689 2351,1705"/>
                <Baseline points="2364,1728 2408,1737 2453,1743 2498,1746 2543,1752 2588,1752 2632,1752 2677,1749 2722,1752 2767,1755 2811,1755 2856,1758 2901,1758 2946,1761 2991,1764 3035,1764 3080,1761 3125,1761 3170,1761 3214,1755 3259,1755 3304,1755 3349,1758 3394,1758 3438,1758 3483,1758 3528,1758 3573,1755 3617,1758 3662,1761 3707,1764 3752,1770 3797,1773 3841,1773 3886,1773 3931,1779 3976,1776 4020,1776 4065,1779 4110,1782 4155,1782 4185,1782"/>
                <TextEquiv>
                    <Unicode>die die Conrectur, an ihr kannet die noch</Unicode>
                </TextEquiv>
            </TextLine>
            <TextLine id="tr_1_tl_15" custom="readingOrder {index:14;}">
                <Coords points="352,1961 2166,2006 2163,1924 2076,1914 970,1884 857,1931 348,1851"/>
                <Baseline points="364,1925 408,1928 453,1931 498,1934 543,1937 588,1940 632,1943 677,1946 722,1949 767,1949 811,1949 856,1946 901,1943 946,1943 991,1949 1035,1949 1080,1958 1125,1958 1170,1958 1214,1955 1259,1955 1304,1958 1349,1955 1394,1958 1438,1961 1483,1964 1528,1964 1573,1961 1617,1964 1662,1967 1707,1967 1752,1973 1797,1973 1841,1979 1886,1979 1931,1985 1976,1988 2020,1988 2065,1988 2110,1991 2155,1988 2170,1991"/>
                <TextEquiv>
                    <Unicode>Schreibereien, möchte ich dir mir geschwind</Unicode>
                </TextEquiv>
            </TextLine>
            <TextLine id="tr_1_tl_16" custom="readingOrder {index:15;}">
                <Coords points="2339,2013 2445,2006 2530,2053 2631,2013 2875,2065 3063,2015 3420,2074 3582,2043 3579,1959 3277,1919 3213,1971 2969,1905 2814,1980 2631,1942 2527,1978 2450,1938 2337,1973"/>
                <Baseline points="2352,2008 2397,2006 2441,2006 2486,2006 2531,2008 2576,2011 2620,2008 2665,2008 2710,2008 2755,2008 2800,2006 2844,1997 2889,1994 2934,1997 2979,2003 3023,2006 3068,2008 3113,2008 3158,2011 3203,2008 3247,2008 3292,2011 3337,2014 3382,2017 3426,2017 3471,2020 3516,2020 3561,2023 3585,2026"/>
                <TextEquiv>
                    <Unicode>gang nach Laine ändern.</Unicode>
                </TextEquiv>
            </TextLine>
            <TextLine id="tr_1_tl_17" custom="readingOrder {index:16;}">
                <Coords points="317,2201 975,2227 1184,2302 1574,2236 2191,2288 2156,2182 1715,2163 1628,2213 1266,2137 794,2114 625,2184 315,2140"/>
                <Baseline points="331,2173 376,2176 420,2182 465,2188 510,2191 555,2197 600,2200 644,2200 689,2200 734,2203 779,2203 823,2200 868,2197 913,2203 958,2203 1003,2203 1047,2206 1092,2208 1137,2211 1182,2214 1226,2217 1271,2220 1316,2220 1361,2220 1405,2223 1450,2223 1495,2223 1540,2229 1585,2229 1629,2232 1674,2232 1719,2232 1764,2238 1808,2244 1853,2250 1898,2253 1943,2259 1988,2259 2032,2262 2077,2268 2122,2268 2167,2271 2197,2277"/>
                <TextEquiv>
                    <Unicode>sagen, daß ich die „Frau der Weisen“ ge¬</Unicode>
                </TextEquiv>
            </TextLine>
            <TextLine id="tr_1_tl_18" custom="readingOrder {index:17;}">
                <Coords points="2992,2281 3051,2267 3105,2274 3152,2245 3197,2274 3248,2259 3307,2290 3338,2285 3363,2262 3396,2267 3392,2170 3338,2189 3286,2161 3272,2175 3232,2151 3204,2166 3171,2135 3091,2123 3035,2166 2985,2166"/>
                <Baseline points="3003,2220 3047,2220 3092,2223 3137,2226 3182,2232 3226,2232 3271,2235 3316,2238 3361,2244 3403,2247"/>
                <TextEquiv>
                    <Unicode>ferreichs</Unicode>
                </TextEquiv>
            </TextLine>
            <TextLine id="tr_1_tl_19" custom="readingOrder {index:18;}">
                <Coords points="3237,2523 3267,2525 3286,2511 3314,2530 3321,2518 3340,2523 3403,2487 3441,2478 3455,2487 3507,2464 3530,2469 3523,2386 3481,2391 3441,2419 3309,2384 3230,2405"/>
                <Baseline points="3244,2438 3289,2438 3334,2444 3379,2450 3423,2453 3468,2453 3513,2456 3537,2456"/>
                <TextEquiv>
                    <Unicode>Dein</Unicode>
                </TextEquiv>
            </TextLine>
            <TextLine id="tr_1_tl_20" custom="readingOrder {index:19;}">
                <Coords points="298,2562 683,2487 904,2546 2182,2567 2175,2473 2093,2461 1529,2499 291,2431"/>
                <Baseline points="307,2459 352,2462 397,2468 441,2471 486,2474 531,2474 576,2477 620,2480 665,2483 710,2486 755,2489 800,2489 844,2489 889,2489 934,2495 979,2495 1023,2498 1068,2501 1113,2504 1158,2504 1203,2507 1247,2507 1292,2510 1337,2513 1382,2516 1426,2516 1471,2522 1516,2525 1561,2528 1605,2531 1650,2531 1695,2531 1740,2534 1785,2537 1829,2540 1874,2540 1919,2543 1964,2549 2008,2552 2053,2558 2098,2561 2143,2558 2185,2558"/>
                <TextEquiv>
                    <Unicode>Vern Abends sofort gelesen und von ihr</Unicode>
                </TextEquiv>
            </TextLine>
        </TextRegion>
        <TextRegion id="tr_2" custom="readingOrder {index:1;}">
            <Coords points="307,2702 2179,2702 2179,3759 307,3759"/>
            <TextLine id="tr_2_tl_1" custom="readingOrder {index:0;}">
                <Coords points="317,2818 918,2783 2168,2896 2163,2783 2086,2764 1527,2781 1381,2725 1165,2776 916,2696 768,2753 686,2699 538,2750 310,2696"/>
                <Baseline points="325,2752 370,2758 414,2761 459,2764 504,2767 549,2767 594,2770 638,2773 683,2776 728,2779 773,2782 817,2785 862,2785 907,2785 952,2788 997,2791 1041,2791 1086,2794 1131,2797 1176,2800 1220,2800 1265,2800 1310,2803 1355,2806 1400,2806 1444,2809 1489,2811 1534,2814 1579,2817 1623,2817 1668,2820 1713,2823 1758,2823 1803,2829 1847,2835 1892,2838 1937,2841 1982,2847 2026,2850 2071,2853 2116,2856 2161,2859 2173,2862"/>
                <TextEquiv>
                    <Unicode>eine wirklich schöne und meine Wicherung</Unicode>
                </TextEquiv>
            </TextLine>
            <TextLine id="tr_2_tl_2" custom="readingOrder {index:1;}">
                <Coords points="294,3053 2173,3147 2170,3065 2107,3049 1902,3079 1670,3011 1416,3065 1287,2990 841,3030 465,2948 291,2978"/>
                <Baseline points="307,3032 352,3032 397,3038 441,3041 486,3044 531,3047 576,3047 620,3053 665,3056 710,3056 755,3056 800,3059 844,3059 889,3059 934,3062 979,3065 1023,3065 1068,3068 1113,3071 1158,3071 1203,3074 1247,3080 1292,3083 1337,3086 1382,3089 1426,3086 1471,3089 1516,3092 1561,3086 1605,3092 1650,3095 1695,3101 1740,3101 1785,3104 1829,3110 1874,3113 1919,3116 1964,3119 2008,3125 2053,3128 2098,3131 2143,3137 2179,3140"/>
                <TextEquiv>
                    <Unicode>gehabt habe. Nun kann ich dir erst recht</Unicode>
                </TextEquiv>
            </TextLine>
            <TextLine id="tr_2_tl_3" custom="readingOrder {index:2;}">
                <Coords points="310,3396 831,3410 895,3354 2126,3448 2121,3385 1881,3380 1722,3288 1623,3333 1090,3314 911,3248 700,3248 629,3307 303,3269"/>
                <Baseline points="319,3310 364,3316 408,3322 453,3328 498,3331 543,3331 588,3334 632,3334 677,3337 722,3343 767,3340 811,3346 856,3346 901,3346 946,3349 991,3352 1035,3355 1080,3352 1125,3355 1170,3361 1214,3367 1259,3370 1304,3370 1349,3373 1394,3376 1438,3382 1483,3385 1528,3388 1573,3394 1617,3397 1662,3397 1707,3397 1752,3400 1797,3406 1841,3409 1886,3414 1931,3417 1976,3420 2020,3423 2065,3426 2110,3426 2128,3426"/>
                <TextEquiv>
                    <Unicode>danken, daß die mir ein so theures</Unicode>
                </TextEquiv>
            </TextLine>
            <TextLine id="tr_2_tl_4" custom="readingOrder {index:3;}">
                <Coords points="366,3695 2137,3730 2137,3615 2079,3591 1780,3650 1595,3605 1480,3648 1311,3582 860,3650 366,3605"/>
                <Baseline points="379,3692 394,3692 438,3692 483,3695 528,3695 573,3695 617,3695 662,3695 707,3692 752,3692 797,3692 841,3692 886,3692 931,3692 976,3692 1020,3692 1065,3692 1110,3692 1155,3692 1200,3692 1244,3692 1289,3692 1334,3692 1379,3692 1423,3692 1468,3692 1513,3692 1558,3692 1603,3692 1647,3692 1692,3689 1737,3692 1782,3692 1826,3692 1871,3695 1916,3695 1961,3695 2006,3695 2050,3695 2095,3692 2140,3680"/>
                <TextEquiv>
                    <Unicode>Alle für „Die Zeit“ bestimmten Zuschriften und Sendungen sind an die Redaction der „Zeit“</Unicode>
                </TextEquiv>
            </TextLine>
            <TextLine id="tr_2_tl_5" custom="readingOrder {index:4;}">
                <Coords points="700,3758 864,3819 979,3774 1163,3826 1264,3772 1468,3831 1646,3791 1813,3810 1811,3702 1778,3697 698,3697"/>
                <Baseline points="713,3743 758,3746 802,3746 847,3746 892,3746 937,3746 982,3746 1026,3746 1071,3746 1116,3746 1161,3746 1205,3746 1250,3743 1295,3746 1340,3746 1385,3746 1429,3746 1474,3746 1519,3749 1564,3746 1608,3746 1653,3749 1698,3749 1743,3749 1788,3746 1820,3749"/>
                <TextEquiv>
                    <Unicode>und nicht an die Person eines der Herausgeber zu richten.</Unicode>
                </TextEquiv>
            </TextLine>
        </TextRegion>
    </Page>
</PcGts>
