5067 4648
1793 521 2921 713 ................. V.,,.....
3286 535 3637 666 V.... 4
897 542 1115 700 1/1 „ „
2428 1103 3104 1245 182 d 25.1.18
1951 1278 3044 1382 Vergleiten dank, lieber Artkur, für
1951 1389 3032 1508 denen lieben Brief – Fraw Meing
1957 1502 3097 1612 verhier aus immer Curen ersehnten
1950 1599 3086 1727 Besuch an wir werkten den ganzen
1962 1749 3079 1823 Sommer nicht Euch, leider vergeblich.
1981 1855 2995 1958 So bald ich in Wien bin, melde
1955 1954 3030 2043 ich mich bei Dir, ein gleich in der
1957 2059 3020 2192 ersten Tagen einmal zu Dir zu
1974 2188 3049 2308 kommen. Bis daher (wo wir dem
1979 2322 3044 2427 auch über deiner Musiker sprechen)
1975 2417 3043 2525 mit den herzlichsten Gensten an uns
1978 2528 3073 2684 beiden an dich und Deine liebe Frau
2343 2677 2506 2751 Dein
2522 2772 2726 2863 alter
