4263 4632
1619 760 1731 904 35
317 806 754 955 „Die Zeit“
363 929 717 1019 Wiener Wochenschrift.
1012 927 1608 1067 Wien, den 5. Febr.
1816 941 1978 1057 189
416 996 678 1073 Herausgeber:
934 1023 1267 1110 IX/3, Günthergasse 1.
354 1053 729 1126 Professor Dr. I. Singer,
2220 1030 4051 1181 Direktionsrath gleich nach der Generalversammlung
260 1101 818 1190 Hermann Bahr, Dr. Heinrich Kanner.
343 1194 731 1329 Telephon Nr. 6415
2222 1236 4026 1443 beantragen wird. Vorher will er es nicht, weil
662 1418 1238 1558 Lieber Arthur!
2231 1441 3933 1553 einer der Hauptpunkte gegen Müller die
279 1619 2007 1743 Vor allein meine herzlichsten und wärmsten
2220 1669 4047 1770 Überladung der Theaters mit schon aufgeführten
256 1795 1921 1953 Glückwünsche Dazu, daß der eine mich in
2215 1843 2645 1959 Stücken ist.
253 2028 2039 2197 Berlie denselben großen Erfolg gehabt hast.
2809 2003 3122 2142 herzlich
276 2199 763 2329 wie übernte
3056 2192 3693 2382 Dein treuer
265 2371 2067 2524 ferner theile ich dir mit, das Langkammer
3069 2492 3985 2677 Hermanick,
253 2553 1987 2720 für das „Märchen“ begeistert ist, bei der
242 2802 2037 2932 einen Fekung (ein einiger geringfägigen
251 2964 2044 3152 Genderrungen) einen Erfolg für täter helt
233 3179 1916 3330 und die Aufführung der Rückes beim
288 3471 2023 3709 Alle für „Die Zeit“ bestimmten Inschriften und Sendungen sind an die Redaction der „Zeit“
614 3638 1711 3743 und nicht an die Person eines der Herausgeber zu richten
