4514 4647
1122 523 1334 713 „ „ —: —
2951 521 3576 802 1 „ „ —„ —: —:
1952 523 2073 699 G.C.P.
2342 523 2693 765 Votre très-hier.
697 541 853 774 1/4
1843 850 1964 1009 60
437 997 869 1127 „Die Zeit“
467 1104 839 1176 Wiener Wochenschrift.
1146 1094 2145 1232 Wien, den 2. September 1890 8
530 1157 785 1229 Herausgeber:
1053 1192 1392 1276 IX/3, Günthergasse 1.
465 1208 848 1271 Professor Dr. J. Singer,
372 1253 941 1343 Hermann Bahr, Dr. Heinrich Kanner.
2296 1292 4036 1408 mit einer kleinen Sache von dir (noch lieber
467 1334 857 1436 Telephon Nr. 6415.
2294 1531 4106 1675 mit einer großen) anfangen xxx konnte.
809 1729 1529 1852 Lieber Freund!
2298 1785 4076 1919 darüber u. noch anderes möcht ich mit
360 1940 1971 2110 Wo bist du eigentlich? Ich möchte zu
2284 2008 4125 2180 die reden. Also daß mich, bitte, wissen,
349 2235 2140 2354 der kommen, unterlich wieder wegen
2296 2301 3474 2433 wenn die wieder da bist
337 2489 2059 2640 Neumanhofer, 2 weil ich sehr traurig
2744 2535 3156 2730 herrlichs
3179 2768 3823 2881 Dein alter
314 2768 2063 2912 bin, das der mir niemals Houten
309 3039 2059 3209 etwas sei die "Zeit" schickst. Ich
3188 3044 4039 3435 Vermauersamt
314 3318 2182 3481 wäre sehr froh, wenn ich das eine Quartal
2294 3453 3495 3634 Herrn Dr Arthur Schnitzler
2545 3627 3488 3781 Wien X franhy asse 1
381 3681 2138 3804 Alle für „Die Zeit“ bestimmten Zuschriften und Sendungen sind an die Redaction der
423 3753 2084 3848 „Zeit“ und nicht an die Person eines der Herausgeber oder Mitarbeiter zu richten.
2656 3795 3469 3927 Bitte nachsenden
