4489 4647
2218 546 2542 720 Votre â¢ nommé toutes les mains
2893 554 3684 749 1: 9: 9; 9: 4: 4; 1:
485 550 1815 768 1 4 1/2 1/4 „ 4 „ „ 9 „
2275 847 2963 1098 (vt Marj St)
1996 1168 2458 1362 lieber Artkur,
1542 1358 2919 1474 sehr gern rech mit großer Freude schreibe ich
1542 1533 2900 1657 über den Reigen, nur natürlich so bald als
1552 1714 2989 1830 mir irgend möglich. Wenn das weiß ich freilich
1555 1882 2985 2020 nicht und bitte dich, damit nicht irgend eine Ver¬
1526 1996 3015 2220 Bewerung heraus nicht, folgender zu bedenken. Ich
1553 2232 2976 2426 nicht diese Woche sehr mal ins Zenten gehen vor
1544 2452 3017 2594 soll drei frücketens schreiben, „die diese“, “lälter
1541 2660 3011 2801 pennols, „Braut von Messina“, v. eigentlich auf
1568 2847 3028 3031 noch eins über die „Seekion“. Der hast aber keine
1579 3037 2948 3225 Ahnung, wie mich der Theaterbuch jetzt erfragt
1607 3188 2880 3363 r. wie regierung mich die meinigste Erbeit
