5065 4696
539 518 1173 748 1. März, 1 " 9. "
1250 1131 1421 1268 s. d.
741 1122 915 1338 119
1254 1282 1503 1449 907
576 1403 987 1528 Lieber Arthur!
239 1524 1614 1732 Mit war füngeben wir, sich verfals er haben. Haßt
253 1732 1596 1877 es dir, wenn ich dich Sonntag gegen hieben ab,
232 1888 1644 2014 sols? Ich will Margueillay go sattan wir konnten
227 2043 1405 2206 dene zusammen, wo bei willst, scripieren.
227 2218 1544 2359 tetes sind ich Dir den Abzug einer Arbeit, die
227 2385 1593 2513 er in September oder October erscheint. daß der
218 2576 1623 2712 Zeit mir hieß sie die gelegentlich an, so möchte
227 2757 1633 2903 ich sein Güter einmal kein Urteil darüber haben.
200 2938 1591 3072 u ist möglich, daß ich den Abzug nach einmal,
204 3116 1358 3249 dern in zwölf Jager, brauchen werde.
378 3249 1507 3388 Verzeih die Inst, mir gehts gar nicht
369 3386 636 3576 sp seit
862 3398 1117 3502 herzlichst
648 3455 1626 3586 mit einer Gärsten in Wien für H.
2677 502 3028 732 V. v. überallen.
2234 530 2466 699 :1.
4080 1063 4248 1212 118
2462 1103 2652 1270 120
3904 1305 4327 1500 lieber Artkur!
1985 1452 3221 1556 Bitte, lieber Cottur, schreib mir auf der angebogenen
3527 1430 4895 1579 Wenn einige Zeit rang in mein muß Stück verloren
2002 1575 3242 1721 Karte die genaue Adresse es Or Stefan Epotia, dem
3527 1609 4865 1765 erneben, es ist fertig ist. Eine heiß es, da du
2020 1726 3284 1858 ich auf eine Anfrage nach Secret - Brief geantwortet
3539 1746 4877 1870 auch heißen aus. Wie doch ich morgen auf nicht
2002 1872 3163 2013 sehr, was es aber nicht bekommen zu sehen schreib.
3542 1879 4907 2021 oder zehn Tage auch Salzburg, Begrath, bünchen.
2006 2018 2696 2134 kein für seeliges goustens,
3542 2011 4865 2155 zurück, die ich mich gleich bei dir melden, von
3551 2137 4861 2355 wolig wieder einmal mit der zu kann, wonach
2617 2188 2940 2290 Dein aller
3539 2308 4278 2501 schon sehr verlangt keinen
3614 2473 4879 2631 ich nur eine liebe Frau herzlichst verstanden
4266 2664 4649 2752 Nermann
