4568 4551
746 1329 2015 1495 auch meiner nächten Freunde weder
2157 1382 3518 1558 2) daß in Wien am deutschen Volks¬
737 1539 2015 1696 kenne noch mir darüber Gedanken
2189 1558 3537 1752 heater noch "Neuerinnen" weiter
733 1750 2002 1949 mache, weil es mich gar nicht in
2161 1808 3562 1972 begeben wurde, daß aber der eigentliche
705 1951 1054 2089 terekiert.
2134 1974 3553 2182 Zug dieses im Oktater 1900 zum ersten
719 2166 1974 2381 Übrigens theile ich dir der Wahrheit
2156 2228 3520 2443 mal aufgeführten Rücker im seiner
696 2401 1937 2596 gemäß mit: 1) daß in der Zeit
2143 2432 3135 2612 1901 bereits verüber war.
696 2623 2069 2809 am 1. Januar. bis zum 31. December
2131 2619 3488 2864 3) daß in Wien am Bürgtheater der
689 2839 1965 3014 901 überhaupt kein Stück von
2143 2852 3553 3113 4 Epastol im November und dezember
698 3076 2002 3268 wie in Berlin aufgeführt wurde
2156 3095 3361 3296 19 01 zehn Mus gegeben, die
