4967 4712
2876 511 3252 660 jusqu'a l'a fois une
890 513 1081 653 1,1
3380 520 3808 770 V. P. v. Männerin verh.
1212 1435 2657 1646 hat mir ein im fehlbares Mittel gegen
1223 1588 2626 1795 die Gicht versprochen, das ich dringend
1218 1705 2657 1905 brauche und er mir sicher nicht schickt;
1207 1865 2621 2061 so lang ich mich nicht besonders um ihn
1193 1991 2596 2175 verdient gemacht habe. Und: hast Du
1212 2097 2590 2315 vielleicht eine neue kurze, womöglich
1200 2234 2542 2450 lustige Hovelle? Ich soll hier für die
1207 2389 2565 2567 freie Schule vorlesen und möchte was
1207 2502 2639 2716 von Dir. Entschuldige, dass ich diktiere:
1212 2628 2621 2858 ich bin totmund, in grosser Fast und
1189 2784 2560 2977 eben auf den terminierung abreisend.
1497 2928 2603 3144 Herzlichst mit den schönsten
1187 3052 2277 3254 Grüssen an Frau und Kinder
1565 3218 1959 3346 Demalter
1759 3355 2252 3526 Hermann Baty
