4523 4584
2925 759 3054 877 85
1413 813 2808 1001 Redaktion des Neuen Wiener Tagblatt
1573 968 2648 1057 WIEN. I., ROTHENTHURMSTRASSE, STEXRERHOF.
1390 1005 2850 1177 Telegramm-Adresse: Tagblatt, Steyzerhof, Wien. — Telephon Nr. 284, Staatz-Telephon nr. 36.
2625 1200 2759 1355 2/2
2852 1195 3077 1402 902
1845 1352 2407 1495 Lieber Arthur!
1343 1577 2960 1751 Eben erfahre ich von meinem Sendbchen, der bei
1357 1755 1828 1866 Schleather war
1315 1985 3077 2142 I Sänifler bekommt den Eviaperzerprais nicht
1287 2201 3124 2409 2) Schliebte bezeichnet es als abselich talsch, wenn
1341 2452 2984 2609 mane meine, Schnitzler sei für die Geistl
1331 2634 2965 2857 Affaire bürgtsanterunfähig geworden; diese
1312 2850 3009 3101 Artsassung bestehe weder in der Intendenz
1324 3110 3082 3316 erg bei ihm selbst; die „Letendigen Stunden“
1317 3312 2168 3473 kenne er bei der nicht
1296 3492 3183 3759 Nach Jahre in einer Stunde etc. Verlag bis, bis
