5042 4712
1498 962 2471 1233 144 Berlin Nov 8, Maricast 18
2053 1201 2311 1334 12.2.07
1419 1395 1814 1504 Lieber Artür!
1031 1528 2334 1705 Er is möglich, das es mir klingt, bei Nachwort
1048 1688 2428 1865 „Nichtes“ durchzusetzen (Gattig! Sagenz!). Ich ertheilte
1048 1848 2351 1993 sehr werk deren und dränge, es gleich nach Ende
1071 1980 2411 2155 selber zu machen. Sicher ist es auch gar nicht, so
1103 2144 2409 2298 durfs auf noch so keinem Menschen was sagen, ich
1095 2302 2356 2458 möchte aber für alle fille raschertens im Huch
1088 2471 2445 2639 Leben, von mir meine Japanierweg ruhiger zu über¬
1097 2648 2065 2802 legen, als es häter geschehen kann.
1400 2787 1869 2904 In größter Eile
1169 2855 2230 3045 mit vielen Grüßen an Deine Frau
1752 3030 1989 3186 seiner
1850 3233 2300 3459 Nermann
4080 979 4291 1039 C.H. I.
2558 896 3954 1156 ettung i. p. a. og. l4.5.
3843 996 4195 1248 16.3.07
2578 1099 2733 1276 erung des
2738 1084 3316 1325 lieber Gebür!
2552 1263 4110 1432 liebelei ein in letzten Monast nicht, weil in
2582 1406 4201 1598 eberleit keine diese Schläger Betten (da Fürstung
2552 1583 4195 1794 Viehzeit in deutschen unentkehrlich). Dafür mach
2556 1762 4270 1952 ich ist, bemödie der Liebe.“Tissentlich kommt
2569 1925 4148 2147 im Liebst zur L., was ich schon wegen der
2601 2127 4246 2356 hätlich sehr möchte. Degen „kirchen“ brach ich
2571 2373 4216 2590 mit künkerer, wer er mir eine lang und
2648 2573 3371 2746 ail lehren müssen.
2661 2695 4176 2861 Erfang April bei ich wieder in Wien wird so
2667 2851 3796 3043 lich viel von hier zu erzeben,
2654 3026 3292 3194 ter der ganz zu
3548 3105 4161 3307 ein Herr Herrn
