5018 4632
3246 1251 4027 1357 München Barerstr. 50
1324 1245 1679 1511 Iahr
3421 1317 3977 1492 18.2.30
1330 1459 2045 1640 Lieber Arthur!
1347 1538 3882 1785 Wenn ich Dir für die große Freude, die mir Dein lieber
1343 1715 3931 1943 Brief bereitet, nur ganz kurz an denke, so mußt du das
1353 1923 4000 2081 mit meinem elenden Zustand entschuldigen: ich bin seit Jahren
1366 1999 3915 2193 schon immer wenn der Februar beginnt und so lange bis der
1376 2147 3941 2305 April kommt, krank, sozusagen von oben bis unten und durch
1386 2239 3859 2430 und durch krank; eben jetzt lag ich wieder eine Woche zu
1403 2374 3925 2509 Bett, und das Schlimmste daran ist, daß meine Sehkraft schwin¬
1412 2502 3786 2631 det, ich bin auf dem rechten Auge schon erblindend und
1439 2588 3842 2726 das linke will schon auch nicht mehr recht seinen Pflichten
1475 2703 3786 2822 genügen. „In Bereitschoft sein ist alles.“, nun ich bin
1498 2799 2993 2901 bereit, aber es ist nicht angenehm.
1498 2815 3704 2967 Deine Bücher habe ich alle, besonders die Sprüche und
1515 2963 3721 3134 Bedenken sind mir vertraut und wenn ich nicht mit
