<?xml version="1.0" encoding="UTF-8" standalone="yes"?>
<PcGts xmlns="http://schema.primaresearch.org/PAGE/gts/pagecontent/2013-07-15" xmlns:xsi="http://www.w3.org/2001/XMLSchema-instance" xsi:schemaLocation="http://schema.primaresearch.org/PAGE/gts/pagecontent/2013-07-15 http://schema.primaresearch.org/PAGE/gts/pagecontent/2013-07-15/pagecontent.xsd">
    <Metadata>
        <Creator>prov=READ-COOP:name=TrHtr:version=2.1.0:model_id=51170:date=24_07_2023_22:27</Creator>
        <Created>2023-05-01T21:47:58.688+02:00</Created>
        <LastChange>2023-07-24T22:27:15.824+02:00</LastChange>
        <TranskribusMetadata docId="1416398" pageId="54944953" pageNr="133" tsid="130574850" status="IN_PROGRESS" userId="64420" imgUrl="https://files.transkribus.eu/Get?id=RTRNVMOKSLOGZGOCARLLZMEB&amp;fileType=view" xmlUrl="https://files.transkribus.eu/Get?id=AVLRAWSZJGWQGOUMVFQQEHKR" imageId="44449038"/>
    </Metadata>
    <Page imageFilename="1416398_0133.jpg" imageWidth="5047" imageHeight="4697">
        <ReadingOrder>
            <OrderedGroup id="ro_1711833186620" caption="Regions reading order">
                <RegionRefIndexed index="0" regionRef="tr_1"/>
            </OrderedGroup>
        </ReadingOrder>
        <TextRegion id="tr_1" custom="readingOrder {index:0;}">
            <Coords points="645,559 4284,559 4284,3338 645,3338"/>
            <TextLine id="tr_1_tl_1" custom="readingOrder {index:0;}">
                <Coords points="845,639 970,639 1094,682 1251,594 1308,592 1388,620 1486,607 1547,644 1551,523 1456,528 1388,500 1345,534 1300,517 1231,553 1148,530 1010,558 849,538"/>
                <Baseline points="860,627 926,633 1015,633 1105,633 1195,633 1284,621 1374,621 1464,621 1553,609"/>
                <TextEquiv>
                    <Unicode>1 1 1 1 4, 1</Unicode>
                </TextEquiv>
            </TextLine>
            <TextLine id="tr_1_tl_2" custom="readingOrder {index:1;}">
                <Coords points="2962,699 2990,686 2999,695 3012,689 3031,697 3048,682 3110,691 3130,678 3185,678 3185,551 3140,556 3106,528 3093,532 3082,521 3033,545 3012,530 2962,532"/>
                <Baseline points="2975,627 3011,621 3101,621 3191,621"/>
                <TextEquiv>
                    <Unicode>1 heures, 1</Unicode>
                </TextEquiv>
            </TextLine>
            <TextLine id="tr_1_tl_3" custom="readingOrder {index:2;}">
                <Coords points="656,1231 2381,1216 2364,1158 656,1145"/>
                <Baseline points="669,1201 758,1201 848,1201 938,1201 1027,1201 1117,1201 1207,1201 1296,1201 1386,1201 1476,1201 1565,1207 1655,1207 1744,1207 1834,1207 1924,1207 2013,1207 2103,1213 2193,1213 2282,1213 2372,1213 2384,1213"/>
                <TextEquiv>
                    <Unicode>..,,,, * * * ̃ * *</Unicode>
                </TextEquiv>
            </TextLine>
            <TextLine id="tr_1_tl_4" custom="readingOrder {index:3;}">
                <Coords points="3501,1236 3531,1229 3556,1242 3563,1233 3578,1246 3595,1233 3644,1242 3767,1231 3782,1240 3797,1229 3827,1240 3865,1236 3865,1216 3822,1216 3803,1201 3743,1208 3726,1197 3694,1197 3670,1212 3634,1212 3619,1199 3574,1212 3559,1199 3498,1197"/>
                <Baseline points="3513,1231 3603,1236 3693,1242 3782,1248 3872,1254"/>
                <TextEquiv>
                    <Unicode>tt * * *... *</Unicode>
                </TextEquiv>
            </TextLine>
            <TextLine id="tr_1_tl_5" custom="readingOrder {index:4;}">
                <Coords points="4052,1229 4086,1246 4118,1236 4144,1242 4193,1236 4219,1255 4236,1251 4258,1268 4264,1259 4279,1261 4277,1197 4243,1188 4228,1186 4211,1199 4191,1195 4181,1208 4148,1190 4108,1210 4091,1199 4084,1205 4052,1201"/>
                <Baseline points="4063,1231 4153,1231 4242,1236 4284,1236"/>
                <TextEquiv>
                    <Unicode>..............</Unicode>
                </TextEquiv>
            </TextLine>
            <TextLine id="tr_1_tl_6" custom="readingOrder {index:5;}">
                <Coords points="2570,1293 2894,1242 3419,1251 3419,1175 3353,1205 3314,1186 3168,1205 2988,1139 2879,1143 2793,1203 2570,1180"/>
                <Baseline points="2581,1242 2617,1242 2707,1236 2796,1236 2886,1236 2975,1242 3065,1242 3155,1242 3244,1236 3334,1236 3424,1236"/>
                <TextEquiv>
                    <Unicode>...................................</Unicode>
                </TextEquiv>
            </TextLine>
            <TextLine id="tr_1_tl_7" custom="readingOrder {index:6;}">
                <Coords points="2117,1278 2149,1278 2154,1272 2169,1285 2181,1278 2188,1283 2192,1276 2216,1289 2254,1285 2261,1291 2282,1285 2276,1223 2244,1218 2207,1242 2199,1233 2188,1236 2158,1221 2113,1231"/>
                <Baseline points="2127,1266 2217,1272 2288,1284"/>
                <TextEquiv>
                    <Unicode>20.9.</Unicode>
                </TextEquiv>
            </TextLine>
            <TextLine id="tr_1_tl_8" custom="readingOrder {index:7;}">
                <Coords points="845,1343 946,1351 1008,1311 1182,1321 1459,1281 1459,1263 1362,1266 1274,1225 1208,1263 1109,1246 1038,1278 987,1236 918,1216 864,1255 847,1246"/>
                <Baseline points="860,1290 926,1296 1015,1296 1105,1296 1195,1296 1284,1290 1374,1284 1464,1278"/>
                <TextEquiv>
                    <Unicode>Lieber Arthur!</Unicode>
                </TextEquiv>
            </TextLine>
            <TextLine id="tr_1_tl_9" custom="readingOrder {index:8;}">
                <Coords points="3973,1358 3990,1362 4052,1334 4103,1369 4153,1338 4219,1341 4219,1244 4118,1236 4084,1246 4063,1229 4041,1240 4013,1236 3990,1218 3973,1221"/>
                <Baseline points="3985,1290 4075,1290 4165,1290 4224,1290"/>
                <TextEquiv>
                    <Unicode>4.10.05</Unicode>
                </TextEquiv>
            </TextLine>
            <TextLine id="tr_1_tl_10" custom="readingOrder {index:9;}">
                <Coords points="3215,1326 3226,1323 3254,1334 3275,1353 3282,1345 3303,1349 3331,1326 3359,1336 3408,1338 3404,1242 3370,1251 3353,1240 3335,1257 3318,1248 3290,1255 3278,1244 3254,1242 3233,1253 3211,1251"/>
                <Baseline points="3226,1302 3316,1308 3406,1308 3412,1308"/>
                <TextEquiv>
                    <Unicode>134</Unicode>
                </TextEquiv>
            </TextLine>
            <TextLine id="tr_1_tl_11" custom="readingOrder {index:10;}">
                <Coords points="2128,1360 2147,1358 2171,1375 2207,1379 2220,1366 2233,1371 2239,1364 2259,1364 2274,1353 2295,1356 2297,1319 2284,1321 2269,1311 2244,1321 2199,1276 2175,1285 2162,1283 2149,1272 2136,1272"/>
                <Baseline points="2139,1356 2211,1356 2300,1344"/>
                <TextEquiv>
                    <Unicode>Gor</Unicode>
                </TextEquiv>
            </TextLine>
            <TextLine id="tr_1_tl_12" custom="readingOrder {index:11;}">
                <Coords points="708,1424 1045,1471 1257,1396 1671,1461 2246,1431 2244,1369 1810,1401 1199,1315 1040,1364 706,1356"/>
                <Baseline points="717,1380 806,1386 896,1386 986,1386 1075,1392 1165,1392 1254,1392 1344,1392 1434,1398 1523,1404 1613,1410 1703,1416 1792,1416 1882,1416 1972,1410 2061,1416 2151,1422 2240,1428 2252,1428"/>
                <TextEquiv>
                    <Unicode>Ich hat mir auch der Zwischenspiel gelesen, mit einem sehr</Unicode>
                </TextEquiv>
            </TextLine>
            <TextLine id="tr_1_tl_13" custom="readingOrder {index:12;}">
                <Coords points="2921,1480 2982,1484 3061,1463 3087,1437 3170,1435 3220,1465 3278,1467 3325,1489 3366,1469 3366,1416 3237,1403 3172,1364 3138,1362 3117,1379 3065,1369 2919,1392"/>
                <Baseline points="2934,1422 3023,1434 3113,1434 3203,1434 3292,1434 3370,1434"/>
                <TextEquiv>
                    <Unicode>Lieber Arthur!</Unicode>
                </TextEquiv>
            </TextLine>
            <TextLine id="tr_1_tl_14" custom="readingOrder {index:13;}">
                <Coords points="684,1559 1351,1536 1540,1598 1877,1555 2098,1652 2299,1656 2293,1534 2171,1502 1963,1540 1358,1467 1167,1506 680,1431"/>
                <Baseline points="693,1511 782,1511 872,1511 962,1517 1051,1523 1141,1523 1231,1523 1320,1529 1410,1535 1499,1541 1589,1547 1679,1547 1768,1547 1858,1553 1948,1559 2037,1559 2127,1565 2217,1571 2300,1571"/>
                <TextEquiv>
                    <Unicode>großen nebistischen Vergnügen. Er ist eine reizende Ermäßi</Unicode>
                </TextEquiv>
            </TextLine>
            <TextLine id="tr_1_tl_15" custom="readingOrder {index:14;}">
                <Coords points="2630,1566 3471,1641 3640,1585 3805,1634 3998,1596 4101,1654 4260,1609 4243,1538 4138,1564 4028,1519 3962,1566 3799,1523 3694,1564 3507,1480 3132,1540 3014,1499 2630,1527"/>
                <Baseline points="2641,1553 2730,1559 2820,1559 2910,1565 2999,1565 3089,1571 3179,1571 3268,1571 3358,1571 3448,1577 3537,1577 3627,1577 3716,1583 3806,1583 3896,1589 3985,1589 4075,1595 4165,1595 4254,1601 4266,1601"/>
                <TextEquiv>
                    <Unicode>liche Woche sehts nun wieder gar nicht. Ich keine Fremière</Unicode>
                </TextEquiv>
            </TextLine>
            <TextLine id="tr_1_tl_16" custom="readingOrder {index:15;}">
                <Coords points="686,1656 2259,1725 2254,1650 682,1594"/>
                <Baseline points="699,1637 788,1637 878,1643 968,1649 1057,1649 1147,1655 1236,1661 1326,1661 1416,1667 1505,1673 1595,1679 1685,1685 1774,1691 1864,1697 1954,1703 2043,1703 2133,1709 2223,1721 2264,1727"/>
                <TextEquiv>
                    <Unicode>und ich finde es wiederbar, wie die in die Form des alten</Unicode>
                </TextEquiv>
            </TextLine>
            <TextLine id="tr_1_tl_17" custom="readingOrder {index:16;}">
                <Coords points="2647,1813 3039,1705 3413,1813 3955,1832 4099,1746 4264,1789 4226,1695 3790,1697 3672,1650 3318,1686 3063,1624 2816,1675 2638,1628"/>
                <Baseline points="2653,1691 2742,1691 2832,1691 2922,1697 3011,1703 3101,1703 3191,1709 3280,1709 3370,1709 3460,1715 3549,1715 3639,1721 3728,1727 3818,1732 3908,1738 3997,1738 4087,1744 4177,1750 4266,1756 4272,1750"/>
                <TextEquiv>
                    <Unicode>müßt da ja hat sein, mir einen Vormittag zu bestimmen</Unicode>
                </TextEquiv>
            </TextLine>
            <TextLine id="tr_1_tl_18" custom="readingOrder {index:17;}">
                <Coords points="671,1770 1060,1851 1201,1793 1512,1868 1637,1821 2325,1875 2272,1802 669,1740"/>
                <Baseline points="681,1762 770,1774 860,1774 950,1780 1039,1786 1129,1792 1219,1792 1308,1798 1398,1804 1487,1810 1577,1816 1667,1822 1756,1828 1846,1828 1936,1834 2025,1846 2115,1846 2205,1858 2294,1864 2330,1876"/>
                <TextEquiv>
                    <Unicode>Bürztheaterstücks die seinste Regetologie nur unsere neuesten</Unicode>
                </TextEquiv>
            </TextLine>
            <TextLine id="tr_1_tl_19" custom="readingOrder {index:18;}">
                <Coords points="2804,1858 2885,1870 3125,1849 3211,1868 3233,1851 3355,1911 3404,1900 3400,1800 3331,1798 3282,1823 3222,1774 3168,1791 3104,1772 3054,1819 2977,1791 2799,1800"/>
                <Baseline points="2814,1828 2904,1834 2993,1834 3083,1840 3173,1846 3262,1846 3352,1852 3406,1858"/>
                <TextEquiv>
                    <Unicode>Aussi mein Einakter!</Unicode>
                </TextEquiv>
            </TextLine>
            <TextLine id="tr_1_tl_20" custom="readingOrder {index:19;}">
                <Coords points="680,1930 1448,1941 2321,2038 2312,1928 1819,1943 1566,1881 1519,1924 1291,1860 1188,1907 871,1894 674,1838"/>
                <Baseline points="687,1894 776,1900 866,1912 956,1918 1045,1924 1135,1924 1225,1930 1314,1930 1404,1936 1493,1948 1583,1948 1673,1960 1762,1960 1852,1972 1942,1977 2031,1983 2121,1995 2211,2001 2300,2007 2324,2013"/>
                <TextEquiv>
                    <Unicode>Probleme gebracht ist. Mich vört nur manchmal der (geweis</Unicode>
                </TextEquiv>
            </TextLine>
            <TextLine id="tr_1_tl_21" custom="readingOrder {index:20;}">
                <Coords points="2673,1971 3057,2085 3187,2027 3408,2072 3674,2006 3893,2029 3889,1969 3737,1926 3509,1971 3335,1900 3168,1939 3005,1888 2668,1890"/>
                <Baseline points="2683,1948 2772,1948 2862,1948 2952,1954 3041,1960 3131,1966 3220,1972 3310,1977 3400,1983 3489,1989 3579,1995 3669,2001 3758,2007 3848,2013 3896,2019"/>
                <TextEquiv>
                    <Unicode>Sie den Vergleichsten früssen in keine Frau</Unicode>
                </TextEquiv>
            </TextLine>
            <TextLine id="tr_1_tl_22" custom="readingOrder {index:21;}">
                <Coords points="659,2076 1615,2106 1875,2179 2312,2166 2306,2087 2012,2091 1813,2029 1431,2074 654,2001"/>
                <Baseline points="669,2031 758,2043 848,2049 938,2055 1027,2061 1117,2067 1207,2073 1296,2079 1386,2091 1476,2097 1565,2103 1655,2103 1744,2109 1834,2121 1924,2127 2013,2139 2103,2145 2193,2151 2282,2163 2318,2169"/>
                <TextEquiv>
                    <Unicode>beabsichtigt) Caschausten zwischen den beiden Freunden, eine Art</Unicode>
                </TextEquiv>
            </TextLine>
            <TextLine id="tr_1_tl_23" custom="readingOrder {index:22;}">
                <Coords points="3679,2145 3715,2136 3724,2143 3758,2141 3773,2124 3799,2132 3812,2119 3857,2147 3865,2143 3878,2154 3895,2149 3882,2051 3848,2061 3831,2048 3807,2048 3790,2068 3773,2066 3756,2076 3739,2068 3704,2091 3672,2085"/>
                <Baseline points="3687,2103 3776,2115 3866,2127 3896,2121"/>
                <TextEquiv>
                    <Unicode>eiligt</Unicode>
                </TextEquiv>
            </TextLine>
            <TextLine id="tr_1_tl_24" custom="readingOrder {index:23;}">
                <Coords points="684,2211 886,2259 1090,2207 1467,2278 1583,2239 2222,2274 2220,2229 2139,2209 1845,2214 1547,2149 1384,2205 682,2147"/>
                <Baseline points="693,2181 782,2193 872,2193 962,2205 1051,2205 1141,2211 1231,2217 1320,2223 1410,2228 1499,2234 1589,2234 1679,2240 1768,2240 1858,2246 1948,2246 2037,2258 2127,2258 2217,2264 2228,2264"/>
                <TextEquiv>
                    <Unicode>an philosophisch, wienerisch südlicher Schneedtrigkeit, die in</Unicode>
                </TextEquiv>
            </TextLine>
            <TextLine id="tr_1_tl_25" custom="readingOrder {index:24;}">
                <Coords points="665,2372 2362,2411 2357,2349 2284,2340 663,2297"/>
                <Baseline points="675,2330 764,2330 854,2330 944,2336 1033,2342 1123,2342 1213,2348 1302,2354 1392,2354 1482,2354 1571,2360 1661,2360 1750,2372 1840,2378 1930,2378 2019,2384 2109,2390 2199,2396 2288,2396 2366,2408"/>
                <TextEquiv>
                    <Unicode>früheren Lehren mir vielleicht noch geläufiger all Sie war, aber</Unicode>
                </TextEquiv>
            </TextLine>
            <TextLine id="tr_1_tl_26" custom="readingOrder {index:25;}">
                <Coords points="656,2465 892,2529 1223,2486 2227,2563 2222,2473 1737,2495 1589,2437 1165,2471 654,2426"/>
                <Baseline points="669,2462 758,2468 848,2473 938,2479 1027,2485 1117,2485 1207,2485 1296,2491 1386,2497 1476,2503 1565,2503 1655,2509 1744,2515 1834,2515 1924,2521 2013,2527 2103,2527 2193,2533 2228,2539"/>
                <TextEquiv>
                    <Unicode>heien wir froh, daß es wobei ist! Mehr noch stört mich dein</Unicode>
                </TextEquiv>
            </TextLine>
            <TextLine id="tr_1_tl_27" custom="readingOrder {index:26;}">
                <Coords points="648,2636 764,2595 1092,2647 1343,2608 2269,2686 2265,2602 1976,2553 1699,2604 641,2518"/>
                <Baseline points="657,2587 746,2587 836,2593 926,2593 1015,2599 1105,2599 1195,2605 1284,2605 1374,2611 1464,2617 1553,2617 1643,2623 1732,2629 1822,2635 1912,2635 2001,2641 2091,2647 2181,2653 2270,2659"/>
                <TextEquiv>
                    <Unicode>Fürst. Werum mußt der einen sich in einer heiklen Situation sehr</Unicode>
                </TextEquiv>
            </TextLine>
            <TextLine id="tr_1_tl_28" custom="readingOrder {index:27;}">
                <Coords points="652,2707 1527,2728 1731,2793 2235,2778 2181,2728 1257,2703 1122,2658 822,2683 650,2634"/>
                <Baseline points="663,2701 752,2707 842,2707 932,2713 1021,2713 1111,2719 1201,2724 1290,2724 1380,2724 1470,2730 1559,2730 1649,2742 1738,2748 1828,2754 1918,2754 2007,2760 2097,2766 2187,2778 2240,2778"/>
                <TextEquiv>
                    <Unicode>nett benehmenden Menschen in eine Kaste versetzen, in welcher</Unicode>
                </TextEquiv>
            </TextLine>
            <TextLine id="tr_1_tl_29" custom="readingOrder {index:28;}">
                <Coords points="648,2846 2297,2928 2293,2868 1988,2823 1096,2819 641,2741"/>
                <Baseline points="657,2814 746,2814 836,2820 926,2826 1015,2838 1105,2844 1195,2844 1284,2850 1374,2850 1464,2856 1553,2856 1643,2868 1732,2874 1822,2874 1912,2880 2001,2886 2091,2898 2181,2904 2270,2910 2300,2916"/>
                <TextEquiv>
                    <Unicode>Roheit die Regel, sittlicher Text unbekannt ist? Und wie wün¬</Unicode>
                </TextEquiv>
            </TextLine>
            <TextLine id="tr_1_tl_30" custom="readingOrder {index:29;}">
                <Coords points="637,3003 798,2947 1075,3009 1158,2971 2272,3037 2267,2971 2134,2954 2014,2994 1776,2932 1486,2917 1396,2960 1227,2902 628,2887"/>
                <Baseline points="645,2934 735,2940 824,2940 914,2946 1003,2958 1093,2958 1183,2964 1272,2969 1362,2975 1452,2981 1541,2981 1631,2987 1721,2999 1810,2999 1900,3005 1989,3011 2079,3017 2169,3023 2258,3035 2276,3041"/>
                <TextEquiv>
                    <Unicode>genehm wir einem die Frau, die sich von so einem haferen</Unicode>
                </TextEquiv>
            </TextLine>
            <TextLine id="tr_1_tl_31" custom="readingOrder {index:30;}">
                <Coords points="646,3057 2246,3149 2113,3048 644,3003"/>
                <Baseline points="657,3047 746,3047 836,3053 926,3059 1015,3065 1105,3065 1195,3071 1284,3071 1374,3077 1464,3083 1553,3089 1643,3095 1732,3101 1822,3107 1912,3113 2001,3119 2091,3125 2181,3131 2252,3137"/>
                <TextEquiv>
                    <Unicode>läßt! Aber dies eher mündlich. Könnte ich nicht nächste Woche</Unicode>
                </TextEquiv>
            </TextLine>
            <TextLine id="tr_1_tl_32" custom="readingOrder {index:31;}">
                <Coords points="641,3157 1695,3192 1750,3239 2274,3220 2272,3166 2194,3145 1997,3190 1855,3127 1710,3170 1559,3117 1394,3160 639,3112"/>
                <Baseline points="651,3143 741,3149 830,3155 920,3155 1009,3161 1099,3167 1189,3167 1278,3167 1368,3179 1458,3179 1547,3185 1637,3185 1727,3197 1816,3197 1906,3197 1995,3209 2085,3209 2175,3214 2264,3220 2276,3220"/>
                <TextEquiv>
                    <Unicode>einmal Vormittag auf ein paar Straden zu dir kommen? An</Unicode>
                </TextEquiv>
            </TextLine>
            <TextLine id="tr_1_tl_33" custom="readingOrder {index:32;}">
                <Coords points="644,3312 976,3252 1190,3338 2295,3331 2293,3282 2166,3237 2048,3275 1626,3194 637,3211"/>
                <Baseline points="651,3232 741,3238 830,3244 920,3244 1009,3250 1099,3256 1189,3256 1278,3262 1368,3268 1458,3268 1547,3268 1637,3274 1727,3280 1816,3286 1906,3286 1995,3298 2085,3310 2175,3316 2264,3322 2300,3328"/>
                <TextEquiv>
                    <Unicode>Abenden macht sehr zu schwer. Früß keine Frau herrlichst. H.</Unicode>
                </TextEquiv>
            </TextLine>
            <TextLine id="tr_1_tl_34" custom="readingOrder {index:33;}">
                <Coords points="772,3323 854,3331 871,3318 901,3338 927,3340 963,3316 978,3323 987,3314 1060,3355 1077,3350 1072,3260 993,3280 972,3271 937,3286 858,3288 817,3267 794,3284 770,3280"/>
                <Baseline points="782,3298 872,3304 962,3310 1051,3310 1081,3310"/>
                <TextEquiv>
                    <Unicode>* * * * „ *</Unicode>
                </TextEquiv>
            </TextLine>
        </TextRegion>
    </Page>
</PcGts>
