4524 4616
391 1234 2094 1394 Uhr und, wenn es irgendwie früher angeht.
382 1453 1323 1588 zu früher, dessen besser.
698 1655 1639 1817 Verzeit die Verweg
895 1861 1309 1991 Deinem
1202 2053 2076 2218 herrlich grüßenden
1126 2319 2135 2506 Hermann Bake
4033 730 4170 904 75
2543 865 3937 998 Redaktion des Neuen Wiener Tagblatt
2708 991 3758 1071 WIEN, I., ROTHENTHURSTRASSE, STEXRERHOF
2524 1032 3955 1202 Telegramm-Adresse: Tagblatt. Steyrerhof, Winn. — Telephon Nr. 884. Staatz-TelephonNr. 86.
3776 1218 4099 1394 20. Febr.
3758 1444 4051 1614 90v
2952 1474 3493 1607 Lieber Artkur!
2415 1671 4111 1822 tig habe, in einer zu meinem Kreis - Proceß
2412 1868 4053 2076 gehörenden Angelegenheit, hingendst mit dir
2410 2076 4106 2234 I have not iryand mogling, yu Hagea and
2405 2325 4047 2479 bitte Dich verfall, mich morgen, so bald die
2394 2557 4193 2753 eingestanden bis, telephonisch (an Bei kovies,
2389 2712 4232 2936 Ober H. Veiter Wohnung) wissen zu lassen, wenn
2394 2973 4104 3186 nur wo ich dich treffen kann. Ich bin auf
2392 3204 4230 3431 dem Reihe wärnt, sofort nach Wien zu sehen
2383 3449 4186 3609 v. eine Stände hätte überall zu sein, wo
2387 3619 4163 3820 es Dir heißt. Nun bitte, bestimmt vor mir
