<?xml version="1.0" encoding="UTF-8" standalone="yes"?>
<PcGts xmlns="http://schema.primaresearch.org/PAGE/gts/pagecontent/2013-07-15" xmlns:xsi="http://www.w3.org/2001/XMLSchema-instance" xsi:schemaLocation="http://schema.primaresearch.org/PAGE/gts/pagecontent/2013-07-15 http://schema.primaresearch.org/PAGE/gts/pagecontent/2013-07-15/pagecontent.xsd">
    <Metadata>
        <Creator>prov=READ-COOP:name=TrHtr:version=2.1.0:model_id=51170:date=24_07_2023_22:27</Creator>
        <Created>2023-05-01T21:48:01.135+02:00</Created>
        <LastChange>2023-07-24T22:27:21.958+02:00</LastChange>
        <TranskribusMetadata docId="1416398" pageId="54945044" pageNr="156" tsid="130574875" status="IN_PROGRESS" userId="64420" imgUrl="https://files.transkribus.eu/Get?id=ATPGUGKGMXEJDPTAPQQSRQZS&amp;fileType=view" xmlUrl="https://files.transkribus.eu/Get?id=EQWMKHUZXAXSTNLZNDWVVFSM" imageId="44449129"/>
    </Metadata>
    <Page imageFilename="1416398_0156.jpg" imageWidth="5025" imageHeight="4728">
        <ReadingOrder>
            <OrderedGroup id="ro_1711833203935" caption="Regions reading order">
                <RegionRefIndexed index="0" regionRef="tr_1"/>
            </OrderedGroup>
        </ReadingOrder>
        <TextRegion id="tr_1" custom="readingOrder {index:0;}">
            <Coords points="1761,1102 3307,1102 3307,3430 1761,3430"/>
            <TextLine id="tr_1_tl_1" custom="readingOrder {index:0;}">
                <Coords points="2731,1166 2814,1166 2838,1181 2910,1172 2941,1196 2991,1208 3042,1188 3072,1192 3065,1028 2969,1018 2945,1033 2917,1015 2876,1026 2819,994 2779,1022 2725,1026"/>
                <Baseline points="2740,1152 2829,1152 2919,1158 3008,1158 3074,1170"/>
                <TextEquiv>
                    <Unicode>Wien XIII/7</Unicode>
                </TextEquiv>
            </TextLine>
            <TextLine id="tr_1_tl_2" custom="readingOrder {index:1;}">
                <Coords points="1747,1292 1771,1301 1834,1286 1895,1295 1902,1306 1919,1299 1978,1315 2007,1306 2046,1321 2072,1168 2055,1170 2000,1133 1941,1125 1891,1149 1869,1137 1795,1148 1773,1138"/>
                <Baseline points="1761,1277 1796,1271 1886,1253 1975,1235 2065,1229"/>
                <TextEquiv>
                    <Unicode>Bab</Unicode>
                </TextEquiv>
            </TextLine>
            <TextLine id="tr_1_tl_3" custom="readingOrder {index:2;}">
                <Coords points="2836,1306 2849,1303 2873,1315 2887,1304 2922,1325 2930,1319 2963,1325 3002,1297 3024,1299 3052,1275 3072,1277 3068,1231 3050,1234 3007,1214 2996,1225 2946,1225 2935,1238 2871,1201 2851,1218 2828,1218"/>
                <Baseline points="2841,1247 2931,1253 3020,1259 3074,1265"/>
                <TextEquiv>
                    <Unicode>18.1.09</Unicode>
                </TextEquiv>
            </TextLine>
            <TextLine id="tr_1_tl_4" custom="readingOrder {index:3;}">
                <Coords points="2210,1428 2293,1417 2343,1434 2459,1399 2566,1428 2649,1402 2688,1413 2690,1317 2644,1330 2600,1315 2533,1345 2509,1336 2426,1380 2362,1373 2260,1312 2212,1319"/>
                <Baseline points="2220,1402 2244,1402 2334,1402 2423,1402 2513,1396 2602,1396 2692,1396"/>
                <TextEquiv>
                    <Unicode>Lieber Erkür!</Unicode>
                </TextEquiv>
            </TextLine>
            <TextLine id="tr_1_tl_5" custom="readingOrder {index:4;}">
                <Coords points="1815,1574 3218,1589 3218,1511 3120,1498 3053,1533 2511,1498 2402,1546 2186,1493 1815,1513"/>
                <Baseline points="1826,1564 1916,1558 2005,1558 2095,1558 2184,1558 2274,1558 2364,1558 2453,1558 2543,1552 2632,1558 2722,1552 2811,1552 2901,1558 2990,1558 3080,1558 3169,1558 3223,1564"/>
                <TextEquiv>
                    <Unicode>Dann schön für Anna 2) habe karte. Ich kommt aber</Unicode>
                </TextEquiv>
            </TextLine>
            <TextLine id="tr_1_tl_6" custom="readingOrder {index:5;}">
                <Coords points="1828,1734 1996,1692 2321,1725 2369,1692 3142,1703 2974,1625 2729,1675 2498,1614 2244,1673 1993,1638 1828,1662"/>
                <Baseline points="1838,1683 1928,1683 2017,1689 2107,1695 2196,1695 2286,1689 2375,1689 2465,1683 2555,1689 2644,1689 2734,1689 2823,1689 2913,1695 3002,1695 3092,1695 3146,1707"/>
                <TextEquiv>
                    <Unicode>von Semmering (wo ich übrigens keinen Bruder</Unicode>
                </TextEquiv>
            </TextLine>
            <TextLine id="tr_1_tl_7" custom="readingOrder {index:6;}">
                <Coords points="1817,1832 2441,1806 2780,1817 2911,1869 2963,1836 3153,1854 3151,1745 3007,1786 2714,1755 2205,1788 2017,1738 1815,1768"/>
                <Baseline points="1826,1802 1916,1808 2005,1808 2095,1808 2184,1808 2274,1808 2364,1808 2453,1808 2543,1808 2632,1814 2722,1814 2811,1820 2901,1820 2990,1832 3080,1838 3157,1850"/>
                <TextEquiv>
                    <Unicode>Iulius volg im Nippa Expres vorüber tausen sich),</Unicode>
                </TextEquiv>
            </TextLine>
            <TextLine id="tr_1_tl_8" custom="readingOrder {index:7;}">
                <Coords points="1810,1976 3129,1991 3109,1917 2958,1954 2624,1906 1808,1893"/>
                <Baseline points="1820,1940 1910,1934 1999,1940 2089,1946 2178,1940 2268,1952 2358,1952 2447,1952 2537,1964 2626,1964 2716,1964 2805,1964 2895,1970 2984,1975 3074,1975 3134,1975"/>
                <TextEquiv>
                    <Unicode>Ob einen eheußlichen Levenschust, Sitz und einem durch</Unicode>
                </TextEquiv>
            </TextLine>
            <TextLine id="tr_1_tl_9" custom="readingOrder {index:8;}">
                <Coords points="1804,2065 2135,2122 2589,2098 2952,2159 3031,2122 3184,2170 3181,2074 3127,2066 2982,2096 2849,2046 2708,2077 2557,2041 2360,2068 2227,2018 1803,2041"/>
                <Baseline points="1814,2059 1904,2071 1993,2071 2083,2077 2172,2083 2262,2083 2352,2083 2441,2089 2531,2095 2620,2095 2710,2101 2799,2107 2889,2107 2978,2113 3068,2119 3157,2125 3187,2131"/>
                <TextEquiv>
                    <Unicode>Wirkschwerenung aus einem geclatzten Wasserrohr fast</Unicode>
                </TextEquiv>
            </TextLine>
            <TextLine id="tr_1_tl_10" custom="readingOrder {index:9;}">
                <Coords points="1793,2212 2030,2277 2542,2242 2841,2312 3231,2308 3227,2221 3162,2212 2924,2244 2775,2184 2328,2212 2135,2160 2066,2197 1790,2159"/>
                <Baseline points="1802,2196 1892,2202 1981,2214 2071,2220 2161,2226 2250,2226 2340,2226 2429,2232 2519,2238 2608,2244 2698,2244 2787,2250 2877,2262 2966,2274 3056,2274 3146,2274 3235,2286"/>
                <TextEquiv>
                    <Unicode>demoliirten haus mir soll in zwei Tagen nach Dresden</Unicode>
                </TextEquiv>
            </TextLine>
            <TextLine id="tr_1_tl_11" custom="readingOrder {index:10;}">
                <Coords points="1793,2369 1991,2417 2142,2376 2611,2434 3135,2435 3100,2363 3042,2408 2876,2358 2330,2362 2157,2347 2024,2273 1790,2334"/>
                <Baseline points="1802,2358 1892,2358 1981,2364 2071,2369 2161,2369 2250,2375 2340,2375 2429,2381 2519,2387 2608,2393 2698,2399 2787,2411 2877,2417 2966,2423 3056,2429 3140,2429"/>
                <TextEquiv>
                    <Unicode>zur Kreuß-Elakten- Pommern, weshalb ich, die</Unicode>
                </TextEquiv>
            </TextLine>
            <TextLine id="tr_1_tl_12" custom="readingOrder {index:11;}">
                <Coords points="1799,2528 3216,2611 3140,2539 2745,2493 2696,2528 2529,2474 2303,2517 2216,2474 1793,2452"/>
                <Baseline points="1808,2513 1898,2513 1987,2519 2077,2525 2167,2525 2256,2537 2346,2537 2435,2543 2525,2543 2614,2549 2704,2555 2793,2561 2883,2572 2972,2578 3062,2584 3152,2590 3217,2590"/>
                <TextEquiv>
                    <Unicode>dergleicht für Deinen guten Willen denkend, dich hatten</Unicode>
                </TextEquiv>
            </TextLine>
            <TextLine id="tr_1_tl_13" custom="readingOrder {index:12;}">
                <Coords points="1788,2708 2037,2740 2369,2705 2788,2790 2930,2745 3227,2777 3220,2673 2943,2716 2397,2649 1784,2651"/>
                <Baseline points="1796,2674 1886,2680 1975,2680 2065,2692 2155,2698 2244,2698 2334,2704 2423,2710 2513,2716 2602,2722 2692,2722 2781,2734 2871,2734 2960,2740 3050,2752 3140,2758 3229,2769"/>
                <TextEquiv>
                    <Unicode>muß, keine so kein Ansicht ist auszuführen, bis ich</Unicode>
                </TextEquiv>
            </TextLine>
            <TextLine id="tr_1_tl_14" custom="readingOrder {index:13;}">
                <Coords points="1793,2834 2011,2882 2376,2871 2662,2943 2790,2906 3208,2946 3188,2832 2932,2886 2803,2821 2723,2856 2137,2838 1788,2762"/>
                <Baseline points="1802,2829 1892,2835 1981,2841 2071,2847 2161,2853 2250,2853 2340,2859 2429,2865 2519,2877 2608,2877 2698,2883 2787,2895 2877,2901 2966,2913 3056,2913 3146,2919 3211,2925"/>
                <TextEquiv>
                    <Unicode>müsse Woche von dreiden zurück, halbwegs in Ord¬</Unicode>
                </TextEquiv>
            </TextLine>
            <TextLine id="tr_1_tl_15" custom="readingOrder {index:14;}">
                <Coords points="1795,3044 2057,3007 2131,3048 2529,3037 2648,3094 2882,3068 3072,3136 3232,3118 3227,3050 3002,3037 2882,2974 2570,3007 2347,2956 2197,2993 1788,2946"/>
                <Baseline points="1802,2996 1892,3002 1981,3008 2071,3008 2161,3020 2250,3020 2340,3026 2429,3032 2519,3038 2608,3044 2698,3056 2787,3062 2877,3068 2966,3074 3056,3086 3146,3086 3235,3098"/>
                <TextEquiv>
                    <Unicode>rung und auch mit den drei letzten Capiteln eines</Unicode>
                </TextEquiv>
            </TextLine>
            <TextLine id="tr_1_tl_16" custom="readingOrder {index:15;}">
                <Coords points="1793,3175 3205,3269 3197,3170 3131,3151 2983,3138 2898,3181 2777,3127 1788,3109"/>
                <Baseline points="1802,3152 1892,3157 1981,3157 2071,3163 2161,3175 2250,3181 2340,3181 2429,3187 2519,3199 2608,3205 2698,3211 2787,3217 2877,3229 2966,3229 3056,3235 3146,3253 3205,3259"/>
                <TextEquiv>
                    <Unicode>meine Komans aus dem Kohnsten bin, worauf ich</Unicode>
                </TextEquiv>
            </TextLine>
            <TextLine id="tr_1_tl_17" custom="readingOrder {index:16;}">
                <Coords points="1830,3485 3197,3463 3304,3443 3301,3375 3164,3328 3066,3360 2376,3303 2336,3336 1817,3269"/>
                <Baseline points="1832,3319 1922,3325 2011,3331 2101,3337 2190,3343 2280,3349 2369,3349 2459,3354 2549,3360 2638,3360 2728,3366 2817,3372 2907,3378 2996,3390 3086,3390 3175,3396 3265,3402 3307,3420"/>
                <TextEquiv>
                    <Unicode>angefangen hatte, wieder einem Menschen zu gleichen.</Unicode>
                </TextEquiv>
            </TextLine>
        </TextRegion>
    </Page>
</PcGts>
