4990 4712
2469 519 3529 765 1'' 'â¢ â tous les jours l'honneur de l'a-
1557 509 2399 760 'V'V. 'V' 'V- 'V -'' 'V.' 'V.
810 517 1026 743 1:10:1
2546 961 2891 1182 Behr.
4299 994 4506 1249 179
3711 996 4347 1341 Salzburg 7.3.18
457 1257 2307 1455 trifft sichs das nächste Mal besser. Aber wenn
3082 1351 3651 1537 lieber Aollur.
450 1441 2315 1607 wir das nächste Mal sein. Wir gehen je
2514 1545 4488 1741 Ich bin der letzten Zeit so viel Terum gezaukelt
442 1614 2263 1828 seiner schon zu Pfingsten nach Venedig, die
3450 1741 4453 1940 Baum, Deine Berichtes¬
2476 1662 3393 1878 (Garnowitz, Lemberg,
452 1793 2407 2054 wir Ende zwei schon nach Begrath müssen,
2509 1873 4503 2086 den fliend, deren Münchener Stiftragetten, denn
427 1985 2302 2216 bis Ende August dort bleiben und uns
2489 2074 4486 2305 darmstadt bei Hage – die Welt ist sehr wird), der
417 2158 2357 2461 repr eigentlich jetzt schon auf den Herbst der
2484 2278 4401 2459 ich jetzt erst dazu komme, dir ja sagen, wie
400 2362 2091 2645 Tauen, bevor noch der Frühling da ist.
2459 2437 4446 2722 Fürchtbar leid mir tat, Euren lieben Besuch ver¬
427 2558 2280 2767 Lagt es Euch immer gut gehen, grüs¬
2442 2586 4356 2822 könnt zu haben. So gern macht ich Euch beide
422 2759 2245 2943 auch die Linder, wenn sie gleich nichts von
2444 2827 4421 3080 wieder einmal sehen, so von dich unsern Be¬
405 2889 2216 3154 mir wissen, herzlich von mir und bleibt
2417 3003 4359 3291 hausung und den Park zeigen, so viel hätte ich
395 3097 2173 3271 mir gut, wie ich Euch immer derselbe
382 3249 1987 3430 bleiben will, eben dieser Cuer alter
2434 3207 4419 3723 Dich zu tragen, bis zu sagen. Loffentlich
1421 3485 1890 3708 Cernacco
