5073 4729
2537 492 3004 690 "    "  ... . 4.
4009 507 4580 692 Von tädtigen und überallen, sie
3123 613 3308 758 175
1545 589 1790 787 bahr
1621 713 2420 857 GRAND HOTEL DE L'EUROPE
1912 810 2129 922 G. JUNG.
2659 812 3225 931 Salzburg 7.12.12
2124 1164 2616 1308 Lieber Arthur!
1624 1294 3437 1461 Ich war heiß Wochen unterwegs, jeden Abend in einer anderen Stadt
1610 1459 3333 1603 auf dem Stattl, so könne ich nun hier erst dazu, einen
1621 1612 3328 1748 lieben kauf zu beantworten. An Altenberg kann ich mich
1624 1757 3401 1881 nicht beteiligen. Ich tue noch meinem Gefühl genug für andere,
1642 1874 3310 2009 für monchnen kommt, die mich braucht und ohne mit sich
1635 2020 3317 2149 Meinen Rat wüßte, während der Antrag, den ich dem guten
1642 2165 3326 2280 Sehr haben könnte, für ihn nichts bedeuten wurde uns er
1653 2287 3382 2451 Husendtach Telegenheit hat, sich ihn zu beschaffen. Misversteh mich
1644 2420 3385 2589 klecht: ich sitze Altenberg er Dichter sehr, aber als "Armen"
1653 2598 3198 2704 gar nicht, auf diesem Febiet leisten andere viel mehr.
1657 2706 3328 2857 Ich freie mich sehr über alle Deine Eofolge, was habe das
1678 2837 3281 2983 güte Gefühl, daß der nun in Fütte hast, was der Dir
1662 2986 3380 3116 ja gemünscht. Möge es Dir so bleiben. Und auch deiner
1653 3110 3387 3249 lieben für vor den Kindern wunsch ich immer das Reste.
2140 3245 3405 3378 Mit den schönsten Grüßen an uns bei der
2521 3396 3328 3554 ohne aller (nomanne
