<?xml version="1.0" encoding="UTF-8" standalone="yes"?>
<PcGts xmlns="http://schema.primaresearch.org/PAGE/gts/pagecontent/2013-07-15" xmlns:xsi="http://www.w3.org/2001/XMLSchema-instance" xsi:schemaLocation="http://schema.primaresearch.org/PAGE/gts/pagecontent/2013-07-15 http://schema.primaresearch.org/PAGE/gts/pagecontent/2013-07-15/pagecontent.xsd">
    <Metadata>
        <Creator>prov=READ-COOP:name=TrHtr:version=2.1.0:model_id=51170:date=24_07_2023_22:27</Creator>
        <Created>2023-05-01T21:48:00.858+02:00</Created>
        <LastChange>2023-07-24T22:27:21.089+02:00</LastChange>
        <TranskribusMetadata docId="1416398" pageId="54945032" pageNr="153" tsid="130574871" status="IN_PROGRESS" userId="64420" imgUrl="https://files.transkribus.eu/Get?id=ETLQYGHBLABWVMLANIQZGCFV&amp;fileType=view" xmlUrl="https://files.transkribus.eu/Get?id=SYILHIENYCAWXYHAEGKQTYIB" imageId="44449117"/>
    </Metadata>
    <Page imageFilename="1416398_0153.jpg" imageWidth="5000" imageHeight="4697">
        <ReadingOrder>
            <OrderedGroup id="ro_1711833201672" caption="Regions reading order">
                <RegionRefIndexed index="0" regionRef="tr_1"/>
                <RegionRefIndexed index="1" regionRef="tr_2"/>
            </OrderedGroup>
        </ReadingOrder>
        <TextRegion id="tr_1" custom="readingOrder {index:0;}">
            <Coords points="980,553 2462,553 2462,3470 980,3470"/>
            <TextLine id="tr_1_tl_1" custom="readingOrder {index:0;}">
                <Coords points="1398,717 1571,715 1633,743 1885,719 2048,754 2300,692 2294,571 2261,551 2080,549 1982,580 1785,507 1657,498 1588,538 1504,500 1392,548"/>
                <Baseline points="1404,603 1493,603 1583,609 1673,603 1762,609 1852,621 1942,627 2031,621 2121,621 2211,627 2300,633"/>
                <TextEquiv>
                    <Unicode>'̃' 1 „ „ 4 „</Unicode>
                </TextEquiv>
            </TextLine>
            <TextLine id="tr_1_tl_2" custom="readingOrder {index:1;}">
                <Coords points="1142,608 1173,620 1192,617 1217,633 1274,633 1316,650 1316,506 1290,502 1261,484 1246,496 1208,506 1188,491 1161,506 1142,506"/>
                <Baseline points="1153,609 1242,603 1320,609"/>
                <TextEquiv>
                    <Unicode>G.C.R.</Unicode>
                </TextEquiv>
            </TextLine>
            <TextLine id="tr_1_tl_3" custom="readingOrder {index:2;}">
                <Coords points="993,1453 1292,1416 1449,1469 1601,1414 1883,1445 1956,1409 2117,1458 2301,1447 2301,1398 2132,1367 993,1382"/>
                <Baseline points="1003,1422 1093,1422 1183,1416 1272,1416 1362,1416 1452,1416 1541,1416 1631,1416 1721,1416 1810,1416 1900,1422 1989,1416 2079,1422 2169,1422 2258,1428 2306,1428"/>
                <TextEquiv>
                    <Unicode>hat eine merkwürdige Nacht über Sie,</Unicode>
                </TextEquiv>
            </TextLine>
            <TextLine id="tr_1_tl_4" custom="readingOrder {index:3;}">
                <Coords points="993,1615 1767,1568 2086,1641 2369,1632 2367,1535 2305,1522 991,1529"/>
                <Baseline points="1003,1565 1093,1571 1183,1571 1272,1565 1362,1565 1452,1565 1541,1565 1631,1565 1721,1565 1810,1565 1900,1571 1989,1571 2079,1571 2169,1577 2258,1583 2348,1583 2372,1583"/>
                <TextEquiv>
                    <Unicode>todest sie nicht blos aus ihr heraus holen</Unicode>
                </TextEquiv>
            </TextLine>
            <TextLine id="tr_1_tl_5" custom="readingOrder {index:4;}">
                <Coords points="987,1743 1418,1747 1467,1785 1719,1741 1820,1803 2033,1810 2380,1767 2347,1699 2225,1741 1821,1668 1666,1716 1500,1672 1365,1712 987,1701"/>
                <Baseline points="997,1732 1087,1732 1177,1732 1266,1738 1356,1738 1446,1738 1535,1738 1625,1744 1715,1738 1804,1738 1894,1750 1983,1750 2073,1750 2163,1750 2252,1762 2342,1756 2384,1762"/>
                <TextEquiv>
                    <Unicode>sondere sogar bis zu einem gewissen Grad</Unicode>
                </TextEquiv>
            </TextLine>
            <TextLine id="tr_1_tl_6" custom="readingOrder {index:5;}">
                <Coords points="982,1916 1613,1920 1856,1976 2228,1929 2405,1958 2404,1869 2287,1907 2154,1860 1798,1900 982,1854"/>
                <Baseline points="991,1906 1081,1906 1171,1906 1260,1912 1350,1912 1440,1912 1529,1918 1619,1918 1709,1918 1798,1918 1888,1918 1977,1924 2067,1930 2157,1930 2246,1930 2336,1936 2408,1942"/>
                <TextEquiv>
                    <Unicode>in sei Hörerin Wumpen kann. Ihr würde</Unicode>
                </TextEquiv>
            </TextLine>
            <TextLine id="tr_1_tl_7" custom="readingOrder {index:6;}">
                <Coords points="976,2093 1179,2126 1257,2095 1429,2157 1809,2110 2418,2143 2416,2048 2221,2064 2097,2013 1721,2091 1294,2013 975,2029"/>
                <Baseline points="986,2091 1075,2091 1165,2085 1254,2091 1344,2091 1434,2103 1523,2103 1613,2103 1703,2109 1792,2109 1882,2109 1972,2109 2061,2115 2151,2121 2240,2127 2330,2133 2420,2139"/>
                <TextEquiv>
                    <Unicode>ich des Dersteherische ganz überlassen, ohne</Unicode>
                </TextEquiv>
            </TextLine>
            <TextLine id="tr_1_tl_8" custom="readingOrder {index:7;}">
                <Coords points="969,2270 1714,2338 1834,2300 2349,2316 2347,2247 2093,2250 2008,2203 1809,2247 1725,2201 1622,2239 1177,2190 967,2234"/>
                <Baseline points="980,2264 1069,2270 1159,2270 1248,2270 1338,2276 1428,2276 1517,2282 1607,2288 1697,2288 1786,2294 1876,2300 1966,2300 2055,2300 2145,2306 2234,2306 2324,2312 2354,2312"/>
                <TextEquiv>
                    <Unicode>jetzt dening ureden; bei zweien kommt</Unicode>
                </TextEquiv>
            </TextLine>
            <TextLine id="tr_1_tl_9" custom="readingOrder {index:8;}">
                <Coords points="989,2456 1241,2456 1414,2513 1690,2466 2088,2487 2203,2550 2393,2520 2389,2429 2205,2471 1993,2455 1854,2387 1661,2438 1391,2435 1272,2385 1164,2433 987,2409"/>
                <Baseline points="997,2438 1087,2450 1177,2456 1266,2456 1356,2462 1446,2456 1535,2456 1625,2462 1715,2468 1804,2473 1894,2473 1983,2485 2073,2485 2163,2491 2252,2497 2342,2503 2396,2503"/>
                <TextEquiv>
                    <Unicode>nichts heraus. Ich aber würde mit gröster</Unicode>
                </TextEquiv>
            </TextLine>
            <TextLine id="tr_1_tl_10" custom="readingOrder {index:9;}">
                <Coords points="995,2654 1091,2705 1418,2655 1964,2725 2095,2688 2338,2719 2334,2617 1825,2652 1622,2588 1376,2615 1330,2582 1204,2628 991,2579"/>
                <Baseline points="1003,2629 1093,2641 1183,2647 1272,2647 1362,2653 1452,2659 1541,2659 1631,2665 1721,2671 1810,2671 1900,2677 1989,2677 2079,2683 2169,2689 2258,2689 2342,2701"/>
                <TextEquiv>
                    <Unicode>Passion den Strakosch machen und dem</Unicode>
                </TextEquiv>
            </TextLine>
            <TextLine id="tr_1_tl_11" custom="readingOrder {index:10;}">
                <Coords points="996,2880 1256,2842 1382,2893 2004,2880 2462,2949 2456,2858 2259,2814 2157,2851 1993,2798 1663,2794 1580,2831 987,2732"/>
                <Baseline points="1003,2820 1093,2826 1183,2838 1272,2838 1362,2844 1452,2856 1541,2862 1631,2862 1721,2868 1810,2868 1900,2874 1989,2880 2079,2886 2169,2892 2258,2904 2348,2904 2438,2916 2462,2922"/>
                <TextEquiv>
                    <Unicode>Mädel den Uhythaus der Verh. verblauen,</Unicode>
                </TextEquiv>
            </TextLine>
            <TextLine id="tr_1_tl_12" custom="readingOrder {index:11;}">
                <Coords points="1006,3026 1444,3095 1690,3051 2144,3141 2307,3104 2303,3037 2166,3011 1914,3028 1644,2967 1542,3015 1361,2927 1283,2977 1002,2956"/>
                <Baseline points="1015,3017 1105,3023 1195,3035 1284,3035 1374,3041 1464,3047 1553,3047 1643,3053 1732,3053 1822,3053 1912,3065 2001,3071 2091,3077 2181,3083 2270,3095 2312,3101"/>
                <TextEquiv>
                    <Unicode>wovon ich aus Erzehrung weiß,</Unicode>
                </TextEquiv>
            </TextLine>
            <TextLine id="tr_1_tl_13" custom="readingOrder {index:12;}">
                <Coords points="984,3272 1338,3243 1462,3283 1559,3243 1732,3292 1927,3270 2018,3318 2367,3294 2362,3201 2062,3155 1907,3205 1424,3163 1361,3201 1164,3128 980,3183"/>
                <Baseline points="991,3220 1081,3220 1171,3226 1260,3232 1350,3238 1440,3238 1529,3238 1619,3244 1709,3250 1798,3256 1888,3256 1977,3262 2067,3274 2157,3280 2246,3286 2336,3292 2372,3292"/>
                <TextEquiv>
                    <Unicode>ihr kann. Wann es schließlich trotzdem</Unicode>
                </TextEquiv>
            </TextLine>
            <TextLine id="tr_1_tl_14" custom="readingOrder {index:13;}">
                <Coords points="1004,3608 1190,3635 1314,3597 2228,3579 2219,3389 1860,3415 1683,3407 1635,3365 1580,3402 1195,3332 991,3349"/>
                <Baseline points="1003,3400 1093,3400 1183,3400 1272,3406 1362,3406 1452,3418 1541,3424 1631,3424 1721,3430 1810,3430 1900,3430 1989,3442 2079,3448 2169,3454 2228,3460"/>
                <TextEquiv>
                    <Unicode>scheußlich und, kamen wir nichts</Unicode>
                </TextEquiv>
            </TextLine>
        </TextRegion>
        <TextRegion id="tr_2" custom="readingOrder {index:1;}">
            <Coords points="2521,571 4326,571 4326,3404 2521,3404"/>
            <TextLine id="tr_2_tl_1" custom="readingOrder {index:0;}">
                <Coords points="3980,626 4002,630 4019,617 4048,624 4072,610 4134,644 4183,630 4238,641 4254,630 4302,646 4322,637 4320,582 4241,557 4168,513 4139,520 4121,511 4090,526 4072,516 4053,527 3975,496"/>
                <Baseline points="3991,621 4081,627 4171,633 4260,633 4326,633"/>
                <TextEquiv>
                    <Unicode>Votre très- ja luis-</Unicode>
                </TextEquiv>
            </TextLine>
            <TextLine id="tr_2_tl_2" custom="readingOrder {index:1;}">
                <Coords points="2531,1476 2831,1409 3515,1465 3873,1440 3865,1122 2522,1141"/>
                <Baseline points="2539,1404 2629,1410 2719,1416 2808,1416 2898,1416 2987,1416 3077,1422 3167,1428 3256,1422 3346,1428 3436,1428 3525,1434 3615,1434 3705,1434 3794,1434 3878,1440"/>
                <TextEquiv>
                    <Unicode>dahin. Inventieren konnte ich für die</Unicode>
                </TextEquiv>
            </TextLine>
            <TextLine id="tr_2_tl_3" custom="readingOrder {index:2;}">
                <Coords points="2540,1593 2619,1624 2761,1577 3053,1584 3219,1648 3373,1599 3593,1595 3690,1637 3906,1611 3904,1555 3805,1537 3086,1568 2539,1495"/>
                <Baseline points="2551,1565 2641,1571 2730,1577 2820,1577 2910,1577 2999,1583 3089,1583 3179,1589 3268,1589 3358,1595 3448,1595 3537,1595 3627,1595 3716,1601 3806,1601 3896,1601 3908,1607"/>
                <TextEquiv>
                    <Unicode>Löglich ja auch nicht, die Freilig einen</Unicode>
                </TextEquiv>
            </TextLine>
            <TextLine id="tr_2_tl_4" custom="readingOrder {index:3;}">
                <Coords points="2535,1748 3176,1763 3247,1798 3363,1756 3718,1810 3891,1785 3874,1710 3697,1695 3586,1737 3316,1684 3236,1736 3159,1703 3070,1730 2916,1716 2842,1653 2533,1635"/>
                <Baseline points="2545,1721 2635,1732 2724,1738 2814,1732 2904,1738 2993,1738 3083,1744 3173,1750 3262,1750 3352,1756 3442,1756 3531,1756 3621,1756 3710,1756 3800,1762 3890,1762 3896,1762"/>
                <TextEquiv>
                    <Unicode>wegen Schimmer von Seele oder Vorsin</Unicode>
                </TextEquiv>
            </TextLine>
            <TextLine id="tr_2_tl_5" custom="readingOrder {index:4;}">
                <Coords points="2513,1922 2854,1894 3433,1927 3544,1978 3924,1955 3920,1896 3842,1874 3697,1918 3531,1854 3165,1867 3040,1794 2885,1867 2509,1863"/>
                <Baseline points="2521,1882 2611,1888 2701,1894 2790,1894 2880,1894 2969,1900 3059,1900 3149,1912 3238,1912 3328,1924 3418,1924 3507,1924 3597,1930 3687,1936 3776,1942 3866,1942 3926,1948"/>
                <TextEquiv>
                    <Unicode>oder wie man das nennt für die Kolle</Unicode>
                </TextEquiv>
            </TextLine>
            <TextLine id="tr_2_tl_6" custom="readingOrder {index:5;}">
                <Coords points="2517,2154 2641,2157 2823,2075 3438,2144 3544,2099 3947,2132 3942,2018 3898,2006 3601,2073 3436,2018 3320,2053 3212,1995 2854,2022 2628,1976 2511,2029"/>
                <Baseline points="2521,2055 2611,2055 2701,2067 2790,2067 2880,2067 2969,2067 3059,2073 3149,2073 3238,2085 3328,2085 3418,2091 3507,2097 3597,2097 3687,2103 3776,2109 3866,2115 3950,2115"/>
                <TextEquiv>
                    <Unicode>hätte, den das Chastische, das die kälscher</Unicode>
                </TextEquiv>
            </TextLine>
            <TextLine id="tr_2_tl_7" custom="readingOrder {index:6;}">
                <Coords points="2526,2292 3046,2256 3391,2332 3891,2314 3887,2239 3798,2216 3455,2236 3050,2150 2820,2186 2518,2155"/>
                <Baseline points="2533,2223 2623,2228 2713,2234 2802,2240 2892,2246 2981,2246 3071,2246 3161,2246 3250,2252 3340,2258 3430,2264 3519,2270 3609,2276 3699,2282 3788,2288 3878,2300 3896,2294"/>
                <TextEquiv>
                    <Unicode>Ihr Werk tat, vielleicht nicht völlig er¬</Unicode>
                </TextEquiv>
            </TextLine>
            <TextLine id="tr_2_tl_8" custom="readingOrder {index:7;}">
                <Coords points="2542,2464 2604,2447 2643,2453 2675,2424 2703,2420 2723,2438 2745,2425 2790,2442 2860,2416 2953,2425 2951,2367 2929,2362 2851,2363 2827,2382 2785,2362 2697,2387 2623,2371 2570,2332 2539,2334"/>
                <Baseline points="2551,2402 2641,2408 2730,2414 2820,2414 2910,2414 2958,2420"/>
                <TextEquiv>
                    <Unicode>tetzen kann.</Unicode>
                </TextEquiv>
            </TextLine>
            <TextLine id="tr_2_tl_9" custom="readingOrder {index:8;}">
                <Coords points="2518,2619 2876,2632 3008,2588 3721,2641 3849,2621 3849,2588 3637,2581 3362,2477 2969,2550 2515,2513"/>
                <Baseline points="2527,2563 2617,2575 2707,2581 2796,2587 2886,2587 2975,2587 3065,2593 3155,2593 3244,2593 3334,2599 3424,2605 3513,2605 3603,2611 3693,2617 3782,2617 3854,2623"/>
                <TextEquiv>
                    <Unicode>Ich selbst Lebe vor Anstrekungen zur</Unicode>
                </TextEquiv>
            </TextLine>
            <TextLine id="tr_2_tl_10" custom="readingOrder {index:9;}">
                <Coords points="2517,2732 2801,2794 3090,2763 3447,2820 3880,2810 3878,2761 3809,2725 3601,2701 3239,2747 2942,2736 2823,2685 2725,2743 2515,2701"/>
                <Baseline points="2527,2730 2617,2748 2707,2754 2796,2754 2886,2760 2975,2766 3065,2760 3155,2766 3244,2772 3334,2772 3424,2784 3513,2784 3603,2790 3693,2796 3782,2796 3872,2808 3884,2808"/>
                <TextEquiv>
                    <Unicode>keine Furcht, muß aber auf meine</Unicode>
                </TextEquiv>
            </TextLine>
            <TextLine id="tr_2_tl_11" custom="readingOrder {index:10;}">
                <Coords points="2524,2946 2750,2969 2893,2927 3953,3019 3947,2938 3858,2915 3477,2922 2973,2825 2904,2865 2515,2814"/>
                <Baseline points="2533,2922 2623,2916 2713,2916 2802,2922 2892,2928 2981,2934 3071,2946 3161,2946 3250,2952 3340,2958 3430,2964 3519,2975 3609,2975 3699,2981 3788,2987 3878,2993 3955,3005"/>
                <TextEquiv>
                    <Unicode>Frauen Rücksicht nehmen, seßt jedoch,</Unicode>
                </TextEquiv>
            </TextLine>
            <TextLine id="tr_2_tl_12" custom="readingOrder {index:11;}">
                <Coords points="2542,3123 3960,3186 3957,3139 3832,3152 3750,3104 3473,3128 2856,3026 2537,3051"/>
                <Baseline points="2551,3095 2641,3107 2730,3113 2820,3119 2910,3131 2999,3131 3089,3137 3179,3137 3268,3143 3358,3149 3448,3149 3537,3161 3627,3167 3716,3167 3806,3173 3896,3179 3961,3179"/>
                <TextEquiv>
                    <Unicode>da ich frühertens erst am 15. Januar</Unicode>
                </TextEquiv>
            </TextLine>
            <TextLine id="tr_2_tl_13" custom="readingOrder {index:12;}">
                <Coords points="2524,3345 2670,3309 3221,3334 3991,3444 3982,3289 3781,3334 3466,3278 3276,3300 3051,3227 2989,3265 2517,3228"/>
                <Baseline points="2533,3304 2623,3310 2713,3310 2802,3310 2892,3316 2981,3328 3071,3334 3161,3334 3250,3334 3340,3340 3430,3352 3519,3358 3609,3364 3699,3370 3788,3382 3878,3382 3967,3394 3991,3394"/>
                <TextEquiv>
                    <Unicode>zu Kinkardt zurückkehn, daß deine</Unicode>
                </TextEquiv>
            </TextLine>
        </TextRegion>
    </Page>
</PcGts>
