4506 4648
2850 796 3005 1003 42
1429 923 1882 1055 „Die Zeit“
1467 1020 1842 1102 Wiener Wochenschrift.
2193 1034 3203 1168 Wien, den 24. September 1896
1543 1088 1773 1156 Herausgeber:
2110 1116 2428 1218 IX/3, Günthergasse 1.
1467 1135 1849 1208 Professor Dr. I. Singer,
1375 1170 1933 1286 Hermann Bahr, Dr. Heinrich Kanner.
1465 1274 1858 1406 Telephon Nr. 6415.
1884 1505 2485 1665 Lieber Arthur!
1404 1759 3135 1908 Besten Dank für deine liebe Gratulation
1389 2009 3193 2162 - an dem Stück ist ja nichts, ich habe nur
1387 2254 3182 2386 einmal probieren wollen, ob man mit dem
1375 2496 3092 2687 bloßen Verstande ein „gutes Theaterstück
1342 2748 3238 2925 Schreiben kann, und es scheint fast, daß mir das
1326 3012 2371 3186 für Berlin gelungen ist.
1752 3219 2164 3391 herzlichst
2346 3410 2565 3518 Dein
2623 3500 3137 3657 Fermann
1401 3606 3170 3752 Alle für „Die Zeit" bestimmten Zuschriften und Sendungen sind an die Redaction der „Zeit“
1736 3716 2852 3808 und nicht an die Person eines der Herausgeber zu richten.
