5095 4631
1340 483 1496 651 1.°
4294 534 4470 710 1/1
3072 710 3389 854 183 A
1547 778 1967 993 Bahn
2501 1120 3345 1288 Wien, 24. Sept. 1918.
1657 1479 2779 1679 Sehr geehrter Herr Doktor,
1525 1701 3475 1837 Hermann Bahr hat mich gebeten Ihnen zu sagen,
1554 1786 3484 1942 daß ein Beschluss vorliegt, die Generalproben vor
1559 1930 3494 2062 läufig nicht mehr öffentlich abzuhalten und nur
1562 2025 3487 2176 die Vertreter der Wiener Tagespresse und Mitglieder
1574 2128 3499 2269 des Hauses einzulassen. Es ist ihm sehr schmerzlich,
1562 2264 3506 2381 daß er infolge der Verreisung des General-Intendanten
1559 2386 3494 2523 und Major Michels bis zu diesem Freitag eine Aus¬
1562 2494 3514 2662 nahme für Sie hochgeehrter Herr Doktor, wied nicht
1571 2645 3528 2765 mehr erreichen können. Bahr glaubt aber sicher,
1586 2757 3526 2887 daß das sie die kommenden Male nach einer Inter¬
1588 2857 3528 2989 vention bei Exc Andrian ohne weiteres wird geschehen.
1586 3009 2918 3155 können. Daß es ganz seinen Wür¬
3021 3004 3523 3118 ben entspricht.
2733 3082 2928 3140 d weit
1586 3094 3545 3238 und es ihm natürlich sehr lieb wäre, Arthur Schniteler,
1586 3255 3536 3377 dabei zu wissen, soll ich Ihnen, sehr geehrter Herr Dr.
1596 3362 2769 3509 noch ganz besonders sagen.
2296 3470 3343 3631 In größter Hochachtung
2755 3558 3211 3677 eigebenet.
2896 3623 3426 3767 Erhore Busserbe,
