4536 4650
2274 1256 3626 1441 ke Exemplar des biederen Wiener
778 1269 2154 1488 Hüge ist sehr volz, weil er das Ge¬
2274 1454 3675 1634 ist, und mir immer mir leid thut.
771 1411 2131 1654 fühl hat, in dieser Sache von jeher
2287 1630 3692 1841 das ihr Häubert nicht gekannt hat,
773 1693 2111 1873 gescheiter gewesen zu sein, als wir
2296 1847 3636 2015 der ein wehres Freudengeheil über
790 1905 1684 1998 es Jahre lang waren.
2304 2019 3688 2199 ihn aus gestoßen hätte. » den Krier
797 2053 2182 2227 für kötzt kann ich, Er unerfreulich
2300 2202 3711 2393 müßte einmal Jemand Schildern und
790 2302 2197 2449 er tich gegen euch, mit anongenen
2309 2425 3718 2599 mußte einmal die andere Seite der
805 2479 2040 2659 Briesen und auf Hintertreppen,
2304 2650 3619 2796 " armen Spallente zeigen, den
816 2732 2182 2861 operierend, fortgesetzt beimmt,
2320 2852 3756 3024 gemütlichen Anderer, der eigentlich
820 2953 2010 3059 ein vielle Bewernderung nicht
2335 3048 3612 3185 der Grundtzsuis des Ostreichers
801 3052 2300 3340 er werden, weil er doch das vakendet.
2360 3235 3651 3475 er kein scheint, wes irgendwie
