5032 4713
2918 513 3788 737 1,1,3, nr. 9,7, '1, '7, 3, 4, 6,
2924 1302 3086 1426 178
1987 1496 2160 1681 Lämpstigkeiten, konka wässä
2330 2284 2748 2384 No. 68. Nachrduck verbeten.
2769 2332 3048 2424 20.7.13
1965 2471 2365 2572 Leiber Gothum.
1954 2541 3130 2668 herzlichen Dank für kein so liebes Geschenk,
1954 2630 3086 2759 Das meine Wand schwirkt, und für Für
1948 2752 3158 2873 gutes Telegramm, das eine Herz erfreut.
1965 2866 3193 2980 Bleibt mir, was Ihr mir seit so vielen Jahren
1954 2984 3010 3094 wir! Ich will immer der Eure sein.
2211 3066 3155 3222 Lamantsehr
