4581 4567
2808 806 2903 949 86
1330 808 2724 1022 Redaktion des Neuen Wiener Tagblatt
1523 985 2542 1078 WIEN, I., ROTHENTHURMSTRASSE, STEXRERHOF.
1180 1008 2897 1199 Telegramm-Adresse: Tagblatt, Steyrerhof, Wien. — Telephon Nr. 584, Staats-Telephon nr. 12086.
2631 1217 2899 1392 8. Mary
1789 1455 2338 1650 lieber Artkur!
1208 1709 2983 1834 Ein paar Nädeln zielen mich von eine Pho¬
1210 1952 2978 2063 tographie von dir mit Unterschrift oder "ein
1210 2163 2996 2320 naar Bücher mit Widerung, als Gewinnste
1208 2406 2981 2506 bei einer Tombaln in Gncordiaclib am 16.
1205 2638 3028 2769 d. Spiek sie mir oder Schreib mir nein, de¬
1233 2908 2726 3028 mit ich nur des Gezwitscher los bin.
1909 3092 2211 3305 herzlich
2209 3262 2418 3400 Dein
2095 3496 2910 3652 Hermannssk
