5018 4632
3268 1216 4064 1390 München Bewerstr. 50 C
3454 1311 3822 1449 20.3.30
1367 1373 2216 1652 Mein lieber Arthur!
1377 1524 3848 1727 Woltun bringt Zinsen, aber ich bin undankbar genug, Sie
1377 1721 3985 1865 die Wohltat, die mir dein lieber Brief erweist, übel zu vergelten:
1390 1826 4025 1983 durch Jammern über mein Münchener Ungemach. Du fragt, warum
1403 1973 3881 2104 wir nach München übersiedelten. Wir waren beide "stellungslos",
1432 2062 3841 2209 als ich zur Leitung des Bürgtheaters berufen wurde – viel
1413 2183 3841 2337 zu steint, um noch etwas künstlwisch leisten oder doch retten
1432 2298 3926 2491 zu können. Um diese Zeit begann auch die österreichische Währung
1439 2412 3894 2609 schon zu wanken. Das besehen „Vermögen“, das mir mein Vater
1413 2517 3877 2733 hinterlassen hatte, begann zu schmelzen; der Rest ging dann bei
1432 2674 3838 2822 der deutschen Inflation vollends auf. Ganz unverhofft ging da
1635 2766 3795 2937 eine Frau der Ruf, an der Münchener Akademie eine
1455 2887 3697 3012 Professur anzunehmen, sie priff mit beiden Händen zu,
1475 2963 3884 3120 wir waren die Sorge los, wovon wir morgen unser Mittagmal
