4510 4649
1427 1145 1901 1455 B SOT
1894 1411 2508 1559 lieber Artkur!
1420 1632 3169 1782 Ich gratuliere die herzlich zu dem, wie ich nie her
1434 1819 3230 1948 Epftein erfahre, untergewöhnlich werken erfolge der: L. H.
1439 2014 3219 2162 der mich nicht blos ein Verurteilten, sondern auch Erwegen
1432 2228 3266 2408 Ie freut, weil die Gelehrten des berithen Volksthalters wie¬
1441 2411 2825 2554 der einmal so zu Schanden geworden sind.
1477 2604 3159 2759 Wir rechts heute wieder gut, mir habe ich nach den
1493 2786 3162 2955 Erfahrungen der letzten Wagen. Schon gar nicht mehr recht
1511 2984 3330 3205 den Mut zu hoffen, daß ich noch einmal wirklich gesund
4138 544 4250 701 1er
3389 512 3913 763 1 „ „ —„ — „
3048 1027 3164 1177 95
2681 1165 3048 1302 Sonntag
