3672 5512
2322 390 2786 607 ̃    «   =  =
2907 398 3118 574 G.C.
1455 456 1776 623 8 -
862 741 2978 933 Auch allerlei Frauen waren in unserer Gesell-
873 928 2965 1068 schaft, mit denen ich wahrscheinlich in Wien
892 1073 3003 1238 nicht verkehren möchte. Und manche drunter
884 1211 3003 1375 so hübsch! Einmal war auch die letzte Ge-
933 1394 2912 1540 liebte von Henri Becque da, die sich immer
903 1521 3000 1707 ganz schwarz trug... Es war sehr interessant.
895 1691 3061 1861 Greger war in seinem Element,- und wie ihm die
906 1869 2998 2012 Frauen nachgelaufen sind, das war beinah zum
911 2018 3047 2147 Lachen! Aber da ich immer mit ihm war, so wag¬
911 2149 2926 2322 ten sie sich doch nicht recht an ihn heran.
909 2325 2948 2462 Da bin ich aber einmal auf eine grossartige
925 2454 3020 2649 Idee gekommen, die Sie mir gewiss nicht zuge-
931 2610 3085 2781 traut hätten, und ich selbst wundre mich heut,
933 2764 3022 2923 dass ich mich zu sowas entschliessen konnte.
933 2918 3135 3077 Sie schwieg eine Weile und schien nachzudenken.
939 3058 2978 3209 Dann sagte sie leiser als früher: "Nun, Sie
944 3225 3020 3368 sind ja Arzt.... Vielleicht stand es auch im
939 3390 3083 3527 Zusammenhänge damit, dass ich damals schon in
942 3494 3014 3744 andern Umständen war,- das machte mich uner¬
950 3676 3121 3846 hört glücklich und im Anfang war ich nicht nur
955 3840 3025 3986 lustiger, sondern sonderbarerweise auch viel
966 4005 2987 4139 beweglicher als früher.... Also denken Sie:
980 4137 2959 4307 eines schönen Tags komm' ich auf die Idee,
972 4304 2965 4455 mich in Männerkleider zu werfen und so mit
977 4474 3116 4623 Gregor zusammen auf Abenteuer auszugehen. Ich
972 4598 3080 4779 nahm ihm natürlich das Wort ab, dass er sich
977 4768 3151 4938 absolut keinen Zwang enthun dürfe, sonst hätte
