3672 5496
1216 316 1429 518 V.J.
1636 303 1830 472 1 : = =
1476 442 1751 597 13 -
886 717 3006 911 sprach; es war ja doch eine sonderbare Situa-
903 867 3085 1091 tion, und - ich will Ihnen ja nichts verschwei¬
903 1012 3093 1227 gen - es gab eine Sekunde, in der ich ein biss-
919 1181 3068 1369 chen ärgerlich war: das war, wie Madeleine die
922 1350 3068 1536 Hand meines Manns nahm und sie küsste. Aber es
919 1486 3033 1697 war gleich vorüber, denn in diesem Augenblick
922 1647 3090 1833 fiel mir eben ein,.... nun, was ich Ihnen eben
941 1781 3006 1988 erzählt habe,- das Kind. Und ich fühlte, wie
949 1986 2970 2168 innig, wie unauflöslich wir Beide verbunden
1375 2100 1530 2196 wie
946 2133 3060 2283 waren, und alles Andere nur Schatten, Nichtig
949 2277 3044 2441 keiten ### und allerschlimmstenfalls Komö-
957 2441 3025 2577 die war. Und als ich das so recht eingesehen
960 2561 3085 2760 hatte, unterhielt ich mich wahrhaftig wie bei
971 2730 3145 2883 einem Theaterstück. Wir sind dann noch Alle in
971 2886 3158 3060 später Nacht auf dem Boulevard in einem Kaffee-
971 3025 3120 3197 hausgesessen; da hörte ich, wie Madeleine mei-
987 3175 3126 3355 nen Gatten bat, sie N nach Hause zu begleiten.
982 3347 3096 3513 Aber er lachte. Und dann, um den Spass zu ei-
990 3478 3161 3671 nem guten und in gewissem Sinne vortheilhaften
993 3649 3145 3816 Ende zu führen, sagte er ihr, dass er Bildhau¬
1017 3810 3164 3963 er wäre, und forderte sie auf, am nächsten Tag
1006 3947 3030 4140 zu ihm zu kommen. Er wolle sie modellieren.
1023 4124 3074 4269 Sie antwortete: “Wenn Du ein Bildhauer bist,
1015 4263 3088 4454 lass' ich mich hängen. Aber/ich komm' trotz-
1031 4429 3186 4599 dem, denn....“ Nun, was sie weiter sagte, kann
1039 4571 3118 4773 ich wirklich nicht wiederholen." Sie Schwieg
1042 4735 3126 4896 und ich fragte nicht. Nie hab' ich die Augen
