3624 5512
900 280 1195 435 A. S. I
1506 317 1691 499 .1.
914 393 2985 769 Le quechische Touvern
1487 696 2623 962 Ecole Tasmo
1184 1074 2802 1161 Um zehn Uhr abends hatte ich meine
957 1251 3043 1341 Schreibtischlampe angezündet, um noch einige
957 1366 3088 1467 Briefe zu schreiben, als plötzlich der Doktor
968 1543 3041 1635 erschien. Es war sonst nicht seine Art, mich
957 1703 3052 1787 so spät zu besuchen. Aber ich war froh, dass
957 1863 3215 1955 er sich nach so vielen Tagen wieder sehen liess.
962 1989 2982 2090 Seit dem plötzlichen Tod der Frau Mathilde
968 2163 3086 2236 Samodeschi, der ihn so unbegreiflich tief er-
973 2325 2923 2401 schüttert hatte, hatte er sich in unserem
968 2474 3027 2555 Freundeskreis nicht mehr blicken lassen und
968 2597 3147 2724 schien sich ausschliesslich seinen Kranken und
968 2780 3130 2855 wissenschaftlichen Arbeiten zu widmen. Ich be¬
957 2926 3088 3013 grüsste ihn mit grosser Herzlichkeit. Das Ge-
968 3086 3130 3167 spräch kam natürlich bald auf den Tod der jun¬
973 3237 3167 3330 gen Frau, bei deren Begräbnis ich ihn das letz-
968 3400 3077 3484 te Mal gesehen hatte. An der Art, wie er das
987 3548 3133 3627 Thema aufgriff, erkannte ich bald, dass er nur
968 3705 3125 3784 gekommen war, um sich einem Freunde gegenüber,
971 3829 3083 3927 bei dem er Verständnis hoffte, auszusprechen.
987 4011 3130 4087 Und während ich auf dem Samovar einen Thee be¬
987 4143 3147 4247 reitete, liess ich ihn reden, und immer weiter
968 4272 3083 4438 reden, was ihm offenbar wohlthat. Er ging im
968 4446 3195 4547 Zimmer hin und her,- manchmal setzte er sich auf
982 4651 3139 4710 die Lehne eines Fauteuils,- manchmal stand er,
