3656 5496
1497 298 1657 458 1
2086 287 2555 529 '̃̃:̃ :̃
943 755 3095 912 lichkeit erfüllte, traf mich ein Blick aus ih-
940 874 3093 1080 ren Ausgen, der mir - gerade mir - sagen woll-
965 1047 2999 1202 te: Ich weiss, dass Sie meinen Gatten nicht
940 1180 3123 1384 gern haben, ich weiss, Sie bilden sich ein, er
965 1315 3021 1502 hat mich nur meines Gelds wegen geheirathet,
965 1513 2991 1645 ich weiss, Sie glauben, er betrügt mich und
965 1673 3076 1797 ich leide,- aber Sie irren sich. Sehen Sie es
970 1822 3079 1960 ein? - Und als meine Augen die ihren fragten,
962 1951 2971 2120 antworteten diese noch eindringlicher: Ich
965 2117 3167 2246 bitte Sie, sehen Sie es ein! - Und ich gehorch¬
978 2307 3131 2420 te ihrem Blick. Und als ich das Fest verliess,
976 2426 3150 2583 drückte ich ihr die Hand, und sie fühlte, dass
976 2602 3120 2715 sie mich überzeugt hatte. - Wie lange ist das
981 2742 3115 2878 jetzt her? Drei Jahre, denk' ich, Dann sprach
995 2891 3062 3015 ich sie lange Zeit sehr wenig. Es kamen zwei
987 2993 3206 3170 Winter, während deren ich wenig in Gesellschaft
987 3175 3178 3338 ging. Das letzte Mal bin ich ihr vor einem hal-
987 3346 3115 3478 ben Jahr begegnet - bei Ahlenbecks... Ja, ja,
987 3495 3040 3630 derselbe, für dessen Landhaus in Hietzing
998 3655 3087 3826 Samodeschi die Brunnenfigur der griechischen
1001 3834 3081 3944 Tänzerin gemacht hat, die Sie so sehr bewun¬
1012 3963 3156 4104 dern. Auch ich bewundere sie, trotzdem mir Da-
1001 4140 3128 4253 modeschi zuwider ist und trotzdem ich glaube,
1012 4294 3164 4443 dass nicht eigentlich er es ist, der die schö-
1012 4440 3087 4575 nen Sachen macht, die ihm zuweilen gelingen,
1023 4586 3131 4741 sondern irgend etwas Unbegreifliches, Glühen¬
1031 4721 3159 4870 des,- mehrthalben Dämonisches, das eigentlich
