3656 5512
2214 307 2375 542 :1:1
1439 495 1633 678 4
861 819 3039 1041 mit seinem Glück bei Frauen zusammenhängt, nur
886 1005 2931 1160 in seinen Sinnen wurzelt und erlöschen wird,
886 1140 2914 1301 wenn er aufhört, jung zu sein. Lachen Sie
863 1303 3047 1489 mich aus, wenn es Ihnen beliebt. Es giebt eine
869 1467 3058 1616 ganze Reihe von Künstlern, denen gegenüber ich
880 1630 3006 1760 diese Empfindung habe, und das sind nicht die
891 1774 2970 1912 Grossen für mich. An jenem Abend also, da
902 1923 3055 2067 ich die arme Frau zum letzten Mal sah, war sie
902 2078 3022 2233 bei Tisch meine Nachbarin. Uns gegenüber sass
899 2228 2887 2380 Samodeschi, an seiner Rechten die Frau des
897 2383 2892 2582 Hauses - nicht mehr jung, wie Sie wissen,
902 2513 3077 2698 aber immerhin hat sich ihr Mann vor einem Jahr
916 2698 2964 2812 Ihre twegen - ganz best immt ihretwegen, wenn
908 2848 2953 3008 auch ein anderer Grund angegeben wird mit
916 2961 3138 3147 dem Hofrath Dötz geschossen und sich doch nicht
916 3113 3086 3285 scheiden lassen. An Samodeschi's anderer Seite
933 3321 3080 3448 sass Frau irgend eine Andere, die ich lie-
944 3434 3127 3589 ber nicht nennen will, weil ich ihr am End’ Un¬
927 3617 3108 3769 recht thue. Jedenfalls hab' ich nie einen Mann
938 3778 3141 3899 so mit Blicken, Worten und Geberden umglüht ge-
935 3919 3100 4057 sehen, als es der berühmte Bildhauer an diesem
938 4063 3061 4218 Abend war. Er liess es sich anfængas eben ge-
952 4184 3055 4373 fallen, aber manches leider gesprochene Wort,
960 4364 3102 4553 von jenem widerwärtigen Siegerblick begleitet,
952 4519 3072 4680 den solche Männer oft haben, die eigenthümli-
952 4705 3113 4865 che Erregung seiner Nachbarinnen, die sich ge-
