3640 5416
2641 222 2843 460 1.°
1444 543 1607 690 15
842 823 2951 995 hern nahm er auch das letzte an. Er that ihr
873 978 3101 1181 den Gefallen und glaubte ihr, dass sie an einem
878 1128 3048 1316 Anfall von Herzschwäche starb. Er that ihr den
876 1297 2569 1485 Gefallen und forschte nicht weiter."
1133 1436 2511 1643 "Was meinen Sie?" fragte ich.
1128 1571 3029 1763 “Er forschte nicht weiter... sonst hätte
903 1765 2259 1932 er am Ende merken müssen.
1142 1945 2017 2098 "Was?" fragte ich.
1161 2020 3120 2259 "Dass ein gewisser kleiner krystallflacon,
937 2200 3054 2417 den sie seit ihrem Verlobungstag an einer gel
926 2344 2918 2563 denen Kette an der Brust tr einem Armband
942 2544 2397 2702 immer bei sich trug, leer war.“
1189 2677 2267 2818 „Woher wissen Sie...?“
1203 2824 3107 2957 "Das ist sehr einfach", sagte der Doktor.
970 2974 2951 3159 Den gefüllten Flacon war ein Hochzeitsge¬
962 3104 2987 3314 Geschenk, das sie als Hochzeitsgabe von mir
981 3295 2957 3461 begehrte, und den leeren liess sie mir als
962 3483 1799 3639 Erbstück zurück."
1602 3774 2142 3919 -- coOoo--
