3672 5512
2160 316 3088 526 '̃' ̃ «: «:
3170 218 3368 512 décembre.
1427 478 1684 638 11.
862 747 2993 951 wort. Léonce fragte ein paar Bekannte, die er
867 898 3027 1083 traf, ob sie das hübsche Wesen kennten,- Einer
878 1080 3024 1236 erinnerte sich, dass er sie vor ein paar Mona¬
884 1242 2890 1413 ten auf einem der Donnerstag-Bälle im Café
890 1379 3005 1547 Latin drüben gesehen hatte. Léonce sprach sie
881 1505 2963 1687 an, ihm gab sie Antwort, dann kam er mit ihr
887 1692 3069 1860 zu uns, wir setzten uns Alle zusammen an einen
887 1852 2971 2006 kleinen Tisch und tranken Champagner. Gregor
898 2014 3027 2157 kümmerte sich garnicht um sie; das schien sie
898 2160 3044 2319 ganz besonders zu reizen. Sie wurde immer hei¬
923 2297 3083 2487 terer, immer gesprächiger, und plötzlich hatte
926 2459 2993 2613 sie uns ihre ganze Lebensgeschichte erzählt.
926 2602 2823 2778 Das war unglaublich!... Nein, was es für
920 2733 3074 2926 Schicksale giebt! was so ein armes Ding alles
937 2923 3186 3122 erleben kann!...  Wie sie fünfzehn Jahr alt war,
929 3055 3091 3228 hatte sie Einer verführt, dann war sie Modell,
1013 3178 3091 3391 dann an einem kleinen Theater,- anfangs Sta-
948 3399 3139 3536 tistin, bis sie die Geliebte des Direktors wur-
948 3511 3044 3682 de, von dem sie uns Sachen erzählte....! Ich
948 3690 3052 3861 glaube, ich hätte nicht zuhören können, wenn
965 3844 3091 4009 ich nicht schon vom Champagner ein ganz klein
982 4009 3007 4165 wenig beduselt gewesen wäre. Dann hatte sie
982 4129 3086 4303 sich in einen Studenten der Medizin verliebt,
988 4305 3060 4456 in einen, der in der Anatomie arbeitete,- da
982 4454 3049 4619 erzählte sie uns irgendetwas ganz Grauenvol-
982 4602 3058 4778 les, wie sie ihn einmal aus der Leichekammer
996 4792 3133 4954 abgeholt hatte... Es ist nicht möglich, davon
