3656 5512
1799 335 2347 509 1' 1' 7' 7
1254 324 1688 484 Votre très-Monsieur; il y'y ai fait
1528 567 1696 670 5
935 833 3058 1052 wissermaassen in jeder Bewegung ihrer Lippen
958 996 3152 1165 aussprach, deutete darauf hin, dass die schein-
966 1179 3044 1287 bar harmlose Unterhaltung von einem geheimen
958 1309 3163 1470 Feuer unterzündet werde. Ich konnte nicht zwei¬
966 1481 3039 1622 feln, dass Frau Mathilde das alles ebensegut
963 1613 3075 1755 bemerkte als ich, und wieder wusste sie, dass
971 1771 3003 1912 ich es bemerkte. Und unter den Wellen eines
980 1932 3003 2067 scheinbar belanglesen Gesprächs, führte sie
980 2081 3108 2247 einen verborgenen und verzweifelten Kampf, um
974 2228 2981 2408 mir die Ueberzeugung von ihrem ungetrübten
980 2394 3144 2568 Glücke beizubringen. Aber als spürte sie, dass
1002 2535 3149 2682 ihr Wille allein nicht ausreichte und dass sie
991 2662 2989 2837 zu bessern Waffen greifen müsste, sing sie
994 2848 3100 2997 plötzlich beinah unvermittelt an, mir von ih-
1005 3022 3066 3158 rem Mann zu sprechen, der uns gegenübersass,
1016 3144 3050 3282 von seiner Schönheit, seinem Talent, seinem
999 3293 3089 3437 Ruhm, seinem Glück bei Frauen,- als wenn das
999 3462 3224 3625 lauter Dinge wären, an denen sie sich als treue
1007 3614 3061 3775 Kameradin und geliebte Frau ausschliesslich
1010 3780 3108 3886 freuen dürfte, ohne jemals Anlass zur Beunru-
1010 3908 3036 4060 higung zu finden. Aber je mehr sie sich be¬
1021 4060 3047 4220 strebte, ruhig und vergnügt zu scheinen, je
1021 4226 3100 4381 heiterer sie die gelegentlichen Blicke ihres
1027 4362 3199 4514 Manns erwiderte, umso tiefere Schatten sah ich
1035 4517 3086 4696 allein über ihre Stirne fliegen. Und in dem
1041 4710 2994 4827 Augenblick, da sie ihr Glas erhob, um den
1035 4854 3202 4993 den gleichen Gruss ihres Manns und seiner zwei
