3688 5496
1269 381 1786 573 9 ̄ —
891 670 2904 882 die Sache ja keinen Sinn gehabt... Ich hab'
894 856 2951 1015 übrigens famos ausgesehen — Sie hätten mich
915 1021 3114 1151 auch nicht erkannt.... Ein Freund meines Manns,
891 1151 2892 1334 Léonce Albert halte hiess er, ein Maler,
903 1331 2972 1514 holte uns ab. Es war ein wunderschöner Früh-
900 1476 2886 1650 lingsabend - ganz warm. Ich wagte sogar
921 1638 3004 1786 meinen Ueberzieher abzulegen und ihn auf dem
915 1774 3016 1930 Arm zu tragen, wie ich das an Herren gesehen
924 1921 3090 2089 hatte. Wir soupierten in einem kleinen Restau¬
938 2092 3037 2287 rant auf dem Boulevard, — dann gingen wir in
938 2255 3308 2399 die Roulette, wo damals Legay und Monteja###sangen
944 2379 3043 2556 die Sie neulich hier gehört haben. Dort fing
936 2532 3111 2697 es schon ein wenig an. Eine unglaublich ele-
953 2692 3081 2860 gante Dame kokettierte mit Gregor in einer ge
950 2818 3043 2978 radezu unerhörten Weise. Noch heute kann ich
950 3028 2990 3158 nicht begreifen, dass ihr Mann es nicht be¬
959 3149 3007 3338 merkt und sie auf der Stelle todtgeschossen
956 3311 3128 3456 hat. Ich wette, es war eine Herzogin. Ich hät-
980 3477 3122 3621 te gern gemocht, dass mein Mann darauf eingin-
959 3612 3149 3789 ge... ihr einen Brief zusteckte - oder was ihr
974 3763 3143 3931 Herren sonst in so einem Fall thut. Es wird ja
986 3928 3099 4076 nichts besonders Tiefsinniges sein. Aber Gre-
977 4108 3031 4276 ger hatte keine Lust. Dann gingen wir fort,
983 4220 3119 4386 Albert immer mit uns natürlich. Der verliebte
986 4409 3099 4536 sich übrigens an diesem Abend direkt in mich
995 4539 3125 4719 und wurde gegen seine Gewohnheit sehr galant.
1006 4704 3240 4881 Ich sagt' ihm noch: "Man muss wohl einen gelben
1257 5097 1434 5256 1
