3656 5512
1385 451 1608 633 7
826 793 2784 924 früher ihren einzigen Reiz bedeutet haben
820 940 2972 1092 mochte. Aber ich stimmte ihr mit einigen über-
847 1086 2991 1258 triebenen Komplimenten so lebhaft zu, dass sie
850 1228 2847 1418 ziemlich erfreut war und muthiger fortfuhr:
861 1410 2974 1551 "Aber ich hab' wirklich kein Talent zur Eifer-
850 1543 2877 1700 sucht gehabt. Wahrscheinlich weil ich keine
861 1714 2893 1885 Ursache hatte - oder wenigstens nie glauben
858 1855 2977 1996 könnte, dass ich Ursache habe, was ja auf das
872 2029 2931 2165 selbe herauskommt. - Ich will Ihnen eine Ge-
872 2140 2885 2314 schichte erzählen, wenn Sie Lust haben, mir
872 2336 2985 2458 zuzuhören. Sie wissen doch, dass wir im vori-
869 2469 3056 2643 gen Jahre zusammen in Paris waren. Gregor mach¬
877 2599 3001 2768 te dort die Büstende Fürstin La Hire und des
864 2787 2825 2934 Ministers Chocquet und ausserdem ein paar
891 2928 2999 3097 Skizzen für die griechische Tänzerin, die Sie
896 3078 3004 3219 kennen. Er hat in Paris dafür bessere Modelle
896 3251 2993 3414 gefunden als hier. Wir haben in Paris, trotz-
910 3387 2991 3561 dem wir auch manchmal in die grosse Welt sin-
896 3550 2996 3700 gen, gewissermaassen wie junge Leute gelebt -
902 3694 3050 3838 nun ja, jung sind wir noch Beide, ich meine,
918 3833 3050 4004 wie ein Liebespaar. Wir wohnten sogar in Mont-
902 3993 3067 4167 martre, im selben Haus, wo Gregor sein Atelier
913 4164 2966 4341 hatte. Ich versichere Sie, unter den jungen
934 4330 3116 4479 Künstlern, mit denen wir dort verkehrten, hiel-
932 4471 3053 4620 ten uns viele für nicht verheirathet. Ich bin
934 4618 3110 4772 überall mit ihm herumgestiefelt... oft bin ich
940 4778 3048 4925 in der Nacht mit ihm im Café Athène gesessen,
1423 4900 1581 5006 und
934 4952 3001 5117 mit Léandre Carabin... und Andern auch....
