3688 5528
348 361 709 528 läänigste ält.
2302 331 2719 563 Votre très-sevoir:
968 345 1151 517 :1
1202 372 1719 558 - 10 —
870 660 3021 862 Ueberz ieher haben, damit Sie Einem den Hof ma-
870 862 1213 1005 chen."
1118 1008 2951 1121 Immer rascher, immer erregter hatte sie
868 1170 3026 1294 gesprochen, während sie zuweilen hilflose Bli-
884 1331 2916 1447 cke zu ihrem Mann hinüber warf, für den sie
881 1453 2951 1598 überhaupt nicht mehr da war. Jetzt hielt sie
887 1620 2830 1757 einen Augenblick inne, und sofort stürzte
892 1806 3037 1905 sie gleichsam wieder weiter. "Was glauben Sie,
897 1948 2838 2072 wohin wir jetzt den Weg nahmen?... Längst
895 2086 2959 2231 hatte ich mir gewünscht, dieses Lokal zu se-
911 2264 2946 2385 hen, aber Gregor wollte mich nie mitnehmen,
922 2388 2991 2528 erst an diesem Abend, wo ich ein junger Mann
927 2539 2927 2679 war, entschloss er sich dazu. Ueberdies ge-
916 2684 3018 2832 hörte es zum Programm. - Moulin rouge!.Nun,
919 2846 2983 2989 im Ganzen muss ich ja sagen, ist die Gemein-
916 2962 3048 3142 heit als solche garnicht so amüsant, wie sich
916 3140 2954 3277 die anständigen Frauen vorstellen, aber man
932 3291 2956 3447 hatte mir erzählt, dass auch die sogenannte
935 3425 3064 3598 "bessere Halbwelt“, ja sogar kleine Schauspie-
927 3627 2989 3730 lerinnen gelegentlich Ausflüge in solche Ge-
941 3754 3010 3900 genden machen, und es ist sehr möglich, dass
946 3916 3062 4069 die Person, von der ich Ihnen gleich erzählen
941 4091 2994 4210 will, etwas Besseres war,- wenigstens inner-
941 4245 3102 4377 lich. Mir schien es wenigstens so. Sie machte
941 4385 3051 4509 Nämlich einen ganz ernsten, stillen Eindruck,
943 4511 2986 4738 sie war garnicht auffallend angezogen, ganz
959 4689 3075 4835 einfach, in Weiss; zwei oder drei Herren, die
949 4862 3008 5021 sie ansprachen, gab sie überhaupt keine Ant-
