3640 5480
1414 409 1818 537 14 -
842 643 2902 850 eines weiblichen Wesens so viel Leid ausdrü¬
845 831 2965 1006 cken und verbergen gesehen. Dann, nachdem sie
853 1006 2943 1183 sich gefasst zu dem Letzten, was sie noch zu
853 1155 2989 1319 sagen hatte, fuhr sie fort: "Mein Mann wollte
867 1294 2943 1510 durchaus, dass ich am nächsten Tag, wenn sie
883 1444 2984 1646 käme, dabei sein sollte.... ja, noch mehr, er
888 1586 3011 1801 wünschte sogar, dass ich hinter einem Vorhang
905 1747 3057 1924 verborgen bliebe.... Nun, es giebt Frauen, die
902 1910 3033 2145 darauf eingegangen wären; ich aber finde: ent-
918 2055 2962 2245 weder man glaubt oder man glabt nicht. Hab
916 2294 1452 2412 ich Recht?“
1183 2333 3030 2562 "Igrne Irgend Jemand hatte plötzlich be¬
940 2515 3077 2714 gonnen, einen heitern Toast auf den Hausherrn
943 2657 3055 2853 zu sprechen und Alle schwiegen. Ich aber sah,
948 2826 2989 3006 wie Mathilde zu ihrem Gatten hinüberblickte
959 2978 3087 3150 und ihm wieder einen jener Blicke zuwarf, die
959 3117 3003 3305 sagen sollten: Ich glaube Dir,- als wäre es
989 3273 3186 3502 ihre Pflicht, ihn zu beruhigen und ihn im Glück
976 3447 3098 3622 seines Daseins nicht zu stören. Er wusste na¬
984 3572 3019 3777 türlich so gut wie ich, dass sie litt,- wie
1006 3747 3022 3962 ein Thier, sag' ich Ihnen!... Aber giebt es
1000 3886 3136 4079 denn ein Opfer, das die Männer von einer Frau
1008 4038 3120 4262 nicht annehmen, von der sie geliebt werden? "
1254 4172 3158 4379 Der Doktor ging jetzt einige Zeit schwei-
1019 4360 3202 4553 gend im Zimmer auf und ab. Dann lehnte er sich
1033 4515 3196 4714 ans Fensterkreuz und fuhr fort: "Wie alle frü-
