3656 5512
3172 373 3346 567 V. R.
1484 474 1697 592 6
903 743 2996 909 Nachbarinnen zu erwidern, sah ich, nicht wie
914 864 3069 1080 ihre Hand zitterte,- nein! - wie sie vielmehr,
914 1063 3063 1209 alle Anstrengung machte, dieses Zittern zu be-
914 1223 3029 1372 herrschen und dadurch in eine so eigenthümli¬
914 1352 3080 1509 che Starrheit verfiel, dass mir beinah graute.
931 1520 2979 1697 Und plötzlich sah sie mich von der Seite an
923 1627 3133 1815 und lächelte. Und als fühlte sie, dass sie kei¬
945 1809 3066 1986 ne Zeit weiter zu verlieren hätte, ###
945 1966 3032 2146 redete sie weiter und wagte den letzten ver-
945 2132 3195 2286 zweifelten Versuch - Aufrichtigkeit. “Sie glau¬
948 2280 3029 2463 ben gewiss, ich bin eifersüchtig", sagte sie
951 2452 3094 2623 lachend. "Oh, das denken Viele! Im Anfang hat
957 2609 3069 2746 es sogar Greger selbst geglaubt.“ Sie sprach
957 2755 3128 2945 ganz laut, und wenn Die drüben zuhörten, konn¬
962 2900 3071 3066 ten sie jedes Wort verstehen. "Und, wenn ich
973 3038 3100 3192 die Wahrheit sagen soll, ich hab' mich selbst
973 3223 3186 3341 anfangs für ein' bisschen eifersüchtig gehalten.
971 3352 3150 3512 Nun ja, die Gattin eines schönen und berühmten
973 3523 3114 3652 Manns.... und wenn man selbst nicht besonders
985 3661 3108 3820 hübsch ist... Sie brauchen mir nicht zu erwi-
1004 3792 3212 3986 dern - ich weiss ja: seit dem Kind bin ich viel
1015 3980 3038 4132 schöner geworden." Das schien sie selbst zu
996 4146 3077 4303 meinen in der glücklichen Einbildung so vie¬
1015 4278 2996 4457 ler Mütter. In Wahrheit hatte ihre Gestalt
1015 4404 3167 4600 seitdem die Mädchenhafte Schlankheit verlo-
1021 4609 3029 4802 ren, die für einen Menschen wie Samedeschi
