3672 5512
2257 328 2447 570 7/1
1426 471 1715 628 12 —
862 718 2978 919 zu sprechen... Und der hatte sie dann verlas-
870 922 2984 1140 sen. Und das wollte sie nicht überleben,- ge-
875 1087 2882 1250 rade bei Dem! "Que dites-veus, mes enfants?"
892 1247 2904 1376 sagte sie, "je croie bien que j'étais bête,
892 1385 2882 1574 le trente-huitième, là je ne pouvais plus!
903 1541 3055 1693 Und sie lüftete ein wenig ihr Kleid und zeigte
900 1704 2923 1852 über der linken Brust eine kleine röthliche
889 1855 3055 2042 Warbe. Und wie wir sie Alle ganz ernsthaft be-
914 2007 3094 2147 trachten, schreit sie plötzlich meinen Mann an:
930 2155 3088 2329 "Küssen!" Ich sagte Ihnen schon, Gregor kümmer¬
914 2345 2975 2480 te sich nicht um sie,- ich habe ihn aber ge-
906 2477 2948 2634 zwickt und gestossen, und ob er wollte oder
922 2579 3091 2780 nicht, er musste die Narbe küssen.... Nun, und
930 2741 3008 2918 dann wurde es immer lustiger und toller. Nie
930 2934 3017 3083 hätt' ich es für möglich gehalten, dass sich
933 3072 3003 3204 ein weibliches Wesen im Verlauf einer Stunde
941 3242 3000 3372 so irrsinnig in einen Mann verlieben könnte,
950 3366 2934 3526 wie dieses Geschöpf in Gregor... Sie hiess
950 3559 1616 3705 Madeleine....“
1175 3669 2835 3815 Ihr Mann schien den Namen zu hören,
958 3851 3130 3975 blickte herüber, unsere Blicke begegneten sich
974 3991 3132 4140 und blieben eine Weile in einander ruhen; dann
969 4145 3182 4288 lächelte er seiner Frau zu, sie nickte lächelnd
969 4305 3119 4445 zurück, er sprach wieder mit seinen Nachbarin-
969 4478 2510 4635 nen, und sie wandte sich zu mir,
1225 4624 3119 4745 "Ich weiss mich natürlich nicht mehr an
972 4776 2945 4968 alles zu erinnern, was Madeleine
