<?xml version="1.0" encoding="UTF-8" standalone="yes"?>
<PcGts xmlns="http://schema.primaresearch.org/PAGE/gts/pagecontent/2013-07-15" xmlns:xsi="http://www.w3.org/2001/XMLSchema-instance" xsi:schemaLocation="http://schema.primaresearch.org/PAGE/gts/pagecontent/2013-07-15 http://schema.primaresearch.org/PAGE/gts/pagecontent/2013-07-15/pagecontent.xsd">
    <Metadata>
        <Creator>prov=READ-COOP:name=TrHtr:version=2.1.0:model_id=51170:date=14_08_2023_16:34</Creator>
        <Created>2023-05-10T14:27:14.888+02:00</Created>
        <LastChange>2023-08-14T16:34:32.961+02:00</LastChange>
        <TranskribusMetadata docId="1428628" pageId="55419984" pageNr="4" tsid="132815786" status="IN_PROGRESS" userId="64420" imgUrl="https://files.transkribus.eu/Get?id=VXUATYRFYMNUTBYSPDYXKTFS&amp;fileType=view" xmlUrl="https://files.transkribus.eu/Get?id=UXZBYRTEJINWXSYXNUNLGLOO" imageId="44694086"/>
    </Metadata>
    <Page imageFilename="1428628_0004.jpg" imageWidth="3640" imageHeight="5496">
        <ReadingOrder>
            <OrderedGroup id="ro_1711820354401" caption="Regions reading order">
                <RegionRefIndexed index="0" regionRef="tr_1"/>
                <RegionRefIndexed index="1" regionRef="tr_3"/>
                <RegionRefIndexed index="2" regionRef="tr_2"/>
            </OrderedGroup>
        </ReadingOrder>
        <TextRegion id="tr_1" custom="readingOrder {index:0;}">
            <Coords points="896,296 3070,296 3070,1820 896,1820"/>
            <TextLine id="tr_1_tl_1" custom="readingOrder {index:0;}">
                <Coords points="2070,404 2087,401 2107,412 2174,361 2197,356 2245,381 2299,370 2299,280 2276,274 2245,285 2225,277 2200,302 2177,288 2146,299 2129,288 2109,299 2070,299"/>
                <Baseline points="2084,352 2174,346 2264,346 2305,352"/>
                <TextEquiv>
                    <Unicode>I:V:H:I:</Unicode>
                </TextEquiv>
            </TextLine>
            <TextLine id="tr_1_tl_2" custom="readingOrder {index:1;}">
                <Coords points="2016,486 2070,486 2098,460 2129,486 2146,477 2157,489 2180,480 2191,489 2208,474 2228,472 2225,342 2169,361 2140,344 2109,364 2059,347 2013,359"/>
                <Baseline points="2031,442 2120,442 2210,448 2234,442"/>
                <TextEquiv>
                    <Unicode>" "</Unicode>
                </TextEquiv>
            </TextLine>
            <TextLine id="tr_1_tl_3" custom="readingOrder {index:2;}">
                <Coords points="1471,596 1508,599 1533,624 1550,618 1570,630 1641,570 1700,579 1706,432 1683,438 1660,429 1649,441 1618,441 1567,480 1528,480 1502,503 1474,494"/>
                <Baseline points="1487,573 1529,573 1618,567 1708,567"/>
                <TextEquiv>
                    <Unicode>2 -</Unicode>
                </TextEquiv>
            </TextLine>
            <TextLine id="tr_1_tl_4" custom="readingOrder {index:3;}">
                <Coords points="892,875 3064,901 3044,779 892,808"/>
                <Baseline points="908,872 997,878 1087,878 1176,878 1266,878 1356,878 1445,878 1535,872 1624,872 1714,878 1804,878 1893,878 1983,878 2072,878 2162,878 2252,878 2341,878 2431,878 2520,878 2610,878 2700,878 2789,878 2879,878 2969,878 3058,878 3070,878"/>
                <TextEquiv>
                    <Unicode>wie es seine Gewohnheit war, mit verschränkten</Unicode>
                </TextEquiv>
            </TextLine>
            <TextLine id="tr_1_tl_5" custom="readingOrder {index:4;}">
                <Coords points="881,1048 2491,1070 2491,923 2335,974 1488,988 1338,937 881,988"/>
                <Baseline points="896,1027 985,1027 1075,1027 1164,1033 1254,1033 1344,1033 1433,1033 1523,1033 1612,1027 1702,1027 1792,1027 1881,1027 1971,1027 2061,1033 2150,1033 2240,1033 2329,1033 2419,1033 2497,1033"/>
                <TextEquiv>
                    <Unicode>Armen an das Fensterkreuz gelehnt.</Unicode>
                </TextEquiv>
            </TextLine>
            <TextLine id="tr_1_tl_6" custom="readingOrder {index:5;}">
                <Coords points="1135,1178 1491,1248 1573,1200 3010,1209 3010,1121 2626,1090 1830,1152 1135,1118"/>
                <Baseline points="1152,1170 1242,1176 1332,1188 1421,1188 1511,1182 1601,1182 1690,1188 1780,1188 1869,1188 1959,1188 2049,1188 2138,1188 2228,1188 2317,1182 2407,1188 2497,1188 2586,1188 2676,1188 2765,1182 2855,1188 2945,1182 3016,1182"/>
                <TextEquiv>
                    <Unicode>"Sie glauben", sprach er, "dass Frau Ma¬</Unicode>
                </TextEquiv>
            </TextLine>
            <TextLine id="tr_1_tl_7" custom="readingOrder {index:6;}">
                <Coords points="892,1353 3036,1372 3036,1288 2908,1265 892,1290"/>
                <Baseline points="908,1332 997,1338 1087,1338 1176,1344 1266,1344 1356,1344 1445,1344 1535,1338 1624,1338 1714,1338 1804,1338 1893,1338 1983,1338 2072,1344 2162,1344 2252,1344 2341,1344 2431,1344 2520,1338 2610,1344 2700,1344 2789,1344 2879,1344 2969,1344 3040,1356"/>
                <TextEquiv>
                    <Unicode>thilde an einem Herzschlag gestorben ist? Nun,</Unicode>
                </TextEquiv>
            </TextLine>
            <TextLine id="tr_1_tl_8" custom="readingOrder {index:7;}">
                <Coords points="898,1525 1850,1516 1850,1454 1691,1420 1533,1457 1367,1403 1251,1437 949,1415 898,1443"/>
                <Baseline points="914,1499 961,1493 1051,1499 1141,1493 1230,1493 1320,1493 1409,1487 1499,1493 1589,1493 1678,1493 1768,1493 1857,1493"/>
                <TextEquiv>
                    <Unicode>ich glaube es nicht.</Unicode>
                </TextEquiv>
            </TextLine>
            <TextLine id="tr_1_tl_9" custom="readingOrder {index:8;}">
                <Coords points="1107,1694 1237,1714 1324,1655 1697,1655 1861,1714 1994,1672 2098,1720 2344,1663 2587,1694 2587,1593 2519,1581 1107,1581"/>
                <Baseline points="1123,1648 1212,1648 1302,1648 1391,1648 1481,1654 1571,1654 1660,1654 1750,1654 1839,1654 1929,1654 2019,1654 2108,1654 2198,1648 2288,1654 2377,1648 2467,1654 2556,1654 2592,1654"/>
                <TextEquiv>
                    <Unicode>Und als ich ihn erstaunt ansah:</Unicode>
                </TextEquiv>
            </TextLine>
            <TextLine id="tr_1_tl_10" custom="readingOrder {index:9;}">
                <Coords points="1135,1858 1403,1807 1553,1872 1660,1818 2892,1841 2920,1725 1135,1734"/>
                <Baseline points="1152,1798 1242,1804 1332,1804 1421,1804 1511,1804 1601,1804 1690,1804 1780,1804 1869,1804 1959,1804 2049,1804 2138,1804 2228,1804 2317,1804 2407,1804 2497,1804 2586,1804 2676,1804 2765,1804 2855,1804 2927,1810"/>
                <TextEquiv>
                    <Unicode>“Auch wenn ich an ihrem Bett gestanden</Unicode>
                </TextEquiv>
            </TextLine>
        </TextRegion>
        <TextRegion id="tr_3" custom="readingOrder {index:1;}">
            <Coords points="884,1903 3094,1903 3094,2889 884,2889"/>
            <TextLine id="tr_3_tl_1" custom="readingOrder {index:0;}">
                <Coords points="892,1977 2369,2011 2908,1968 2908,1892 892,1903"/>
                <Baseline points="908,1959 997,1959 1087,1965 1176,1959 1266,1965 1356,1959 1445,1959 1535,1959 1624,1959 1714,1959 1804,1959 1893,1959 1983,1959 2072,1959 2162,1959 2252,1959 2341,1959 2431,1959 2520,1959 2610,1953 2700,1959 2789,1959 2879,1959 2915,1959"/>
                <TextEquiv>
                    <Unicode>wäre, um sie sterben zu sehen, hätt' ich es</Unicode>
                </TextEquiv>
            </TextLine>
            <TextLine id="tr_3_tl_2" custom="readingOrder {index:1;}">
                <Coords points="881,2115 1262,2180 2321,2115 2626,2174 2903,2135 2903,2044 881,2075"/>
                <Baseline points="896,2114 985,2114 1075,2114 1164,2120 1254,2114 1344,2114 1433,2114 1523,2114 1612,2114 1702,2114 1792,2108 1881,2114 1971,2114 2061,2108 2150,2114 2240,2114 2329,2114 2419,2114 2509,2108 2598,2108 2688,2114 2777,2114 2867,2114 2909,2120"/>
                <TextEquiv>
                    <Unicode>nicht geglaubt. Ich will Ihnen etwas sagen:</Unicode>
                </TextEquiv>
            </TextLine>
            <TextLine id="tr_3_tl_3" custom="readingOrder {index:2;}">
                <Coords points="881,2270 1045,2335 1330,2276 2756,2310 2956,2287 2956,2211 881,2231"/>
                <Baseline points="896,2270 902,2264 991,2270 1081,2270 1170,2264 1260,2270 1350,2270 1439,2270 1529,2264 1618,2264 1708,2264 1798,2264 1887,2270 1977,2264 2066,2264 2156,2264 2246,2264 2335,2264 2425,2264 2515,2264 2604,2264 2694,2264 2783,2264 2873,2264 2963,2264"/>
                <TextEquiv>
                    <Unicode>sie hat allen Menschen - und vor allem ihrem</Unicode>
                </TextEquiv>
            </TextLine>
            <TextLine id="tr_3_tl_4" custom="readingOrder {index:3;}">
                <Coords points="870,2426 3086,2465 3036,2344 870,2369"/>
                <Baseline points="884,2425 943,2419 1033,2419 1123,2419 1212,2419 1302,2419 1391,2419 1481,2419 1571,2419 1660,2419 1750,2419 1839,2419 1929,2419 2019,2419 2108,2419 2198,2419 2288,2419 2377,2419 2467,2419 2556,2419 2646,2419 2736,2419 2825,2419 2915,2413 3004,2419 3094,2413"/>
                <TextEquiv>
                    <Unicode>Mann - die Komödie eines natürlichen Todes vor-</Unicode>
                </TextEquiv>
            </TextLine>
            <TextLine id="tr_3_tl_5" custom="readingOrder {index:4;}">
                <Coords points="870,2587 2705,2623 2990,2587 2990,2499 1355,2533 1163,2479 870,2547"/>
                <Baseline points="884,2586 937,2580 1027,2574 1117,2580 1206,2580 1296,2580 1385,2574 1475,2574 1565,2574 1654,2574 1744,2574 1833,2574 1923,2574 2013,2574 2102,2574 2192,2574 2282,2574 2371,2574 2461,2574 2550,2574 2640,2574 2730,2574 2819,2574 2909,2574 2998,2568"/>
                <TextEquiv>
                    <Unicode>gespielt, so wie sie die Komödie des glückli-</Unicode>
                </TextEquiv>
            </TextLine>
            <TextLine id="tr_3_tl_6" custom="readingOrder {index:5;}">
                <Coords points="887,2733 2903,2773 2903,2668 2835,2657 887,2677"/>
                <Baseline points="902,2730 991,2730 1081,2730 1170,2730 1260,2730 1350,2730 1439,2730 1529,2730 1618,2724 1708,2724 1798,2724 1887,2724 1977,2724 2066,2724 2156,2724 2246,2724 2335,2724 2425,2724 2515,2724 2604,2724 2694,2724 2783,2724 2873,2730 2909,2730"/>
                <TextEquiv>
                    <Unicode>chen und geliebtes Weibes durchgeführt hat,</Unicode>
                </TextEquiv>
            </TextLine>
            <TextLine id="tr_3_tl_7" custom="readingOrder {index:6;}">
                <Coords points="892,2883 3010,2900 3010,2810 2911,2796 892,2815"/>
                <Baseline points="908,2867 997,2873 1087,2873 1176,2873 1266,2873 1356,2879 1445,2873 1535,2873 1624,2873 1714,2873 1804,2873 1893,2873 1983,2873 2072,2873 2162,2873 2252,2873 2341,2873 2431,2873 2520,2873 2610,2873 2700,2873 2789,2879 2879,2879 2969,2879 3016,2879"/>
                <TextEquiv>
                    <Unicode>von dem Tage an, da sie die Frau Samodeschi's</Unicode>
                </TextEquiv>
            </TextLine>
        </TextRegion>
        <TextRegion id="tr_2" custom="readingOrder {index:2;}">
            <Coords points="884,2972 3142,2972 3142,4753 884,4753"/>
            <TextLine id="tr_2_tl_1" custom="readingOrder {index:0;}">
                <Coords points="870,3030 2999,3089 2999,2971 2827,2942 870,2985"/>
                <Baseline points="884,3022 973,3028 1063,3028 1152,3028 1242,3028 1332,3028 1421,3028 1511,3028 1601,3028 1690,3028 1780,3028 1869,3028 1959,3028 2049,3028 2138,3028 2228,3028 2317,3028 2407,3028 2497,3028 2586,3028 2676,3034 2765,3034 2855,3028 2945,3028 3004,3034"/>
                <TextEquiv>
                    <Unicode>wurde und gewusst hat, dass sie nicht geliebt</Unicode>
                </TextEquiv>
            </TextLine>
            <TextLine id="tr_2_tl_2" custom="readingOrder {index:1;}">
                <Coords points="887,3188 2815,3230 2979,3196 2979,3081 2807,3165 2332,3095 887,3132"/>
                <Baseline points="902,3184 991,3178 1081,3184 1170,3184 1260,3184 1350,3184 1439,3184 1529,3184 1618,3184 1708,3184 1798,3184 1887,3184 1977,3184 2066,3184 2156,3184 2246,3184 2335,3184 2425,3184 2515,3184 2604,3184 2694,3184 2783,3190 2873,3184 2963,3184 2986,3184"/>
                <TextEquiv>
                    <Unicode>wird und nicht glücklich ist. Ich selbst, der</Unicode>
                </TextEquiv>
            </TextLine>
            <TextLine id="tr_2_tl_3" custom="readingOrder {index:2;}">
                <Coords points="887,3349 2920,3366 2920,3278 2827,3267 887,3273"/>
                <Baseline points="902,3339 991,3333 1081,3333 1170,3333 1260,3333 1350,3333 1439,3333 1529,3339 1618,3339 1708,3339 1798,3339 1887,3339 1977,3333 2066,3333 2156,3339 2246,3339 2335,3339 2425,3333 2515,3339 2604,3339 2694,3339 2783,3339 2873,3339 2927,3345"/>
                <TextEquiv>
                    <Unicode>sie als Mädchen so gut kannte, habe mich ja</Unicode>
                </TextEquiv>
            </TextLine>
            <TextLine id="tr_2_tl_4" custom="readingOrder {index:3;}">
                <Coords points="870,3490 2973,3524 3013,3411 870,3451"/>
                <Baseline points="884,3488 973,3488 1063,3488 1152,3488 1242,3488 1332,3488 1421,3488 1511,3488 1601,3488 1690,3488 1780,3488 1869,3488 1959,3488 2049,3488 2138,3488 2228,3488 2317,3494 2407,3488 2497,3488 2586,3488 2676,3488 2765,3494 2855,3494 2945,3494 3016,3494"/>
                <TextEquiv>
                    <Unicode>einige Zeit hindurch täuschen lassen. Auf dem</Unicode>
                </TextEquiv>
            </TextLine>
            <TextLine id="tr_2_tl_5" custom="readingOrder {index:4;}">
                <Coords points="875,3645 1121,3702 1813,3645 2796,3691 2990,3654 2990,3561 875,3572"/>
                <Baseline points="890,3644 979,3644 1069,3638 1158,3644 1248,3644 1338,3644 1427,3644 1517,3644 1606,3644 1696,3644 1786,3644 1875,3644 1965,3644 2055,3644 2144,3644 2234,3644 2323,3650 2413,3644 2503,3644 2592,3644 2682,3644 2771,3644 2861,3644 2951,3650 2998,3650"/>
                <TextEquiv>
                    <Unicode>berühmten Fest, das Samedeschi im ersten Jahr</Unicode>
                </TextEquiv>
            </TextLine>
            <TextLine id="tr_2_tl_6" custom="readingOrder {index:5;}">
                <Coords points="870,3826 1559,3891 1756,3826 3019,3852 3041,3733 870,3761"/>
                <Baseline points="884,3799 973,3799 1063,3799 1152,3799 1242,3799 1332,3799 1421,3799 1511,3799 1601,3799 1690,3799 1780,3799 1869,3799 1959,3799 2049,3799 2138,3799 2228,3799 2317,3799 2407,3805 2497,3805 2586,3805 2676,3805 2765,3805 2855,3805 2945,3805 3034,3805 3046,3811"/>
                <TextEquiv>
                    <Unicode>seiner Ehe in seinem Atelier gab, auf dem alle</Unicode>
                </TextEquiv>
            </TextLine>
            <TextLine id="tr_2_tl_7" custom="readingOrder {index:6;}">
                <Coords points="870,3956 3134,3998 3132,3894 2911,3880 870,3902"/>
                <Baseline points="884,3954 973,3954 1063,3954 1152,3954 1242,3954 1332,3954 1421,3954 1511,3954 1601,3954 1690,3954 1780,3954 1869,3954 1959,3954 2049,3954 2138,3954 2228,3954 2317,3954 2407,3954 2497,3954 2586,3954 2676,3954 2765,3960 2855,3960 2945,3954 3034,3960 3124,3960 3142,3960"/>
                <TextEquiv>
                    <Unicode>Gäste im Kostüm nach der Botticelli’schen “Prima</Unicode>
                </TextEquiv>
            </TextLine>
            <TextLine id="tr_2_tl_8" custom="readingOrder {index:7;}">
                <Coords points="881,4111 2996,4128 2996,4061 2849,4001 881,4046"/>
                <Baseline points="896,4104 985,4110 1075,4110 1164,4110 1254,4110 1344,4110 1433,4110 1523,4110 1612,4116 1702,4116 1792,4110 1881,4110 1971,4110 2061,4110 2150,4116 2240,4116 2329,4116 2419,4116 2509,4116 2598,4116 2688,4116 2777,4116 2867,4116 2957,4116 3004,4116"/>
                <TextEquiv>
                    <Unicode>vera" erschienen, damals schien sie von einer</Unicode>
                </TextEquiv>
            </TextLine>
            <TextLine id="tr_2_tl_9" custom="readingOrder {index:8;}">
                <Coords points="875,4272 2979,4312 2976,4241 2753,4176 2112,4241 1864,4182 875,4207"/>
                <Baseline points="890,4271 979,4265 1069,4265 1158,4265 1248,4265 1338,4265 1427,4265 1517,4271 1606,4271 1696,4271 1786,4271 1875,4271 1965,4271 2055,4271 2144,4271 2234,4271 2323,4271 2413,4271 2503,4271 2592,4271 2682,4277 2771,4271 2861,4271 2951,4283 2986,4289"/>
                <TextEquiv>
                    <Unicode>so wunderbaren Heiterkeit, dass ihr schmales,</Unicode>
                </TextEquiv>
            </TextLine>
            <TextLine id="tr_2_tl_10" custom="readingOrder {index:9;}">
                <Coords points="875,4447 2663,4481 2866,4462 2866,4343 875,4374"/>
                <Baseline points="890,4426 979,4426 1069,4426 1158,4426 1248,4426 1338,4426 1427,4426 1517,4426 1606,4426 1696,4426 1786,4426 1875,4426 1965,4426 2055,4426 2144,4426 2234,4426 2323,4426 2413,4426 2503,4426 2592,4426 2682,4426 2771,4426 2861,4432 2873,4426"/>
                <TextEquiv>
                    <Unicode>so wenig schönes Gesicht davon zu strahlen</Unicode>
                </TextEquiv>
            </TextLine>
            <TextLine id="tr_2_tl_11" custom="readingOrder {index:10;}">
                <Coords points="870,4614 1073,4668 3013,4620 3013,4512 2821,4476 2491,4535 870,4518"/>
                <Baseline points="884,4576 973,4581 1063,4581 1152,4581 1242,4581 1332,4581 1421,4581 1511,4581 1601,4581 1690,4581 1780,4581 1869,4581 1959,4581 2049,4581 2138,4581 2228,4587 2317,4587 2407,4587 2497,4581 2586,4581 2676,4587 2765,4581 2855,4581 2945,4587 3016,4581"/>
                <TextEquiv>
                    <Unicode>schien. Aber manchmal, während sie die Pflich-</Unicode>
                </TextEquiv>
            </TextLine>
            <TextLine id="tr_2_tl_12" custom="readingOrder {index:11;}">
                <Coords points="881,4761 3112,4798 3112,4690 2999,4670 881,4679"/>
                <Baseline points="896,4731 985,4737 1075,4737 1164,4737 1254,4737 1344,4737 1433,4737 1523,4737 1612,4737 1702,4737 1792,4737 1881,4737 1971,4737 2061,4737 2150,4737 2240,4737 2329,4737 2419,4743 2509,4743 2598,4743 2688,4737 2777,4737 2867,4737 2957,4737 3046,4737 3118,4737"/>
                <TextEquiv>
                    <Unicode>ten der Hausfrau mit Liebenswürdigkeit und Herz-</Unicode>
                </TextEquiv>
            </TextLine>
        </TextRegion>
    </Page>
</PcGts>
