5067 4712
2529 506 2896 677 V. P. M. D. F.
1452 521 1756 709 Monsieur
2649 1238 3157 1487 21/X 93
1977 1576 2599 1743 Liebster Arthur!
1895 1666 3083 1887 Ich fahre heute nach Berlin, um die
1957 1822 3028 2044 Sache im „kleinen Journal
1914 1957 3177 2178 zu rektificiren. Ich bin dies meiner
1957 2143 2836 2326 eigenen Itimmung schuldig.
2168 2270 3139 2470 Nachdem eine heute Victor
1924 2398 3267 2610 Léon wählte; er käme gerade aus Berlin
1947 2549 3254 2746 so sei so freundlich ihn, Waldberg, Dörman,
1940 2696 3247 2898 Die Zusammensahten, ausgeholen, ob sie etwas
1937 2819 3229 3075 gehört haben. Sollte das der Fall sein,
1994 2976 3179 3164 so sei so freundlich zu rectificiren, ich
1997 3087 3237 3312 samt Dir jedenfalls die Numer der
1970 3215 3144 3416 Kl. Journal an Ärzlichen Dank
2400 3314 3246 3520 Dein Freund Mory Roventhal
3316 503 3516 680 No. 40
4624 528 4813 640 G.C.F.
3698 511 4506 667 1 1/2 1/4 4:9.
