5075 4714
2672 526 4181 747 1 '1' 1' 1" 9' 9' 4' 4" 1" 1' ^ 9'
2095 498 2590 749 Votre très obéissant aussi.
3384 1039 3891 1288 27/10 89
2775 1256 3202 1444 Liebster Arthur!
2698 1468 4101 1650 Ich mochte gestern nicht in meiner etwas gedrückten Himmung
1198 1431 1608 1653 Geehrter Herr
2734 1580 4097 1756 zum erstemmale in Euren Kreis kommen. Es geht zwar schon
966 1612 2093 1790 Auf Ihre Anfrage entgegne ich ihnen, daß ich gerne
871 1736 2110 1886 bereit bin, Ihnen näher bezeichnete Stellen in meinem
2687 1713 4133 1878 viel besser, aber es schien mir doch geratener, eine unbefan¬
2691 1820 4149 2011 genere Laune bei mir selbst abzuwarten. Ich hoffe also sehr bei
888 1837 1374 1994 Briefe aufzukleien.
1316 1902 1756 2045 Mit Hochachtung
2700 1925 4134 2155 Eurei nächsten geselligen Vereinigung zu gegen sein zu dürfen,
1311 1951 2210 2228 Mory Rosenthal
2698 2073 4056 2251 und zu können. Richte unterdessen beste Grüße an Deine
2693 2245 3271 2341 Freunde von mir aus
1354 2206 1916 2416 Wien 21/2 83
3086 2284 4176 2509 Nächster Tage bringe ich Dir Deine Erzähle
2745 2423 4076 2614 u. Schicksal“ zurück. Alleshem Hochachtung! Ich kenne
2762 2539 4198 2738 wenige Schriftstellen die nicht gegen den Schluß hin schwech
2756 2678 4149 2865 und flüchtig geworden waren. Das Ganze ist stahlsart
2758 2779 4193 2955 und wurde in einem größeren Cyclus neben einem lyrische
2743 2904 4114 3080 Intermezzo außerordentlich wirken. Ein kleines Bedenken
2756 2998 4149 3166 mündlich, wenn Du es erlaubst. Viele herzliche Gunste
2764 3118 4112 3290 von Deinem sehr treuen Freunde Gerichttosen Thes
