5053 4712
1984 1523 3189 1819 Theurer Freund! Ich tuhn von einem Duell
1947 1736 3164 1972 und einer schweren Verwundung Saltens.
1966 1910 3224 2128 Vielleicht bist Du so freundlich, mir eine
2007 2052 3260 2303 Nachricht darüber zu kommen zu lassen, es
1981 2232 3210 2448 wird wol hoffentlich stark übertrieben,
1986 2339 3237 2583 sein. — Dein Buch v Sterben wird in
1988 2460 3244 2755 Franz. Übersetzung an den Bahnhöfen,
2011 2616 3237 2878 Vereys u. Montreux, sowie Lausanne’s
2024 2813 2416 3018 hier kauft.
2466 2822 3276 3038 Ich wollte übrigens, ich hätte
2048 2959 3312 3196 die Reihe, auf die ich so gröste Hoffmann
2092 3153 3325 3356 gen setzte nicht unternomen, da mein
