5068 4679
1455 498 1903 724 V. P. I. S.
2050 464 3061 740 1 1/2 1/4 „ —„ —: —:
1539 980 2335 1235 Anartus Gun, 96.
2839 966 3360 1195 25/1 - 24
1753 1165 2059 1290 9521p
1772 1285 2600 1561 Mein lieber Freund
1753 1536 3398 1826 Sonben, aus Amerika zurück, wo Du Dich einer
1735 1726 3371 2095 großen Septarität erfreuß. Ich möchte Dich
1724 1986 3448 2287 gerne sehr u. bitte ich mir zu schreiben, oder zu
1681 2183 3364 2489 Telephoniren (3584 Thille 8) wann ich Dich
1652 2462 3450 2738 befügen könnte? (Sib nur qua occasione auch
1699 2588 3525 2885 Mein genaue Adresse an.) Mit herzlichste
1704 2830 3118 3192 Chauße u. feienerungen, die alter
2432 2991 3272 3308 Mons xosenthal
1692 3249 2934 3500 Wien, Ziechtenstems v. 23
