5021 4713
518 503 2000 704 1 v. 1 1/2 0/0, r. p.p. v.
950 1433 2235 1587 im Café Central Domino spielen könnten. Um Sie zu
961 1536 2270 1696 sehe, ging ich manchmal dorthin, da ich meine Besuche bei
966 1624 2281 1792 Ihnen nicht aufdrängen wollte, sintemal Sie mich nicht
974 1698 2319 1857 einmal dazu aufforderten. Und hier werden Sie sich wohl
974 1788 2329 1919 erinnern können, wie Sie, ohne vom Spiel aufzublickten,
979 1886 2244 2021 grüßten und jedem Wort von mir erfolg auch aus
972 1953 2299 2107 dem Wege gingen. Ja, als ich meine Stellung beim
992 2045 2329 2192 Grafen Vilerik antrat und als ich später bei Rothe
986 2130 2345 2270 schild spielte, für meine außeren Lebensbedingungen
986 2203 2360 2351 von Wichtigkeit und sogar für bloße Bekannte Gegen¬
985 2286 2345 2432 stand des Interesses, waren Sie es, als Freund, der
1003 2386 2292 2508 kein Wort darüber verlor! Angesichts aller dieser
997 2469 2345 2587 Umstände brauche ich wohl nicht einmal zu erwähnen, dag:
985 2541 2279 2681 Ihr Benehmen am Sonntag im Café Central nicht
986 2613 2259 2751 mehr kühl sondern heraus fordernd war. Nach Ihren
1014 2714 2240 2839 Gründen frage ich nicht und würde ich mich für Sie
1021 2779 2334 2920 schämen, wenn ich sie in kleinlichen Eifersuchteleien
1014 2865 1499 2992 finden würde!
1755 2902 2299 3051 ihnen alles dies schreibe
1599 2933 1763 3007 m ich Ihr
1410 2933 1575 3026 Werk
1564 2965 1763 3070 schreibend
1032 3007 2288 3156 statt auf Ihr schatten einzupese? Weil ich eine
1060 3075 2342 3232 (Hochgrädige Freundschaft, wie ich Sie Ihnen entge¬
1069 3169 2342 3326 gen gebracht habe, nicht durch Heucheleien profamren
4139 522 4722 662 .... 1..,. 1
2452 1427 3896 1564 will. Mit dieser Freundschaft begrebe ich meine letzten Missione
2430 1510 3785 1637 vielleicht einen Theil meines besseren Oelbst. Ihnen, der
2436 1595 3791 1748 Sie die Freundschaft für ein gegenseitiges, oder vielmehr
2430 1667 3826 1825 einseitiges Bewunderungsinstitut selben wird im Bestaunen
2417 1752 3842 1912 Ihrer Vorzüge durch ein beliebiges weibliches Indivi dumm
2404 1846 3778 1999 wohl hinreichen Entschädigung geboten werden. Möge
2439 1949 3199 2093 Ihnen diese immer genügen.
2839 2091 3300 2222 Mit Achtung
2845 2190 3815 2378 Morig Rosenthal
2469 2336 3193 2554 Wien 19/2 83
