5059 4695
1774 482 2019 594 ....
3471 503 4006 686 Von tädtigen und überallen wäre, sie
2556 501 2782 670 R:o
3617 1152 4198 1319 Baden, 9. Juni 192
3423 1255 4175 1422 Helenenthal, Velenenstrasse 100
626 1225 2311 1541 kommen anzuzeigen. Sobald ich nun ein Concert in Buda,
613 1468 2380 1740 pest absolvirt habe u. wieder nach Wien Komme, wurde ich
2746 1513 4278 1756 Lieber Arthur! Ist hier konnte ich in Muße Dein "Märchen"
2753 1699 4218 1884 lesen und mich daran erfreuen. Nicht als Freund blos, als
590 1674 2369 2000 mir die langentbahrte Freude machen, dich aufzusuchen.
2746 1845 4166 2012 ästhetisch beurteitender Ferstehender mußte ich dem
2732 1950 4223 2161 Stücke großen Erfolg prophezeien. Die Characteristik ist
530 1895 2371 2236 Bis dahin einem meine herzlichsten Grüße entgegen, empfie¬
2727 2096 4195 2289 meisterhaft, bei allen Hauptpersonen sowol, als auch den
2734 2206 4246 2410 Nebenfiguren, so habe ich selbst bei Enmi meine herzliche
567 2149 2371 2455 mich keiner verehrter Frau Gemahlin auf’s beste u. glaub¬
2711 2341 4154 2572 Freude gemacht gehabt. Ich beglückwünsche Dich wann
578 2375 2369 2705 an die aufrichtige Freundschaft u. Hochschätzung, keines alten
2709 2476 4284 2684 zu dem Pfolge Deiner langjährigen Frauenstücken, nicht
1587 2622 1895 2746 FJ
2711 2602 4257 2846 minder zu den Studien selbst. Nur den Abgang Denners
2668 2744 4266 2945 hatte ich mir etwas eclatanter gedacht – wörtliches Hervor¬
995 2702 1827 3002 Monsrösenkel
2661 2856 4232 3066 haben der Pointe wie die Wiedesholung des Naugsthemas
2670 2979 4284 3201 am Schluße eines Musikstückes. Ich freue mich sehr darauf
734 2947 1715 3164 Baden bei Wien, 19/10, 1908
2657 3098 4296 3297 mal wieder mit Dir zu planndern in die die Hand zu Stücken
942 3132 2385 3354 Wiener Adresse: I. Rathausstrasse 20
2856 3214 4225 3409 Wärnstens grüßten Dein Freund Moryskosenthal
