5059 4695
1003 1447 2246 1726 Lieber Freund! Bei meiner Rückkehr
958 1698 2354 1938 aus Abbazia fand ich keinen „Analote" auf meinem
954 1875 2352 2135 Schreibtisch. Herzlichen Dank für das schöne u. sinnig
961 2056 2363 2300 gewählte Geschenk, das mir viel schönes, vergie¬
968 2239 2272 2471 genis wieder in's Gedächtniß nicht, wie den
975 2396 2338 2638 Anfang unser Freundschaft, die aber hoffent¬
940 2537 2225 2805 Sich immer bestehe wird. Herzliche Grühte,
1266 2688 2269 3061 D merkter Morgkosentel
1268 3014 2025 3181 Wien, 10. Mai, 1901
2774 1449 3382 1635 Mein lieber Freund!
3012 1612 4073 1910 Herzlichen Glückwunsch zu Deinem
2736 1816 4022 2107 großen wolverdienten Erfolge. Ich hätte die¬
2732 2016 4062 2286 über dem Buch schon früher geschrieben, hatte aber
2723 2210 4085 2452 eine Woche lang meine Augen zu schonen. Die Beig¬
2737 2408 4116 2664 meister eine schwere Augenentzündung befürchtete,
2720 2591 3980 2821 die nun glücklicherweise nicht eingetroffen ist.
2998 2732 4021 2951 Mit herzlichem Dank u. Gruß. wie
2713 2979 2976 3091 immer
3103 2894 3684 3180 Dein getreuer alter,
3467 3014 4076 3254 Mon Kosenkel
2962 3218 3664 3399 Wien, Wohllebengasse
3620 3315 4059 3456 7. Mai, 1902
