5067 4712
2367 504 2797 706 19 „ „ 9 „
420 536 667 683 .,, p.
776 539 1206 706 V. U+2114, /1
956 1228 3474 1382 jüdische Nation überhaupt in Unsern Erwianvern zu jedrer Monaten schweren
1655 1309 3551 1402 ogenanten Judenordnungen I Mehler wurde freigesprochen. Dr. Berger hielt sich die Bedenk¬
1068 1341 1665 1424 bestehenden Gesetze und
2274 1379 2476 1469 zeit offen.
1280 1379 1931 1459 zu vereinbaren sind, so wollen
1921 1382 2130 1447 Wir...
959 1402 1151 1482 nicht durch
1921 1402 2181 1498 wir es d’
2380 1389 3551 1530 Wien. (Von der Klinik des Herrn Professor Albert.)
1373 1427 1822 1514 sier angeführten, über
1575 1475 2181 1559 mir mit Recht darüber erstan
2261 1482 3195 1578 Aus ärztlichen Kreisen wird uns mitgetheil
959 1485 1543 1578 Lesern zu entscheiden, ob
2428 1501 3547 1601 kan erinnert sich der jüngsten Gerichtsverhandlung
1344 1527 2210 1645 Josef II. kein Toleranzpatent für di
965 1556 1321 1629 waren zu lesen,
959 1604 1321 1690 Juden erlassen
2268 1568 3522 1658 gegen einen sicheren Franz Radling, welcher in einen
2868 1636 3522 1710 aupftrammäy ein antisemitische
2284 1645 2794 1706 Eisenbahn-Coupé der
1081 1636 1671 1751 Wien, 27. Jänner 1890.
2868 1687 3547 1767 bericht rechtfertigte er sich damit,
2277 1690 2794 1774 Spektakel arrangirte. V
2277 1742 3547 1809 daß er damals sehr viel Wein getrunken. „Wenn ich nüch¬
2518 1796 3551 1873 sagte er, „bin ich ein anständiger
2284 1799 3021 1915 mensch. Nur wenn ich sehr
1228 1793 1985 1931 Correspondenzen.
3012 1835 3544 1924 viel Wein getrun=
2271 1896 3086 1979 ken habe, bin ich Antisemit."
1091 1889 2101 1982 Wien. (Die Heldenbrüder von Kirling,
2393 1937 3528 2018 An demselben Tage, an welchem diese Gerichtsverhand
959 1969 2114 2050 Lorenz und Josef Appel.) Wie schon oft besprochen, bil-
2277 1998 3541 2107 lung stattfand, vereinigten sich die Aerzte der Klinik des
972 2008 2223 2104 nichtsnutzige Treiben der Herren Karl Lorenz und Josef Appe
2284 2043 3493 2117 Herrn Professor Albert zu einem Commers, an welchem
978 2066 2232 2146 in Kierling seit Langem den Gegenstand allgemeinen Aergernisses. Be-
2271 2104 3522 2178 Professoren Albert und Kundrat, sämmtliche Assistente
978 2120 2229 2191 kanntlich waren die Genannten bereits im vorigen Jahre wegen Behel
2293 2149 3515 2220 und als Ehrengast der Banquier Moritz Pflaum, Gesel
1071 2168 2232 2252 ng der Pfleglinge des dortigen jüdischen Reconvalescentenhauses
2290 2210 3541 2281 schafter der Firma Dutschka u. Comp., dessen Ahner
1347 2229 2232 2309 gerich e angeklagt, bei welchem Anlaß sie, wie es
1075 2248 1267 2313 dem Erken
2345 2258 3544 2338 elleicht irgend gefochten, aber sicherlich nicht im Teutoburger
991 2271 2242 2358 in der gestern verlesenen Anklageschrift heißt, „nur mit genauer Noth
2948 2306 3560 2380 Zeitlang gieng es bei diesem
2374 2316 2903 2390 de, theilgenommen. Ein
991 2319 2232 2406 der Verurtheilung entgingen". Weder Lorenz noch Appel ließen jedoch
2944 2354 3541 2425 aber, nachdem der arische Theil
2374 2374 2903 2431 ¬mers ganz anständig zu, ba
985 2380 2213 2451 in ihren antisemitischen Manifestationen nach und am 4. August v. 2
2608 2406 3541 2489 genug getrunken hatte, wandte sich der Assisten
985 2428 2210 2508 um 4 Uhr Früh, arrangirten sie 'in Gemeinschaft mit dem Geschäft
2399 2425 2621 2495 Gesellschaft
2396 2470 3028 2544 e negg zum Operationszögli
991 2483 2229 2566 leiter Ferdinand Lehnhofer und dem Hausmeister Johann
2293 2515 3031 2595 (dem Sohne des bekannten Regierung
3252 2457 3432 2569 kolleaa
981 2534 2223 2604 Kerbl abermals einen großen Exceß. Sie hatten die Nacht hindura
2742 2566 3554 2643 wenn wir nun auch einige antisemiti-
2303 2576 2733 2653 nichts dagegen haben.
1001 2592 2239 2710 gebecht und allerlei Streiche verübt. So ließen sie einen im nämlichen
2742 2592 3551 2681 Und so wurden denn in Gegenwart
2290 2627 2730 2701 sche Lieder anstimmet
1001 2640 2245 2723 Gasthause wohnhaften Marionettentheater=Inhaber aus dem Schlase
2290 2675 3551 2742 der Professoren Albert und Kundrat, ja in Gegenwart
991 2698 2258 2778 wecken und wollten ihn zu einer Extravorstellung zwingen. Dann ver¬
2284 2723 3515 2807 des geladenen jüdischen Commercialrathes Banquier Pflau
1058 2742 2245 2823 tügte sich Appel damit, daß er die leeren Champagnerslaschen auf die
1062 2771 3515 2874 ücher der umliegenden Häuser warf und, so oft eine Flasche klirrend und des jungen Dr. Schnitzler eine ganze Reihe anti¬
1001 2835 3554 2935 zersprang, ausrief: „Ein Jud' ist hin.“ In dieser Unterhaltung wurde 1 mitischer Spott= und Schimpflieder auf die Juden, die alten
2297 2877 3560 2951 und neuen, vorgetragen. Wenn es Sie interessirt, Herr Redacteur,
994 2900 2258 2983 er durch Lehnhofer unterbrochen, der den auf dem Wege zum Bahn¬
2297 2938 3564 3015 so wollen wir Ihnen die Texte der zum Vortrage gebrachten
1001 2951 2252 3038 hofe befindlichen Uhrmacher Süßmann Sonntag mit den Worten
2316 2980 3570 3098 frischen Gesänge zur Verfügung stellen. Und die jüdischen
994 3015 2239 3079 apostrophirte: „Jetzt kommt ein Saujud’! Schlagt's ihn todt.“ Appel
2313 3031 3557 3105 Gäste ließen derlei Schimpf ohne Protest sich bieten. Franz
1001 3063 2248 3140 Lorenz und Kerbl eilten auch sofort herbei und bedrohten den Uhr¬
1014 3086 3567 3188 macher mit dem Niederschlagen und Erschießen, außerdem beschimpften Radling, welcher nur nüchtern ein anständiger Mensch
1007 3153 3586 3291 sie ihn auf's Groblichste. Nur mit harter Mühe entging Sonntag der ist, hat jedenfalls mehr Genossen als er selber vermuthet.
