5113 4680
2981 458 4349 731 1' 1' " " "    "  - "  "
1787 468 2049 631 "    "  "
1688 1448 2578 1709 sechster lieber Freund!
1825 1626 3485 2027 Du hast mir diese Lage durch eine geriß sprühende
1586 1901 3447 2279 Komödie, verschönt u. überglängt, wofür ich die meinen
1662 2143 2058 2329 Le
1638 2141 3328 2507 herzlichen Dank sage. Wie schade, daß ich durch meine
2787 2324 3062 2464 S
1617 2362 3532 2727 Eyden in Wien u. Berlin er jedest bin, zu die hinaus
1617 2566 3459 2955 zügelparn u. über die Schönseiten deines Werkers mit
1583 2775 3461 3188 Dir zu glauben. Viele herzliche Grüße, seines alten Dir
1579 3048 2193 3387 stets ergebener,
2295 2991 3114 3307 Tho: Kosenkel
1759 3257 3411 3570 27/12, 1312 Wien, Rathansstrasse Jo
