<?xml version="1.0" encoding="UTF-8" standalone="yes"?>
<PcGts xmlns="http://schema.primaresearch.org/PAGE/gts/pagecontent/2013-07-15" xmlns:xsi="http://www.w3.org/2001/XMLSchema-instance" xsi:schemaLocation="http://schema.primaresearch.org/PAGE/gts/pagecontent/2013-07-15 http://schema.primaresearch.org/PAGE/gts/pagecontent/2013-07-15/pagecontent.xsd">
    <Metadata>
        <Creator>prov=READ-COOP:name=TrHtr:version=2.1.0:model_id=51170:date=27_07_2023_09:33</Creator>
        <Created>2023-05-01T22:06:51.392+02:00</Created>
        <LastChange>2023-07-27T09:33:08.876+02:00</LastChange>
        <TranskribusMetadata docId="1416478" pageId="54948229" pageNr="4" tsid="131159163" status="IN_PROGRESS" userId="64420" imgUrl="https://files.transkribus.eu/Get?id=PQLBKLSUDBZIDVYERTAPRSXT&amp;fileType=view" xmlUrl="https://files.transkribus.eu/Get?id=BQOYDUECIDFLCMFLRKIYZXIJ" imageId="44452269"/>
    </Metadata>
    <Page imageFilename="1416478_0004.jpg" imageWidth="5021" imageHeight="4713">
        <ReadingOrder>
            <OrderedGroup id="ro_1711829879996" caption="Regions reading order">
                <RegionRefIndexed index="0" regionRef="tr_1"/>
                <RegionRefIndexed index="1" regionRef="tr_2"/>
            </OrderedGroup>
        </ReadingOrder>
        <TextRegion id="tr_1" custom="readingOrder {index:0;}">
            <Coords points="459,552 3573,552 3573,654 459,654"/>
            <TextLine id="tr_1_tl_1" custom="readingOrder {index:0;}">
                <Coords points="1172,608 1314,642 1497,581 1874,661 1999,641 1979,506 1852,504 1757,543 1570,509 1374,547 1338,518 1170,552"/>
                <Baseline points="1181,620 1270,602 1360,602 1449,602 1539,602 1628,608 1718,620 1807,620 1897,626 1986,626 2004,626"/>
                <TextEquiv>
                    <Unicode>'̃' ̃::: «:s,, ':s</Unicode>
                </TextEquiv>
            </TextLine>
            <TextLine id="tr_1_tl_2" custom="readingOrder {index:1;}">
                <Coords points="451,661 497,642 540,641 560,627 579,639 591,629 617,641 615,519 574,531 550,525 523,537 494,521 466,535 449,531"/>
                <Baseline points="459,620 548,626 620,620"/>
                <TextEquiv>
                    <Unicode>G.C.R.</Unicode>
                </TextEquiv>
            </TextLine>
            <TextLine id="tr_1_tl_3" custom="readingOrder {index:2;}">
                <Coords points="3093,622 3175,605 3236,641 3315,632 3392,670 3419,654 3443,665 3469,644 3493,653 3527,631 3570,646 3568,530 3494,554 3399,547 3284,569 3093,560"/>
                <Baseline points="3102,626 3191,632 3281,632 3370,638 3460,638 3549,632 3573,626"/>
                <TextEquiv>
                    <Unicode>Von tämätigste zu können.</Unicode>
                </TextEquiv>
            </TextLine>
            <TextLine id="tr_1_tl_4" custom="readingOrder {index:3;}">
                <Coords points="803,687 822,687 871,658 918,670 952,649 979,665 1068,672 1065,528 1041,535 1017,516 962,530 919,513 882,537 800,530"/>
                <Baseline points="811,632 900,638 990,632 1073,644"/>
                <TextEquiv>
                    <Unicode>1:1:15:1</Unicode>
                </TextEquiv>
            </TextLine>
        </TextRegion>
        <TextRegion id="tr_2" custom="readingOrder {index:1;}">
            <Coords points="1783,1739 3173,1739 3173,3297 1783,3297"/>
            <TextLine id="tr_2_tl_1" custom="readingOrder {index:0;}">
                <Coords points="2004,1851 2119,1859 2199,1820 2252,1849 2307,1808 2392,1827 2432,1806 2517,1823 2548,1801 2638,1804 2638,1758 2585,1741 2452,1762 2307,1738 2233,1775 2105,1729 2008,1736"/>
                <Baseline points="2016,1795 2105,1801 2195,1801 2284,1795 2374,1795 2463,1795 2553,1789 2642,1795"/>
                <TextEquiv>
                    <Unicode>Geehrter Herr Schnitzler.</Unicode>
                </TextEquiv>
            </TextLine>
            <TextLine id="tr_2_tl_2" custom="readingOrder {index:1;}">
                <Coords points="1774,1936 1933,1931 1989,1977 2194,1922 2358,1982 2748,1936 2831,1982 3105,1922 3107,1856 2816,1864 2755,1828 2432,1900 2384,1861 2233,1897 1775,1856"/>
                <Baseline points="1783,1915 1873,1920 1962,1920 2052,1920 2141,1915 2231,1915 2320,1915 2410,1915 2499,1915 2589,1915 2678,1915 2768,1915 2857,1920 2947,1915 3036,1909 3108,1915"/>
                <TextEquiv>
                    <Unicode>In der kurzen Zeit unserer gegenseitigen Freundschaft, werden</Unicode>
                </TextEquiv>
            </TextLine>
            <TextLine id="tr_2_tl_3" custom="readingOrder {index:2;}">
                <Coords points="1786,2018 1943,2054 2030,2016 2163,2050 2734,2011 3009,2054 3079,2028 3081,1955 1786,1977"/>
                <Baseline points="1795,2004 1831,2004 1920,2010 2010,2004 2099,2004 2189,2004 2278,2004 2368,2004 2457,2004 2547,2004 2636,2004 2726,2004 2815,1998 2905,1998 2994,1998 3084,1998"/>
                <TextEquiv>
                    <Unicode>Sie wohl erkannt haben, wie sehr es mein Princip ist, mich</Unicode>
                </TextEquiv>
            </TextLine>
            <TextLine id="tr_2_tl_4" custom="readingOrder {index:3;}">
                <Coords points="1786,2097 2039,2100 2100,2153 2208,2097 2264,2139 2688,2090 2941,2100 3035,2148 3144,2115 3144,2052 3062,2027 2920,2054 2693,2018 2495,2066 2440,2020 2264,2068 1786,2047"/>
                <Baseline points="1795,2094 1807,2094 1897,2088 1986,2088 2076,2088 2165,2088 2255,2088 2344,2088 2434,2088 2523,2088 2613,2082 2702,2082 2792,2082 2881,2082 2970,2082 3060,2082 3149,2088"/>
                <TextEquiv>
                    <Unicode>in jedweder Angelegenheit, offen und rückhaltslos auszu spreche.</Unicode>
                </TextEquiv>
            </TextLine>
            <TextLine id="tr_2_tl_5" custom="readingOrder {index:4;}">
                <Coords points="1774,2187 1869,2218 2273,2182 2432,2240 2543,2185 2927,2189 2972,2228 3110,2201 3096,2121 3035,2148 2931,2112 2852,2153 2688,2088 2459,2162 2180,2110 2112,2155 1866,2098 1774,2124"/>
                <Baseline points="1783,2171 1861,2171 1950,2171 2040,2177 2129,2171 2219,2171 2308,2171 2398,2171 2487,2177 2577,2171 2666,2171 2756,2171 2845,2171 2935,2165 3024,2171 3114,2165"/>
                <TextEquiv>
                    <Unicode>Dieses Princip drückt mir auch heute die Feder in die Hand,</Unicode>
                </TextEquiv>
            </TextLine>
            <TextLine id="tr_2_tl_6" custom="readingOrder {index:5;}">
                <Coords points="1791,2293 2237,2262 2348,2305 2548,2268 2765,2319 2891,2269 3047,2307 3165,2278 3165,2216 2601,2187 2437,2240 2384,2206 2040,2240 1950,2192 1791,2233"/>
                <Baseline points="1801,2261 1825,2255 1915,2255 2004,2255 2094,2249 2183,2249 2272,2255 2362,2255 2451,2255 2541,2255 2630,2255 2720,2255 2809,2261 2899,2261 2988,2255 3078,2255 3167,2249"/>
                <TextEquiv>
                    <Unicode>um Ihnen zu erklären, daß unser Stillschweigend besprochenes</Unicode>
                </TextEquiv>
            </TextLine>
            <TextLine id="tr_2_tl_7" custom="readingOrder {index:6;}">
                <Coords points="1806,2385 2050,2394 2165,2334 2382,2397 2666,2346 2737,2385 3064,2377 3060,2303 2871,2346 2546,2268 2346,2307 2006,2266 1804,2315"/>
                <Baseline points="1813,2326 1903,2332 1992,2326 2082,2326 2171,2326 2261,2326 2350,2326 2440,2332 2529,2332 2618,2326 2708,2332 2792,2362 2881,2362 2970,2362 3060,2356 3066,2356"/>
                <TextEquiv>
                    <Unicode>freundschaftsbündniß sich gelöst hat. Sie werden sich</Unicode>
                </TextEquiv>
            </TextLine>
            <TextLine id="tr_2_tl_8" custom="readingOrder {index:7;}">
                <Coords points="1786,2493 2163,2467 2377,2519 2536,2450 2975,2488 3103,2455 3105,2372 2739,2426 2322,2379 1786,2433"/>
                <Baseline points="1795,2457 1855,2457 1944,2457 2034,2457 2123,2457 2213,2451 2302,2451 2392,2451 2481,2445 2571,2445 2660,2445 2750,2445 2839,2451 2929,2445 3018,2440 3108,2434"/>
                <TextEquiv>
                    <Unicode>wahrscheinlich über diese Joh. Pfannes verwundere, obwohl Sie</Unicode>
                </TextEquiv>
            </TextLine>
            <TextLine id="tr_2_tl_9" custom="readingOrder {index:8;}">
                <Coords points="1798,2560 1986,2582 2138,2546 2274,2597 2329,2549 2450,2597 2623,2539 2729,2590 2937,2549 2992,2599 3052,2563 3052,2476 2710,2476 2633,2515 2534,2450 2438,2529 2279,2483 2133,2517 2052,2467 1798,2529"/>
                <Baseline points="1807,2541 1891,2535 1980,2541 2070,2535 2159,2535 2249,2541 2338,2541 2428,2541 2517,2535 2607,2535 2696,2529 2786,2535 2875,2529 2965,2529 3054,2529"/>
                <TextEquiv>
                    <Unicode>sie selbst veranlaßt haben. Ich fühle es auch zu sehr, daß</Unicode>
                </TextEquiv>
            </TextLine>
            <TextLine id="tr_2_tl_10" custom="readingOrder {index:9;}">
                <Coords points="1791,2671 2129,2625 2620,2637 2691,2671 2901,2626 3026,2649 3038,2582 2913,2558 2454,2602 2336,2555 2250,2601 2162,2553 2011,2602 1791,2594"/>
                <Baseline points="1801,2613 1879,2618 1968,2618 2058,2618 2147,2618 2237,2618 2326,2613 2416,2618 2505,2618 2595,2618 2684,2624 2774,2618 2863,2618 2953,2613 3042,2607"/>
                <TextEquiv>
                    <Unicode>ich zu einigen Commentarien des obenstehenden Textes</Unicode>
                </TextEquiv>
            </TextLine>
            <TextLine id="tr_2_tl_11" custom="readingOrder {index:10;}">
                <Coords points="1798,2715 1907,2749 1957,2707 2256,2708 2315,2741 2495,2698 2584,2765 2647,2727 2691,2760 2756,2708 2925,2746 3122,2715 3122,2638 2763,2640 2712,2684 2158,2628 1798,2683"/>
                <Baseline points="1807,2696 1897,2696 1986,2696 2076,2696 2165,2690 2257,2704 2257,2704 2350,2690 2440,2690 2529,2696 2618,2696 2708,2696 2797,2702 2887,2702 2976,2702 3066,2696 3126,2702"/>
                <TextEquiv>
                    <Unicode>verpflichtet bin, als daß ich mich weigem sollte, dieselben</Unicode>
                </TextEquiv>
            </TextLine>
            <TextLine id="tr_2_tl_12" custom="readingOrder {index:11;}">
                <Coords points="1804,2833 1880,2787 2411,2831 2602,2794 2835,2837 3086,2799 3086,2760 2907,2732 2743,2725 2693,2761 2649,2729 2590,2766 2495,2698 2315,2741 2228,2708 2146,2761 1804,2760"/>
                <Baseline points="1813,2780 1903,2780 1992,2780 2082,2780 2171,2774 2261,2780 2350,2780 2440,2780 2529,2780 2618,2780 2708,2780 2797,2780 2887,2786 2976,2786 3066,2786 3090,2786"/>
                <TextEquiv>
                    <Unicode>zu liefern, wenn es auch äußerst schwer ist, That se ihm ange¬</Unicode>
                </TextEquiv>
            </TextLine>
            <TextLine id="tr_2_tl_13" custom="readingOrder {index:12;}">
                <Coords points="1810,2920 2064,2864 2230,2917 2327,2871 2413,2922 2490,2871 2584,2907 3127,2879 3127,2797 2866,2845 2606,2794 2124,2842 1948,2838 1883,2787 1810,2833"/>
                <Baseline points="1819,2851 1909,2857 1998,2863 2088,2857 2177,2863 2267,2863 2356,2863 2445,2863 2535,2863 2624,2863 2714,2863 2803,2863 2893,2863 2982,2857 3072,2857 3132,2869"/>
                <TextEquiv>
                    <Unicode>fuhren, wo es lediglich auf die Empfindung ankommt.</Unicode>
                </TextEquiv>
            </TextLine>
            <TextLine id="tr_2_tl_14" custom="readingOrder {index:13;}">
                <Coords points="1816,2960 2068,2951 2194,3004 2643,2953 2707,2999 2784,2956 3168,2942 3168,2872 2452,2925 2324,2869 2237,2925 1960,2889 1816,2925"/>
                <Baseline points="1825,2941 1831,2941 1920,2941 2010,2941 2099,2941 2189,2941 2278,2941 2368,2941 2457,2941 2547,2941 2636,2941 2726,2941 2815,2935 2905,2935 2994,2935 3084,2929 3173,2929"/>
                <TextEquiv>
                    <Unicode>Vor allem möchte ich also hervorheben, daß Sie seit meiner</Unicode>
                </TextEquiv>
            </TextLine>
            <TextLine id="tr_2_tl_15" custom="readingOrder {index:14;}">
                <Coords points="1810,3045 2170,3072 2233,3031 2397,3031 2534,3077 2630,3031 2965,3071 3103,3038 3105,2961 2192,3004 2090,2958 1955,2997 1895,2961 1810,3001"/>
                <Baseline points="1819,3030 1855,3024 1944,3024 2034,3024 2123,3024 2213,3018 2302,3018 2392,3018 2481,3018 2571,3018 2660,3018 2750,3012 2839,3012 2929,3018 3018,3012 3108,3012"/>
                <TextEquiv>
                    <Unicode>Concerte keinen meiner Besuche erwiederten. Den</Unicode>
                </TextEquiv>
            </TextLine>
            <TextLine id="tr_2_tl_16" custom="readingOrder {index:15;}">
                <Coords points="1820,3165 1987,3115 2040,3149 2416,3108 2548,3159 3163,3103 3163,3060 3093,3036 3028,3071 2536,3077 2319,3038 2143,3093 2083,3045 1822,3043"/>
                <Baseline points="1831,3102 1920,3108 2010,3108 2099,3108 2189,3108 2278,3102 2368,3096 2457,3096 2547,3096 2636,3096 2726,3096 2815,3096 2905,3096 2994,3096 3084,3090 3167,3102"/>
                <TextEquiv>
                    <Unicode>Grund dafür werden Sie wohl eher angeben können als er</Unicode>
                </TextEquiv>
            </TextLine>
            <TextLine id="tr_2_tl_17" custom="readingOrder {index:16;}">
                <Coords points="1827,3250 1963,3219 2039,3248 2121,3197 2278,3197 2320,3235 2433,3189 2616,3190 2768,3247 2854,3202 3077,3197 3118,3125 3026,3161 2495,3127 1828,3175"/>
                <Baseline points="1837,3191 1867,3191 1956,3191 2046,3191 2135,3191 2225,3185 2314,3185 2404,3179 2493,3179 2583,3179 2672,3179 2762,3185 2851,3179 2941,3179 3030,3173 3120,3161"/>
                <TextEquiv>
                    <Unicode>Zeitmangel kann es schon des wegen nicht sein, weil</Unicode>
                </TextEquiv>
            </TextLine>
            <TextLine id="tr_2_tl_18" custom="readingOrder {index:17;}">
                <Coords points="1810,3301 2203,3344 2423,3281 2491,3334 2638,3288 2684,3325 3098,3288 3100,3209 1811,3252"/>
                <Baseline points="1819,3287 1849,3287 1938,3275 2028,3275 2117,3269 2207,3275 2296,3269 2386,3269 2475,3269 2565,3269 2654,3269 2744,3269 2833,3269 2923,3263 3012,3263 3102,3245"/>
                <TextEquiv>
                    <Unicode>Sie dann auch nicht regelmäßig den ganzen Abend</Unicode>
                </TextEquiv>
            </TextLine>
        </TextRegion>
    </Page>
</PcGts>
