5068 4679
1628 500 1843 622 G.C.P.
2018 486 3632 687 1 1 " " " 9 " " : " - "
1999 1722 2692 1859 Durch einige geschickt angebrachte
2012 1819 2670 1947 Pumpe bei mir, bin ich leider
1999 1889 2680 2030 nicht in der Lage über mehr als
1999 1973 2712 2100 2, 3 fl. zu disponiren. Wenn
2005 2058 2734 2182 Sie besser situirt sind, so könnten
1999 2134 2692 2262 wir unseren Plan schon diesen
1991 2200 2746 2327 Samstag ausführen; wenn nicht.
1999 2281 2740 2403 so verschieben wir es auf nächßen,
1987 2357 2740 2489 Samstag. Ihr Besuch selbst morgen
2012 2443 2748 2560 kann mir natürlich nur wünschen.
1995 2513 2664 2696 werth sein. In Freundschaft
2048 2628 2674 2784 Mory Rosenstr.
2614 2770 2766 2879 re
