5053 4712
1137 535 1357 629 ....
3721 530 4722 737 1 „ „ —„ —: —” „ 4: —: 1: „ 5
670 563 901 661 1:1:
1815 530 2050 683 Votre très-selu.
3438 532 3622 681 1 = = =
1845 1387 3143 1607 Lieber Freund! Wenn die Freude über den Erfolg
2920 1556 3090 1638 C.C.
1851 1608 3128 1819 eines Anderen zugleich ein Maßstab der Freund¬
1851 1702 3109 1950 schaft ist, die man für ihn empfindet, so
1899 1843 3158 2096 können meine freundschaftliche Gefühle für Dich
1881 1997 3166 2253 gewiß keine Steigerung mehr erfahren, denn
1873 2120 3166 2375 ich habe mich nie über einen eigenen Erfolg
1889 2316 3214 2537 so gefreut, wie über Deinen, nach allem, was
1897 2424 3158 2675 ich tese, gradezu außerordentlicher Succes.
1905 2583 3215 2836 Die bist nun mal oben, hoffentlich weißt Du
1907 2754 3194 2964 Dich nicht mir oben zu erhalten, sondern immer
1914 2867 3186 3112 zu steigen u. zu steigern. Ich wünsche Dir
1933 3013 3196 3281 auch ferner Glück u. Anerkennung u. freue
