3320 4008
252 491 2795 734 Fil: Fort müssen wir von hier, Beatrice und ich. Nicht
393 675 2922 852 durch Aermliches, das sich gross geberdet, bin ich ge-
400 813 3017 1009 willt, unser Glück stören zu lassen. Bin ich's nicht mir
403 983 2962 1160 schuldig, so bin ich es ihr schuldig. Die sich im Pran-
403 1153 2929 1353 gen ihrer jungfräulichen Schönheit mir hingegeben, wie
410 1288 2929 1481 Göttinnen sich Göttern geben. Hier steigen böse Dünste
416 1464 2936 1655 um uns auf, die mir Angst machen, so wenig Anlass dazu
419 1582 3021 1822 ist. Vergangenheit geberdet sich als wichtig, die Schat-
416 1802 2929 1940 ten kommen und spielen ein erbärmliches Leben vor, Un-
423 1904 2975 2087 ruhe erscheint inmitten unserer Stadt, Gefahren drohen,
442 2110 2824 2261 die denen leicht erscheinen, für die das Leben ohne
436 2189 2972 2398 Wert ist. Ich hab' was Besseres zu tun, als mich einem
449 2392 2994 2555 Vergangenen hinzuopfern oder dem Vaterland - oder Träu-
432 2516 3063 2703 men von Grösse - oder unseres Herzogs Ruhm. Ich will meh
455 2664 3063 2883 Glück geniessen bis zur Neige. Sie find' ich bereit, das
449 2860 3060 3024 weiss ich. Wie sie auf meinen Ruf, als wär's das Schick-
452 2972 3083 3175 sal, das sie rief, mir hierher gefolgt, von jenem Masken-
455 3096 2942 3325 fest fort, wo sie im kläglichen Kreis der Ihrigen er-
452 3286 2922 3483 schienen war, so wird sie mir folgen, wohin ich will.
459 3440 2909 3660 Und diese kleine Welt, in die sie versetzt war durch
475 3574 3090 3820 das Zufalls Laune, beseligt zurücklassen. Denn diese ist
