3432 4056
804 655 2842 848 Sie ritten heut die Ganze Nacht, sagt Beppo,
794 823 3092 981 Doch sieht man sie, wahrlich, man glaubt es nicht
804 965 1877 1177 So leuchten ihre Augen.
513 1149 2807 1317 Antonio: /:ist links eingetreten:/ Meine Mutter!
804 1307 2985 1462 /:Er eilt auf sie zu, küsst sie, xïsst dann Te¬
801 1440 3092 1646 resina, drückt dem Arzt die Hand.- Jetzt ist auch
801 1557 3016 1776 der Herzog in der Tür erschienen. — Battista und
744 1747 1462 1953 Kammerfrau ab:
510 1886 3054 2051 Herzég: /:kommt rasch auf die Gräfin zu, küsst ihr die
649 2073 2912 2212 Hand:/ Euch, Gräfin, also war's mein Wille, soll
785 2257 2668 2405 Der erste Gruss in meiner Stadt gehören.
785 2383 2966 2551 Der zweite euch, mein Fräulein, und ich könnte
532 2519 2997 2678 /:zu Ab:/ Für meinen dritten keinen Würdigern finden,
791 2684 2709 2902 Sofern, was wir beinah zu merken glauben,
798 2839 2757 3042 Sich eure Kunst so sehr wie stets bewährt.
525 3016 1981 3200 Gjn: Für eure hohe Gnade Dank!
1950 3159 2358 3364 o lasst!
503 3184 864 3339 Herzog;
506 3320 1874 3510 Ter: /:sich tief verneigend:
510 3482 2959 3697 Hernog:  Ich bitt' euch, denn wir uären sehr
2741 3551 3127 3747 beschätt
791 3694 2564 3890 Wenn unsre Gegenwart die Herzlichkeit
