3416 4056
2648 369 2748 524 3
804 524 2914 719 Hast du dich eingestellt. Wir Beide scheiden.
809 822 2914 1049 Die Pflicht ist dort, wohin der Glaube weist.
445 914 696 1036 Stef:
822 1030 2458 1209 Geh du nur und gehorche und erobra!
814 1154 2872 1362 Doch sieh, wenn alles Land, das du gewinnst,
814 1312 2675 1489 Längst wieder rückerobert ist vom Feind
825 1502 2601 1657 Und einig beide oder ganz zertrümmert,
830 1642 2888 1800 Und all der Hass verweht ist, dem du dienst,
827 1800 2553 1955 Und nur in Büchern aufgezeichnet ist,
841 1924 2959 2100 So fern den Menschen wie der Streit um Troja,
833 2103 2941 2306 Das Bildwerk, das ich schaffe, wird besteh'n.
841 2279 2896 2451 Wie soll ich mich in dieses Streiten mengen?
843 2443 2680 2574 So wie ich mich in eines Daseins Grenze
848 2556 2561 2725 Gezwängt nicht fühle, also haben auch
848 2740 2711 2880 Des Landes Grenzen keinen Sinn für mich,
843 2867 2717 3022 Die immer sich verrücken und verwischen.
848 3046 2640 3217 Mein Werk ist über Zeit und üeber Raum.
851 3215 2904 3373 Bist du ein Grosser,- nun, so hast du Recht.
487 3238 635 3373 Gg
859 3362 2422 3502 Wir aber, die dem Tage leben, wir
859 3512 2825 3700 Sind auch dazu gemacht, dem Tag zu dienen.
