3816 5080
696 1491 3384 1799 die heim Margrethe potest etc. /: Führt sie in die Mitte
2086 1712 3207 1909 Komm, mein liebes Kind!
930 1752 1588 1963 des Zimmers :/
1160 1856 3344 2120 Hier ist er! - Hans, mein Freund, gieb ihr die
2976 1980 3247 2133 Hand!
1167 2043 2949 2247 Wir kommen, dich ins Freie abzuholen,
1194 2180 3220 2381 Die Luft ist mild, die Gärten duften alle,
1190 2344 3110 2575 Der rechte Abend ist's, mit neuen Frau'n
1210 2478 3170 2708 Und alten Freunden hin und her zu wandeln.
1214 2622 3146 2899 Ob’s auch dem Fräulein so genehm wie dir?
869 2718 1137 2882 Hans:
1210 2795 3187 3003 Gewiss - Spazieren geh' ich gern zu dritt;
866 2899 1154 3083 Marg:
1204 2949 3367 3146 Ist Einer schwaigsam, plaudert doch der Andre.
3006 3023 3524 3187 bedacht
1214 3100 3427 3337 So hab' ich's gern. Ist man zuhause, braucht's
1224 3294 2963 3484 Der Worte nicht, und Einer ist genug.
910 3437 3307 3641 Franz: Was, die ist gut? So ehrlich fand ich keine.
913 3548 3367 3795 Marg: Nun ja, ich sag's, wie's ist.. Soll ich das
3103 3678 3397 3805 nicht?
916 3698 3170 3979 Franz: O bleibe so! Und sollt' es dir geschehen,
1709 3885 2083 4012 selber
1254 3892 3658 4146 Dass du einmal in meinen Armen selbst die 2 und
2016 4046 2538 4183 träumst
1230 4026 3187 4317 Kon einen Andern denkst, sprich ungescheut
1254 4183 3116 4427 Den Namen aus und schitesse deine Augen
1267 4360 3110 4601 Und heisse schweigen mich und nenne mir
1264 4514 3066 4785 Den Namen dessen, den du dir erträumt.
