3416 4040
2633 467 2766 656 12
734 720 2644 887 Ihr seht ins Weite, meine Welt ist klein,
739 834 2546 1006 Und aller Zukunft Fülle liegt für mich
753 1006 2619 1207 In einen enggeschloss'nen Kreis gebannt.
759 1145 2630 1351 Und also klingt nur Eins aus eurer Rede;
756 1276 2719 1512 Mir laut hervor: dass ihr den teuern Sohn,
762 1460 2635 1685 Den ihr mir eben brachtet, wieder nehmt.
781 1671 1223 1829 O Mutter!
500 1676 695 1818 Ant:
1284 1743 2972 1938 Lasst mich nur. Jung seid ihr Beide,
512 1874 706 1999 Gfn:
778 1943 2699 2093 Mein ganzes Leben aber heisst: ein Tag...
798 2110 2822 2260 Vielleicht auch zwei und drei, da will dies
2499 2154 2861 2285 Träumen
2043 2174 2413 2291 mehr viel
801 2238 2672 2452 Von einer hohen Zukunft nichts bedeuten.
806 2435 2900 2566 An deinem Ruhm könnt' ich mich nimmer freu'n,
459 2449 737 2647 (Zieleut)
1451 2546 1671 2635 ans
809 2541 2980 2783 Auch wenn du von der ersten Schlacht ihn heim-
2766 2594 3128 2763 bringst;
806 2655 3002 2919 erinnst — hoch sorgen kann ich mich nicht ehe.
820 2794 2783 2947 Lasst jedis Sorgé sein. Die Sterne, Gräfin,
534 2816 756 3025 H29:
1120 2911 1963 3047 bleibt die Tage mir
817 2977 3052 3166 Doch sorgen kann ich mich, du kehrst nicht heim.
2649 3052 2736 3122 G.C.P.
820 3114 2788 3272 Lasst jede Sorge sein. Die Sterne, Gräfin,
548 3169 745 3311 Hzg:
828 3264 2474 3436 Weissagen Gutes mir für lange Zeit,
834 3403 2599 3628 Und wer mir teuer ist, den stell' ich
848 3578 2916 3764 In meine Sterne Schutz, ein halb Jahrhundert
