3448 4040
2621 258 2711 397 4
452 432 2940 687 Der Herzog hat einbalsamiert seinen getöteten Gegner
471 616 2850 788 aus dem letzten Krieg mit Padua in den Erdgelassen.
474 907 3037 1113 Herzog lässt einen Improvisator mit Peitschen schlagen.
487 1188 2973 1488 Narr, der die Florentinerinnen kennt /:Bruder der Lu¬
507 1446 942 1578 cretia?:/
513 1678 3037 1882 Beatrice, das Génie des Weibes. Sie hat sich ihm nicht
516 1804 2982 2027 hingegeben, sie verlacht seine Lieder, sic quält ihn,
523 1940 3095 2185 sie treibt ihn zum Wahnsinn. Heut endlich kommt sie, um
533 2179 1239 2366 ihm zu gehören.
533 2459 2640 2650 Ich will nicht sein wie dieser Herr u n Pisa,
542 2582 2682 2808 Der mit dem Szepter durch die Strassen reitet
539 2792 2882 2960 Zum Spott der Knaben, doch zur Furcht den Männern.
555 3060 2895 3269 Ein Spassmacher aus Florenz, auf Gastrollen herum.
565 3347 3163 3637 Herzog lässt den Plautus aufführen, hält Voltigeure etc
