3240 3976
662 498 2134 715 Du Thor, der sich an Eine hängt!
662 684 2505 887 Und sich an ihrer Brust geborgen wähnt!
659 859 2421 1058 Gedanken, die nicht dir gehören, fliehn
659 999 2877 1239 Jenseits der stirn, die deinem Kuss sich neigte.
659 1227 2595 1424 im sie istVieles, was dir selbst so fremd,
662 1405 2137 1565 Wie Menschen, die du nie gesehn,
667 1590 2131 1757 Wie Träume, die du nie geträumt,
667 1785 2511 1940 Micht einen Augenblick, den besten nicht
673 1925 2742 2145 Hast du sie ganz gehabt. Ihr stisses Lächeln,
673 2103 2770 2314 Dasxsich um dich wie Licht der Sonne schlang,
670 2328 2621 2466 Hat nimmer dich gemeint. Du bist ein Mann
673 2443 2686 2663 Und darum lächelt sie und seufzt und küsst!
673 2643 2570 2838 Du bist voll Witz und weise und erzählst
670 2832 2657 3015 Von tausend Dingen, die berauschen müssen.
676 3043 2795 3201 Wenn man drauf hörte und sie ganz verstünde...
667 3212 2933 3412 Sie aber will den Jüngling schlank und prächtig,
