<?xml version="1.0" encoding="UTF-8" standalone="yes"?>
<PcGts xmlns="http://schema.primaresearch.org/PAGE/gts/pagecontent/2013-07-15" xmlns:xsi="http://www.w3.org/2001/XMLSchema-instance" xsi:schemaLocation="http://schema.primaresearch.org/PAGE/gts/pagecontent/2013-07-15 http://schema.primaresearch.org/PAGE/gts/pagecontent/2013-07-15/pagecontent.xsd">
    <Metadata>
        <Creator>prov=READ-COOP:name=TrHtr:version=2.1.0:model_id=51170:date=25_07_2023_02:57</Creator>
        <Created>2023-05-10T11:57:01.273+02:00</Created>
        <LastChange>2023-07-25T02:57:10.427+02:00</LastChange>
        <TranskribusMetadata docId="1428180" pageId="55394454" pageNr="24" tsid="130581222" status="IN_PROGRESS" userId="64420" imgUrl="https://files.transkribus.eu/Get?id=OOCYWRQVKLXRPBDZAEAWKDXG&amp;fileType=view" xmlUrl="https://files.transkribus.eu/Get?id=KZWDTWTWFNAJNZSKSYWAYGCL" imageId="44669338"/>
    </Metadata>
    <Page imageFilename="1428180_0024.jpg" imageWidth="3368" imageHeight="3976">
        <ReadingOrder>
            <OrderedGroup id="ro_1711801144619" caption="Regions reading order">
                <RegionRefIndexed index="0" regionRef="tr_2"/>
                <RegionRefIndexed index="1" regionRef="tr_1"/>
            </OrderedGroup>
        </ReadingOrder>
        <TextRegion id="tr_2" custom="readingOrder {index:0;}">
            <Coords points="713,532 2817,532 2817,1675 713,1675"/>
            <TextLine id="tr_2_tl_1" custom="readingOrder {index:0;}">
                <Coords points="2362,595 2430,598 2467,621 2502,604 2522,621 2645,615 2705,653 2734,638 2771,658 2805,650 2808,467 2725,489 2688,478 2668,498 2611,475 2562,478 2536,501 2416,481 2364,495"/>
                <Baseline points="2376,591 2408,588 2453,588 2498,588 2543,588 2587,585 2632,585 2677,585 2722,582 2767,585 2811,588"/>
                <TextEquiv>
                    <Unicode>22/12.98.</Unicode>
                </TextEquiv>
            </TextLine>
            <TextLine id="tr_2_tl_2" custom="readingOrder {index:1;}">
                <Coords points="701,799 2430,767 2430,678 2187,595 1712,693 701,650"/>
                <Baseline points="716,740 761,740 805,740 850,740 895,746 940,746 985,746 1029,743 1074,743 1119,743 1164,743 1208,743 1253,743 1298,743 1343,743 1388,743 1432,743 1477,743 1522,740 1567,743 1611,743 1656,743 1701,743 1746,740 1790,743 1835,743 1880,743 1925,743 1970,743 2014,743 2059,740 2104,743 2149,740 2193,740 2238,740 2283,740 2328,740 2373,743 2417,743 2435,743"/>
                <TextEquiv>
                    <Unicode>Filippo ruft seinen Diener: Battista!</Unicode>
                </TextEquiv>
            </TextLine>
            <TextLine id="tr_2_tl_3" custom="readingOrder {index:2;}">
                <Coords points="701,913 1549,959 1992,905 2236,985 2488,922 2488,793 2425,779 1989,847 701,799"/>
                <Baseline points="716,901 761,895 805,895 850,895 895,898 940,898 985,898 1029,898 1074,898 1119,898 1164,898 1208,898 1253,898 1298,898 1343,901 1388,898 1432,898 1477,898 1522,898 1567,901 1611,898 1656,898 1701,898 1746,898 1790,898 1835,895 1880,898 1925,898 1970,898 2014,901 2059,901 2104,898 2149,898 2193,898 2238,898 2283,898 2328,895 2373,895 2417,895 2462,895 2495,901"/>
                <TextEquiv>
                    <Unicode>Fil: Habt Ihr das kleine Tor geöffnet?</Unicode>
                </TextEquiv>
            </TextLine>
            <TextLine id="tr_2_tl_4" custom="readingOrder {index:3;}">
                <Coords points="704,1102 1002,1059 1119,1099 1179,1068 1446,1122 1603,1082 1603,939 1468,988 1302,947 1239,993 1168,965 1025,993 927,959 816,993 704,965"/>
                <Baseline points="719,1050 764,1050 808,1047 853,1050 898,1050 943,1050 988,1053 1032,1053 1077,1050 1122,1053 1167,1050 1211,1053 1256,1053 1301,1053 1346,1053 1391,1050 1435,1050 1480,1050 1525,1050 1570,1050 1611,1056"/>
                <TextEquiv>
                    <Unicode>Batt: Janol, Herr.</Unicode>
                </TextEquiv>
            </TextLine>
            <TextLine id="tr_2_tl_5" custom="readingOrder {index:4;}">
                <Coords points="701,1237 2387,1208 2579,1288 2674,1260 2674,1073 2513,1136 701,1119"/>
                <Baseline points="716,1205 761,1202 805,1202 850,1205 895,1202 940,1202 985,1205 1029,1202 1074,1202 1119,1202 1164,1202 1208,1202 1253,1202 1298,1205 1343,1205 1388,1205 1432,1205 1477,1202 1522,1202 1567,1202 1611,1202 1656,1202 1701,1205 1746,1205 1790,1205 1835,1202 1880,1202 1925,1202 1970,1202 2014,1202 2059,1202 2104,1202 2149,1202 2193,1202 2238,1202 2283,1202 2328,1199 2373,1199 2417,1199 2462,1199 2507,1199 2552,1202 2596,1202 2641,1199 2680,1205"/>
                <TextEquiv>
                    <Unicode>Fil: Ist der Kiesweg mit Blumen bestreut?</Unicode>
                </TextEquiv>
            </TextLine>
            <TextLine id="tr_2_tl_6" custom="readingOrder {index:5;}">
                <Coords points="698,1394 1875,1357 2253,1446 2814,1405 2814,1271 698,1300"/>
                <Baseline points="713,1361 758,1358 802,1358 847,1358 892,1358 937,1358 982,1358 1026,1358 1071,1358 1116,1358 1161,1358 1205,1358 1250,1361 1295,1361 1340,1361 1385,1361 1429,1358 1474,1358 1519,1358 1564,1355 1608,1355 1653,1358 1698,1355 1743,1355 1788,1358 1832,1355 1877,1355 1922,1355 1967,1355 2011,1355 2056,1355 2101,1358 2146,1358 2190,1358 2235,1358 2280,1358 2325,1358 2370,1355 2414,1355 2459,1355 2504,1355 2549,1358 2593,1355 2638,1355 2683,1355 2728,1352 2773,1352 2817,1355"/>
                <TextEquiv>
                    <Unicode>Batt: Janol, Herr! So reichlich, dass man wie</Unicode>
                </TextEquiv>
            </TextLine>
            <TextLine id="tr_2_tl_7" custom="readingOrder {index:6;}">
                <Coords points="830,1517 1168,1583 1680,1514 2473,1572 2473,1431 2364,1414 830,1437"/>
                <Baseline points="847,1513 868,1513 913,1510 958,1510 1002,1510 1047,1510 1092,1510 1137,1510 1182,1507 1226,1507 1271,1510 1316,1510 1361,1510 1405,1510 1450,1510 1495,1513 1540,1510 1585,1507 1629,1510 1674,1507 1719,1507 1764,1507 1808,1504 1853,1507 1898,1507 1943,1507 1988,1507 2032,1507 2077,1507 2122,1507 2167,1507 2211,1504 2256,1504 2301,1504 2346,1504 2390,1507 2435,1504 2480,1510"/>
                <TextEquiv>
                    <Unicode>auf einem Teppich drüber schreitet.</Unicode>
                </TextEquiv>
            </TextLine>
            <TextLine id="tr_2_tl_8" custom="readingOrder {index:7;}">
                <Coords points="698,1726 1239,1669 1606,1729 2422,1686 2379,1560 1969,1632 1769,1577 945,1632 698,1569"/>
                <Baseline points="713,1659 758,1659 802,1659 847,1662 892,1662 937,1665 982,1665 1026,1662 1071,1662 1116,1662 1161,1662 1205,1662 1250,1662 1295,1662 1340,1662 1385,1662 1429,1662 1474,1662 1519,1662 1564,1662 1608,1662 1653,1662 1698,1662 1743,1662 1788,1662 1832,1662 1877,1662 1922,1659 1967,1659 2011,1665 2056,1662 2101,1659 2146,1659 2190,1659 2235,1659 2280,1659 2325,1656 2370,1659 2414,1662 2429,1659"/>
                <TextEquiv>
                    <Unicode>Fil: Benedetto! Dominico! :Kommen:</Unicode>
                </TextEquiv>
            </TextLine>
        </TextRegion>
        <TextRegion id="tr_1" custom="readingOrder {index:1;}">
            <Coords points="704,1761 2996,1761 2996,3687 704,3687"/>
            <TextLine id="tr_1_tl_1" custom="readingOrder {index:0;}">
                <Coords points="847,1832 1408,1898 2679,1829 2877,1895 2877,1763 2797,1738 847,1740"/>
                <Baseline points="862,1817 907,1814 952,1814 996,1817 1041,1817 1086,1817 1131,1817 1176,1817 1220,1817 1265,1817 1310,1817 1355,1814 1399,1814 1444,1817 1489,1817 1534,1820 1579,1817 1623,1814 1668,1817 1713,1814 1758,1814 1802,1814 1847,1811 1892,1811 1937,1814 1982,1814 2026,1814 2071,1814 2116,1814 2161,1814 2205,1814 2250,1814 2295,1814 2340,1814 2385,1811 2429,1814 2474,1814 2519,1811 2564,1811 2608,1814 2653,1817 2698,1817 2743,1820 2787,1820 2832,1820 2877,1823 2880,1826"/>
                <TextEquiv>
                    <Unicode>Ist das Zimmer geschmückt? Ist die Tafel ge-</Unicode>
                </TextEquiv>
            </TextLine>
            <TextLine id="tr_1_tl_2" custom="readingOrder {index:1;}">
                <Coords points="844,2015 885,2030 916,2004 999,1978 1033,1998 1056,1989 1076,2007 1096,1998 1116,2018 1145,2024 1145,1909 1068,1892 1051,1909 996,1909 976,1924 899,1895 864,1924 844,1921"/>
                <Baseline points="859,1973 904,1970 949,1967 994,1970 1038,1970 1083,1970 1128,1970 1152,1973"/>
                <TextEquiv>
                    <Unicode>deckt?</Unicode>
                </TextEquiv>
            </TextLine>
            <TextLine id="tr_1_tl_3" custom="readingOrder {index:2;}">
                <Coords points="690,2153 1111,2201 1308,2130 2198,2124 2860,2193 2862,2027 690,2055"/>
                <Baseline points="707,2131 716,2128 761,2128 805,2128 850,2128 895,2128 940,2128 985,2128 1029,2128 1074,2128 1119,2128 1164,2128 1208,2128 1253,2128 1298,2128 1343,2128 1388,2128 1432,2128 1477,2128 1522,2128 1567,2128 1611,2125 1656,2125 1701,2122 1746,2122 1790,2122 1835,2122 1880,2122 1925,2122 1970,2122 2014,2122 2059,2122 2104,2122 2149,2122 2193,2122 2238,2122 2283,2122 2328,2122 2373,2122 2417,2122 2462,2119 2507,2119 2552,2119 2596,2116 2641,2119 2686,2119 2731,2119 2776,2116 2820,2119 2868,2114"/>
                <TextEquiv>
                    <Unicode>Ben: Janol, Herr! Aber ich musste die Früchte</Unicode>
                </TextEquiv>
            </TextLine>
            <TextLine id="tr_1_tl_4" custom="readingOrder {index:3;}">
                <Coords points="842,2307 1592,2276 1932,2347 2050,2299 2050,2184 1829,2230 1543,2196 842,2221"/>
                <Baseline points="856,2277 901,2277 946,2274 991,2277 1035,2274 1080,2277 1125,2274 1170,2277 1214,2280 1259,2280 1304,2280 1349,2277 1393,2277 1438,2277 1483,2277 1528,2277 1573,2277 1617,2274 1662,2277 1707,2274 1752,2277 1796,2274 1841,2274 1886,2274 1931,2274 1976,2274 2020,2271 2056,2277"/>
                <TextEquiv>
                    <Unicode>teurer bezahlen als sonst.</Unicode>
                </TextEquiv>
            </TextLine>
            <TextLine id="tr_1_tl_5" custom="readingOrder {index:4;}">
                <Coords points="698,2488 2808,2462 2808,2333 1941,2387 698,2327"/>
                <Baseline points="713,2435 755,2429 799,2429 844,2432 889,2432 934,2432 979,2432 1023,2432 1068,2432 1113,2432 1158,2432 1202,2432 1247,2432 1292,2432 1337,2429 1382,2429 1426,2429 1471,2432 1516,2429 1561,2429 1605,2429 1650,2429 1695,2429 1740,2429 1785,2426 1829,2426 1874,2426 1919,2429 1964,2429 2008,2429 2053,2429 2098,2429 2143,2429 2187,2429 2232,2426 2277,2429 2322,2426 2367,2426 2411,2429 2456,2429 2501,2429 2546,2426 2590,2426 2635,2426 2680,2426 2725,2423 2770,2423 2814,2426"/>
                <TextEquiv>
                    <Unicode>Fil: Schon gut. Ihr könnt gehen. Ich brauche</Unicode>
                </TextEquiv>
            </TextLine>
            <TextLine id="tr_1_tl_6" custom="readingOrder {index:5;}">
                <Coords points="833,2636 1841,2585 2413,2674 2897,2642 2877,2470 2467,2539 833,2476"/>
                <Baseline points="850,2584 895,2584 940,2584 985,2587 1029,2587 1074,2587 1119,2584 1164,2587 1208,2587 1253,2587 1298,2584 1343,2584 1388,2584 1432,2584 1477,2584 1522,2582 1567,2582 1611,2582 1656,2582 1701,2582 1746,2582 1790,2582 1835,2582 1880,2584 1925,2584 1970,2587 2014,2584 2059,2582 2104,2582 2149,2582 2193,2582 2238,2582 2283,2582 2328,2582 2373,2582 2417,2584 2462,2584 2507,2584 2552,2582 2596,2582 2641,2579 2686,2579 2731,2579 2776,2579 2820,2579 2865,2579 2904,2587"/>
                <TextEquiv>
                    <Unicode>euch nicht mehr.- Nur du, Battista, bleibst.</Unicode>
                </TextEquiv>
            </TextLine>
            <TextLine id="tr_1_tl_7" custom="readingOrder {index:6;}">
                <Coords points="690,2805 761,2797 850,2751 945,2751 1013,2782 1059,2748 1108,2762 1208,2745 1211,2662 1091,2688 988,2659 859,2696 781,2659 693,2654"/>
                <Baseline points="707,2740 722,2740 767,2740 811,2740 856,2743 901,2743 946,2743 991,2740 1035,2740 1080,2737 1125,2740 1170,2740 1214,2737"/>
                <TextEquiv>
                    <Unicode>Dom: Herr</Unicode>
                </TextEquiv>
            </TextLine>
            <TextLine id="tr_1_tl_8" custom="readingOrder {index:7;}">
                <Coords points="701,2908 1179,2977 1325,2908 1886,2966 2055,2897 2347,2991 2768,2911 2768,2828 2642,2788 1302,2785 942,2868 701,2811"/>
                <Baseline points="716,2895 761,2892 805,2892 850,2892 895,2895 940,2898 985,2895 1029,2892 1074,2892 1119,2892 1164,2892 1208,2892 1253,2892 1298,2892 1343,2892 1388,2892 1432,2892 1477,2892 1522,2892 1567,2895 1611,2892 1656,2895 1701,2895 1746,2895 1790,2892 1835,2892 1880,2889 1925,2895 1970,2895 2014,2892 2059,2892 2104,2892 2149,2895 2193,2895 2238,2895 2283,2892 2328,2892 2373,2895 2417,2892 2462,2892 2507,2892 2552,2892 2596,2892 2641,2892 2686,2892 2731,2889 2776,2892"/>
                <TextEquiv>
                    <Unicode>Fil: Hier ist euer Lohn. - Nun, es ist doch</Unicode>
                </TextEquiv>
            </TextLine>
            <TextLine id="tr_1_tl_9" custom="readingOrder {index:8;}">
                <Coords points="824,3129 907,3077 988,3092 1105,3063 1199,3109 1262,3083 1302,3114 1423,3106 1468,3071 1557,3066 1557,2983 1460,2994 1423,2966 1397,2991 1337,2974 1237,3000 1151,2963 1053,2994 945,2963 907,2991 824,2991"/>
                <Baseline points="841,3050 886,3050 931,3047 976,3047 1020,3050 1065,3047 1110,3047 1155,3047 1199,3047 1244,3047 1289,3047 1334,3047 1379,3047 1423,3053 1468,3053 1513,3050 1558,3053 1564,3053"/>
                <TextEquiv>
                    <Unicode>nicht zu wenig?</Unicode>
                </TextEquiv>
            </TextLine>
            <TextLine id="tr_1_tl_10" custom="readingOrder {index:9;}">
                <Coords points="1546,3140 1560,3140 1586,3120 1594,3123 1617,3114 1626,3103 1640,3109 1655,3106 1652,2983 1629,2980 1612,2991 1589,2988 1572,3000 1566,2994 1540,3000"/>
                <Baseline points="1558,3092 1602,3092 1647,3095 1662,3098"/>
                <TextEquiv>
                    <Unicode>auch</Unicode>
                </TextEquiv>
            </TextLine>
            <TextLine id="tr_1_tl_11" custom="readingOrder {index:10;}">
                <Coords points="687,3258 2001,3209 2304,3266 2897,3212 2897,3132 687,3134"/>
                <Baseline points="704,3208 710,3205 755,3202 799,3202 844,3205 889,3205 934,3205 979,3202 1023,3202 1068,3202 1113,3202 1158,3202 1202,3202 1247,3202 1292,3202 1337,3199 1382,3199 1426,3202 1471,3202 1516,3199 1561,3199 1605,3199 1650,3199 1695,3199 1740,3199 1785,3199 1829,3202 1874,3202 1919,3199 1964,3199 2008,3199 2053,3199 2098,3199 2143,3199 2187,3199 2232,3199 2277,3199 2322,3196 2367,3199 2411,3199 2456,3199 2501,3202 2546,3199 2590,3202 2635,3202 2680,3202 2725,3199 2770,3199 2814,3199 2859,3199 2904,3199"/>
                <TextEquiv>
                    <Unicode>Dom: Haben wir euer Gnaden irgend einen Anlass</Unicode>
                </TextEquiv>
            </TextLine>
            <TextLine id="tr_1_tl_12" custom="readingOrder {index:11;}">
                <Coords points="824,3392 1317,3363 1572,3412 1649,3366 1889,3409 2161,3381 2161,3286 824,3295"/>
                <Baseline points="841,3367 868,3364 913,3361 958,3361 1002,3361 1047,3361 1092,3361 1137,3361 1182,3361 1226,3361 1271,3358 1316,3358 1361,3361 1405,3358 1450,3358 1495,3358 1540,3358 1585,3358 1629,3358 1674,3358 1719,3358 1764,3364 1808,3361 1853,3361 1898,3358 1943,3358 1988,3358 2032,3358 2077,3358 2122,3355 2167,3358"/>
                <TextEquiv>
                    <Unicode>zur Unzufriedenheit gegeben?</Unicode>
                </TextEquiv>
            </TextLine>
            <TextLine id="tr_1_tl_13" custom="readingOrder {index:12;}">
                <Coords points="690,3529 2905,3550 2991,3541 2991,3386 1889,3484 1697,3404 1397,3475 690,3441"/>
                <Baseline points="707,3519 752,3513 796,3516 841,3519 886,3519 931,3519 976,3519 1020,3516 1065,3516 1110,3516 1155,3516 1199,3516 1244,3516 1289,3516 1334,3516 1379,3516 1423,3516 1468,3513 1513,3513 1558,3513 1602,3513 1647,3513 1692,3513 1737,3513 1782,3513 1826,3513 1871,3513 1916,3516 1961,3513 2005,3513 2050,3513 2095,3510 2140,3510 2185,3513 2229,3513 2274,3513 2319,3513 2364,3513 2408,3513 2453,3513 2498,3513 2543,3510 2587,3510 2632,3510 2677,3513 2722,3513 2767,3513 2811,3513 2856,3513 2901,3513 2946,3513 2990,3516 2996,3519"/>
                <TextEquiv>
                    <Unicode>Fil: Durchaus nicht. Wir scheiden im besten Ein¬</Unicode>
                </TextEquiv>
            </TextLine>
            <TextLine id="tr_1_tl_14" custom="readingOrder {index:13;}">
                <Coords points="827,3704 1480,3684 1735,3750 1989,3690 2178,3767 2387,3690 2800,3693 2800,3615 2711,3590 827,3590"/>
                <Baseline points="844,3674 880,3674 925,3677 970,3677 1014,3677 1059,3677 1104,3677 1149,3677 1193,3677 1238,3677 1283,3677 1328,3677 1373,3677 1417,3674 1462,3674 1507,3674 1552,3674 1596,3674 1641,3674 1686,3671 1731,3671 1776,3674 1820,3674 1865,3674 1910,3674 1955,3674 1999,3671 2044,3668 2089,3668 2134,3671 2179,3668 2223,3668 2268,3668 2313,3671 2358,3671 2402,3668 2447,3671 2492,3668 2537,3668 2582,3668 2626,3665 2671,3668 2716,3668 2761,3668 2805,3671"/>
                <TextEquiv>
                    <Unicode>vernehmen. Aber macht, dass ihr fortkommt.</Unicode>
                </TextEquiv>
            </TextLine>
        </TextRegion>
    </Page>
</PcGts>
