3464 4088
2665 347 2786 516 10
716 492 2508 758 Und Freude dieses Wiedersehens störte.
737 687 2734 876 Giebt's etwas, Herzog, das die hohe Stunde,
445 758 645 955 Ant:
731 847 2381 1024 Wo man so viele Teure wiederfindet,
713 997 2721 1181 Der Mutter Antlitz und der Schwester Liebe
747 1126 2639 1337 Und die geliebte Luft bedrohter Heimat -
753 1297 2665 1487 Was diese Stunde) noch (viel.)reicher macht,
763 1484 1763 1705 So ist es eure Hulde.
1784 1595 2781 1789 Nun müsst ihr wissen,
734 1658 1202 1852 :heiter:/
487 1723 679 1858 Hzg:
776 1802 2334 1952 Dass zwei Gefährten, Ludovico und
781 1944 2568 2100 Antonio, durch ein ganzes schönes Jahr
784 2071 2850 2250 Umhergestreift in Stadt und Wald und Bergen,
795 2229 2684 2455 Und dass sie noch in dieser letzten. Nacht
797 2410 2560 2608 Von allen tiefsten Dingen dieser Welt
800 2542 2876 2750 Als Menschen sprachen, die der Lauf des Tags
810 2705 2839 2908 Der Zufall der Geburt, des Schicksals Laune
818 2852 2647 3081 Und kein gemeines Maass verwirren kann.
826 2976 2900 3186 Lasst uns, mein Herzog, was auf freier Fahrt
542 3068 742 3218 Ant:
834 3142 2952 3350 Voll guten Sinns war, nicht zu schlimmem Ende
831 3321 2665 3536 Hieher, wo Grenzen wirksam, übertragen.
831 3468 2668 3697 Da wir das Tòr durchritten eurer Stadt,
