3752 4808
1241 1231 2883 1497 Bist du,verschwöre nicht die Lüge!
2785 1410 3036 1604 sag'.
879 1435 1742 1669 Marg.: (zu Franz)
1258 1584 3395 1808 Was heisst dies alles? Geht er nicht mit uns?
1271 1789 3120 1990 Das gute Kind hört nur, was es begreift.
901 1802 1231 1987 Franz:
1274 1917 3305 2167 Das gute Kind hat Recht: ich bleib' daheim.
896 2001 1176 2200 Hans:
901 2129 2758 2385 Franz: Warum? Bist du von gestern müd?
2665 2284 3128 2513 Ich bin's
928 2379 1190 2518 Hans:
1293 2499 3174 2698 Von vielen Tagen und von viele Nächten.
1288 2665 3417 2908 Der Frühling will mich nicht, das fühl' ich so
1288 2859 3174 3068 Wie Einer sich, der eintritt in ein Haus,
1301 3006 2908 3226 Als ungebetner Gast empfinden mag,
1307 3174 3496 3411 Und weiss doch nicht, warum. Geh du spazieren!..
1293 3362 3335 3605 Ich bin so weit von dir,wie du nicht ahnst.
1312 3553 3210 3765 Wie man allmälig Sprachen sonst erlernt,
1359 3754 3134 3969 So ist es mir, als wenn von Tag zu Tag
1318 3953 3172 4149 Ich aller Sprachen tiefer nur vergässe,
1320 4097 3180 4310 In denen einst das Leben zu mir sprach.
