3736 5048
911 1498 3321 1723 Beatrice, die er seit Monaten geliebt, kommt zu ihm
911 1646 3267 1871 einfach ihm sagen: Ich danke euch, ich liebe einen
902 1842 3209 2041 Andern,- oder: ich verlobe mich mit einem Andern.
905 2118 3485 2317 Beatrice, durch ihre grosse Frömmigkeit bekannt; er sah
911 2297 3421 2471 sie in der gestrigen Nacht, bevor sie ins Kloster ging.
889 2487 3398 2589 Es ist eine der ersten Taten der Räuber, dass sie das
889 2622 3392 2827 Kloster anzünden. Man vermeint alle getötet, Beatrice
889 2769 1858 2975 konnte aber fliehen.
889 3032 3421 3238 Sie muss mit vollkommen reiner Seele kommen, sonst be¬
902 3247 3449 3427 deutet sie nichts für ihn.- Warum ist sie bisher nicht
905 3395 3340 3565 gekommen? Weil ihr Bruder sie seit jener Nacht nicht
902 3562 3292 3703 aus dem Auge lässt /? / Alle Andern wie immer,- aber
889 3696 3440 3838 du, der ich alles geopfert habe, du hättest mit reiner
889 3889 3212 4021 Seele kommen müssen oder gar nicht. Wärst du eine
889 4011 3228 4178 Strassendirne gewesen - gut; aber gerade so nicht.
