3544 4328
238 452 694 676 Burchhard
1734 417 1980 715 1164
259 589 2961 893 S. II. Adj. Appello an Pise, reitet mit jetzten
305 841 2810 1079 Kopler aus - zeigt sich am Tiefer gut
312 1051 2838 1363 tappet u Risser an Gelshoff gelehrt.
364 1258 1310 1531 keind bestont. -
263 1577 2933 1867 der E. H. Carrau in gestrewöchte Partie
287 1860 3108 2078 1405, Renogiaar umgingel ist, (wch
228 1983 2912 2316 (die Seitenachen hören ihn) den temße
221 2305 1657 2547 mehr. Todte uns
235 2558 3020 3013 15 Giengele so wird sagen tiel zu it
1762 2940 2940 3227 verachtet, nach
350 2919 1769 3283 Misserich u Reliz
2957 2950 3160 3251 be
301 3199 3087 3581 überfällt ihr Onkel (homme et Mallffon
