3816 5128
1156 1534 3339 1793 Und band mein Pferd an einen Baum und streckte
1156 1758 2972 2006 Ing Grüne mich und sah zum Himmel auf,
1170 1904 3290 2079 So war mir wohl, denn nirgends war ich fremd.
1170 2038 3034 2282 Und alle Stimmen, woher sie auch kamen,
1179 2163 3348 2411 Hab' ich verstanden. Und nur das heisst leben.
1185 2361 3118 2542 Warum dies anders wurde, weiss ich nicht.
1208 2495 3022 2716 Ob ich für solche Fülle meines Daseins
1205 2678 3249 2891 Nun büssen muss, ob dies nur eine Krankheit
1208 2833 2844 3036 Wie andre,— ob das Ende kommen will
1220 2975 3427 3217 Und so sich meldet... all dies weiss ich nicht.
1223 3150 3147 3328 Doch da es einmal ist, sei’s hingenommen,
1237 3290 2967 3508 Und ohne Trauer sag' ich dir Lebwohl.
917 3491 2250 3712 Franz: Leb' wohl bis morgen!
2175 3587 3167 3782 Diesmal» guter Franz,
911 3674 1182 3854 Hans:
1249 3723 3447 3953 Wird's etwas länger werden, fürcht' ich schier.
917 3997 1651 4163 Marg: /: zu Fr:
1252 4128 2597 4306 Das ist ein lust'ger Freund!
2515 4230 3275 4367 Hast du ihr den
2900 4271 3485 4434 versprochen?
946 4341 1197 4472 Hans:
1266 4399 3607 4643 Nun gieb wol Acht, dass, was du sonst versprachst,
1281 4594 2480 4792 Ihr besser halten kannst.
2448 4609 3188 4888 Da sei getrost!
969 4725 1258 4964 Franz:
