3368 4024
2702 250 2934 578 1 2
359 458 1224 725 Filippo, Beatrice
414 708 1207 869 :Heisse Umarmung:
363 831 2185 1060 Bea: Ich habe Angst. Nimm mich zu dir!
366 978 1238 1173 Fil: Was ist dir?
369 1081 2815 1320 Bea: Auf der Strasse der Lärm! Es ist, wie wenn ein
516 1310 3085 1495 schweres Gewitter käme. Ich will nicht mehr zurück nach
516 1471 780 1645 Haus.
376 1614 1241 1809 Fil: Was ist dir?
390 1700 3140 1953 Bea: Der Vater sperrt den Schmuck allen in den Keller, der
530 1902 3037 2100 Bruder hat im Regiment des Uberti eine Stelle angenom-
537 2025 3088 2261 men, Rosina quält mich, die Mutter kann mich nicht lei-
547 2247 1477 2411 den, und gestern....
407 2363 1409 2586 Fil: Nun, was gab’s?
410 2544 3023 2722 Bea: Versprich mir, dass du mir nicht zürnst. Ich kann
554 2633 3143 2859 nichts dafür. Gestern abends, als ich von dir nach Hau-
557 2835 3092 3034 se kam, erschienen zwei Kriegersleute, die wollten dem
564 2992 3037 3184 Vater Armbänder verkaufen. Der eine zog den Vater ins
571 3136 3174 3355 Gespräch, der andere trat zu mir und sprach, - noch fass
568 3324 2979 3471 ich's nicht -: “Ich bin der Herzog. Du gefällst mir,
568 3471 2969 3649 komm in einer Stunde zu mir. Hier diese Strasse, du
568 3594 3211 3810 weisst es, führt zu meinem Schloss. Die Tür ist geöffnet,
