3368 4040
2756 315 2858 484 1
328 500 2887 777 Stefan Domingo, der Bildhauer, kommt. Mann in der Mitte
337 684 942 901 der Dreissig.
331 847 2330 1057 Stefan: Die Türen alle offen bis zum Gang
742 977 2855 1184 So ist der Eintritt leicht.- Hans, grüss dich
2597 1060 2848 1228 Gott!
745 1152 1524 1337 Und dich, Georg!
1489 1263 2498 1512 Ja, was bedeutet daß?
341 1308 595 1502 Hans ;
767 1454 1162 1684 Auch aup
1178 1575 2645 1798 War ich dir lang verloren? Nun,
353 1645 703 1814 Stefan:
770 1760 2874 1919 Du warst mir's nicht. Ich dachte deiner kaum.
777 1967 1362 2123 Wo warst du?
366 1948 656 2142 Georg:
1384 2072 2778 2225 Wo ich Keinen brauchen konnte,
366 2135 611 2266 Stef:
796 2212 2619 2435 Bet mir. Allein mit mir und einem Block
792 2365 2641 2616 Aus geissem Marmor, der seit heute Früh
805 2501 2667 2718 Gestalt nach meinem Sinn und Willen ist.
808 2711 2711 2909 Und solch ein tiefes Leuchten war in mir,
805 2820 2753 3036 Dass rings die ganze Welt ins dunkle sank.
818 3023 2505 3214 Nun ist mein Tausendsonnentag dahin,
818 3141 2692 3358 Der Erde sanfte Helligkeit umgiebt mich,
821 3310 2622 3488 Und wie nach einem ungeheuern Wachsein
827 3453 2877 3660 Tret’ ich in ein Bereich des Schlummers ein,
