3384 4008
948 401 2220 585 Doch sage, nichts ist mein,
572 411 788 574 Fil:
959 580 2759 732 Vergessnes ist nicht unser, was wir je
959 705 2906 890 Vergessen konnten, war auch niemals unser.
954 884 2821 1044 Die Stunde, die durch unser Leben rinnt,
956 1044 2821 1186 Ist nie Besitz, so wenig wie der Freund,
954 1194 3048 1360 Der uns verliess. Besitz ist, was wir halten,
948 1344 2749 1515 Was uns gehorbet, was wir zu jeder Zeit
954 1533 2741 1656 Rückrufen können, wenn es noch so tief
956 1686 3067 1811 In unsrer Seele sich versteckte, noch so weit
959 1816 2711 1969 In einem Winkel sich der Welt verbarg.
959 1950 2695 2145 Was wir mit einem Worte, einen Wunsch
948 2137 2594 2260 Zu unserm Eigen machen, ist Besitz.
948 2279 2548 2423 Uns aber trinken unsre Träume aus,
962 2423 2698 2567 Und von des Augenblickes Gnaden blühn
959 2586 2631 2719 Die Herzogtümer unsrer kurzen Macht.
964 2722 2599 2898 Was du gesungen, ist so wenig mein,
964 2874 2738 3040 Wie jenes Andern, dem es just gefällt,
956 3021 2677 3222 So wenig mein, wie heute gestern ist,
962 3203 3104 3358 Und morgen heut, und dieser Mensch der Mensch,
959 3363 2663 3502 Den du vor einem Jahre kanntest. Neu
972 3475 2842 3654 Von einem Tag zum andern such' ich mich,
959 3646 2898 3817 Will mich zusammenfassen, doch ich gleite
