3320 3960
446 449 3009 669 Antonio nicht dein bester Freund? und sind deine schön-
460 655 2347 827 sten Lieder nicht an Teresina gerichtet?
779 762 2855 992 All dies ist wahr, doch ahrer als dies alles
323 820 535 1036 Fil:
786 957 2670 1112 Ist, dass es wahr gewesen und nicht ist.
319 1115 3074 1283 Anas: Was ist dir, Filippo? Ich begreife dich nicht! Alles
463 1242 3037 1434 was man dir erzählt, gleitet von dir ab, als wäre deine
470 1390 3030 1585 Seele glatt. Du hörst von den Gefahren, in denen unsere
511 1575 3009 1719 Stadt schwebt, und bleibst ruhig; du hörst, dass dein
474 1747 3074 1884 Freund zurückgkommen, und es kümmert dich nicht; man er-
470 1897 2961 2062 zählt dir, dass die Geliebte ins Kloster geht, und es
491 2045 3088 2196 geht dich nichts an; - du bist ein Bettler und lächel st.
336 2186 2361 2371 Erc: Filippo, du bist wahnsinnig geworden!
347 2340 2817 2539 Fil: Und ist es Wahnsinn, heiss' ich ihn willkommen.
343 2632 1753 2845 Hierauf der Diener und Cosini.
