3400 4088
2558 728 2936 862 14/9.98.
465 971 766 1074 I. Akt.
484 1131 853 1231 1. Szene.
484 1228 2971 1372 Das Haus der Gräfin Überti. Hohes reiches Zimmer. Tür
478 1362 2836 1529 links und rechts. Hinten eine Terrasse, gegenüber
484 1577 1667 1683 Garten. Heller Sommertag.
490 1699 3061 1833 Teresina steht nahe der Terrasse. Sie ist weiss geklei¬
494 1824 2984 1994 det, sehr blass, leidende Züge, kein Schmuck. Sie hat
497 1974 3000 2151 den Blick auf die Strasse gerichtet, offenbar ohne zu
510 2221 891 2317 schauen.
510 2320 3045 2455 Von links kommt der Arzt, Pietro Abano, ein 50jähriger
519 2465 2522 2609 beleibter, ernst und klug aussehender Mann.
516 2673 2151 2772 Terasina: (blickt ihn fragend an:)
516 2827 1529 2926 Abano: /: tritt naher:
529 2981 1660 3086 Teresina: Ihr schweigt?
1635 3051 2795 3202 Nichts Neues hab' ich zu
532 3147 827 3253 Abano:
2526 3179 3009 3263 berichten.
529 3269 2311 3388 Ter: Und alle Hoffnung nehmt Ihr mir?
2304 3340 2760 3433 Vermessen
535 3401 695 3487 Ab:
804 3477 2933 3631 Ist jedes Wort, das Hoffnung nimmt und giebt.
