3528 4120
2549 277 2678 425 17
476 441 2971 753 cos: /:erzählt weiter:/ Sie wollen den Herzog sehen:
621 615 2984 872 Zu gleicher Zeit kommt der Paduaner Gesandte, das
634 756 3093 1027 Volk stürzt sich auf ihn und hätte ihn getätet, wenn
653 901 2993 1181 nicht die Wache ihn gerettet. Die Aufregung gross,
663 1085 3000 1355 plötzlich das Gerücht, ihr wärt gefangen, und also
679 1210 2923 1474 hielt ich es für das Klügste, euch zu xxx rufen.
547 1394 2974 1635 Abanb: Komnt, Gräfin, dass hier Nachrichten kommen,
698 1558 2569 1828 soll euch nicht neue Aufregung bereiten.
557 1780 1841 1983 Abano und die Frauen gehen.
576 1883 2140 2153 Hzg: Ah, seht doch! Wer ist die?
586 2089 1767 2311 Ant: Ich kenne sie nicht.
595 2186 2977 2446 Cost Ich kenne sie. Des Goldschmieds Nardi Tochter.
608 2330 2623 2565 Hzg: Wahrlich, ich habe sie schon gesehen.
618 2562 1555 2749 Gos: Freilich hier.
621 2623 3209 2890 Hzg: Nein, in Rom. - Was sagt ihr, Antonio, ist's nicht
776 2742 3180 3042 das Antlitz jener Hömerin? Julia! Die, deren Leiche
792 3042 1510 3206 gefunden wurde.
801 3129 2623 3373 Nun also gehen wir. Die Tore schliesst.
