3384 4072
679 456 2493 724 Hat sich in diesen letzten Tagen nicht
698 673 2454 832 Alles vereint, Antonio und den Herzog
698 816 2524 1033 Zurückzurufen, wie mit tausend Stimmen
698 950 2808 1151 Der Not und Angst? Den Herzog will sein Volk,
711 1103 2407 1352 Antonio seine Mutter, welche stirbt.
711 1294 2324 1447 Der Bote hat in Pisa sie erreicht.
717 1434 2811 1610 Ist's möglich, dass die Beiden auf der Fahrt
730 1571 2891 1753 Noch eine Stunde ruhn?.. ist's möglich - sagt!
727 1721 3054 1976 Dass Fürsten schlafen, wenn der Feina sich rüs tot
730 1871 2719 2097 Dass Söhne rasten, wenn die Mutter stirbt?
494 2183 2923 2394 /:Von einer Kammerfrau gestützt, tritt die Gräfin U-
481 2324 3044 2560 berti auf. Teresina eilt ihr entgegen, stützt sie. Ter.
494 2496 3054 2687 u.die Kammerfr.geleiten die Gräfin zur Terrasse, wo der
488 2678 2987 2885 Dr.Abano indess einen Lehnsessel so gerückt hat, dass
507 2821 2183 3006 die Gräfin gleich platznehmen kann:
504 3003 2948 3188 Gräfin: Noch nicht?.. und auch kein Reiter, der ihn
2681 3047 3025 3178 meldet?
497 3178 2713 3356 Ter: Vergeblich würden wir nach diesem späh'n.
778 3299 2948 3544 Antorio selbst kommt auf dem schnellsten Ross,
790 3439 2767 3640 Da du so sehr gewünscht, ihn bald zu sehn.
