3416 4056
239 526 495 738 Fil:
243 536 2952 842 Bea: Das ist auch Hoffnung. Gieb mir doch wenigstens die!
394 748 2982 987 Lass' mich glauben, dass du mich nicht davonjagst, daß
418 910 2959 1122 du mich ohne Reue, ohne Schmerz wiedernimmst, wenn ich
462 1058 2999 1291 wiederkehre,- dass ich dich wiederhaben kann, wann ich
418 1180 2447 1415 will, wenn auch um den Preis meines Lebens.
286 1385 1897 1621 Fil: Ich hab's gesagt. Jetzt geht
