3720 5048
799 1451 3362 1667 Er hört - wann heiratet sie? Ah, morgen! Nun ist alles
812 1660 3346 1879 aus. Diese Beatrice, an die er die herrlichsten Lieder
819 1886 3398 2015 gerichtet! Nun ist alles vorbei. Wie sie nun kommt, ihm
806 1957 3369 2192 danken für die Lieder,- sie kann's nur, indem sie sich
819 2124 3285 2340 selbst bringt. Träum' icht' wacht' ich? Vermählt euch
799 2324 3391 2495 mir! Nein, auch das nicht. Es ist sonderbar, im Anblick
816 2476 3059 2666 eines Andern wurde es klar, dass ich euch liebe.
