3768 5096
658 1402 3314 1721 ist keine Kunst, eine zu erobern, indem man ihr den Hof
568 1596 3314 1828 macht, sie beschenkt; das Wort "ich warte dein" muss genü-
554 1863 810 1998 gen.
585 2064 3341 2309 Sie hat endlich seine Lieder gehört und darum kommt sie zu
606 2223 3300 2476 ihm. Sie waren für mich - was kann ich euch weniger geben
602 2406 1392 2625 als mich selbst?
616 2625 3400 2895 Vielleicht: Beatrice durfte nur dies eine Mal ausgehen. Man
623 2815 3393 3057 sieht sie nie auf der Strasse. Oder: sie war in der Fremde,
627 2967 3237 3210 weil so schön, und diese eine Nacht in Bologna. Nun hat
644 3102 3366 3362 sih dies sonderbar und komisch aufgeklärt. Vielleicht: die
644 3289 3293 3525 Mutter wollte sie für den Herzog aufbewahren. Sie hat in
641 3424 3289 3684 der kleinen Stadt, wo sie gelebt, die Lieder von ihm ge-
651 3608 3383 3850 hört? Kommt jetzt zurück, erfährt, sie sind von ihm? Nein.
668 3764 3452 3968 - Vielleicht ist er verlobt mit Teresina. Es ist vielleich
682 3937 3276 4158 besser, sie kommt nicht. Was müsste die sein, die meine
675 4051 3359 4311 Seele so ganz ausgetrunken, um dann das halten zu können?
692 4186 3390 4508 Warum spürt er das Weibgenie in ihr? Vielleicht, weil sie
689 4408 1859 4654 ihn zum Dichter gemacht?
