3336 4008
2471 428 2559 553 6
626 567 2454 734 Und vielen Kostbarkeiten fremden Lands.
632 759 2686 890 So ist's. Ich denk', sie bringen Vieles mit,
349 731 561 895 Ter:
632 881 2086 1046 Woran Bologna Freude haben mag.
629 1077 2684 1190 Nicht nur Gelehrten so wie Ihr, auch Leuten,
626 1224 2505 1391 Die nur die eitle Neugier schauen macht.
638 1400 2689 1499 Seltsame Münzen, Stoffe, reich und prächtig,
635 1502 2910 1661 Ich glaub', auch Stein' und Pflanzen seltner Art.
640 1700 2831 1825 Schmäht mir die Neugier nicht, mein edles Fräu¬
360 1686 527 1833 Ab:
2627 1765 2865 1867 lein.
646 1848 2845 1969 Gelüstet's euch nicht selbst, all dies zu sehn?
1865 1921 2814 2043 Tot auch der wahre zum
643 2001 2797 2108 Ich weiss nicht recht. Sieht man denn auch das
368 1981 564 2154 Ter:
2584 2077 2845 2193 Wahre
640 2159 2672 2310 XXXM In einer Pflanze, die dem Heimatboden
632 2327 2494 2434 Entrissen ward, in einem Stein, den man
646 2451 2786 2627 Hier auf den Tisch legt, in der seltnen Münze,
643 2627 2803 2794 Die nichts mehr gilt,- in einem reichen Stoff,
646 2760 2820 2919 Mit dem sich Niemand schmückt? Was seinen Sinn
652 2964 2480 3063 Verlor - sei’s Blume oder Spitzentuch -
646 3097 2780 3228 Ist mir nicht schön, drum kann ich mich nicht
2604 3123 2919 3301 freu'n
606 3273 2664 3443 An Mitgebrachtem, wär'ses noch so herrlich.
652 3412 2658 3579 Und seht: das Beste, was sie dort gewonnen,
655 3571 2854 3707 Wenn sie verschuendrisch wären, wie sie's sind,
