3416 4056
2720 359 2816 524 2
738 538 2900 723 Bereit, die Träum' und Schatten, die begegnen,
790 694 2546 874 Als Wahres hinzunehmen, wie ihr Alle.
738 842 2535 1048 Das wohlgezäumte Ross im Hof ist dein?
741 1001 2804 1215 Es ist das meine, und ich darf nicht säumen,
379 1085 538 1198 Gg:
749 1181 2546 1340 Nachsprengen muss ich meinem Regiment,
755 1299 3082 1487 Längst ist der letzte Mann durch's Tor marschiert.
758 1508 1632 1667 So giebt es Krieg?
388 1464 637 1658 Stef:
1647 1644 2732 1785 Nun höre, dies ist arg!
394 1710 556 1901 Gg:
761 1800 2697 1953 In Waffen steht das Heer von Oesterreich,
770 1947 2923 2147 Die erste Schlacht bei Mailand war geschlagen,
776 2121 2683 2260 Dem Feind entgegen drängt es jeden Mann,-
778 2269 3021 2396 Und dieser kommt und fragt mich: Giebt es Krieg?
787 2402 2792 2573 Verzeih, dass mir das minder wichtig dünkt.
417 2454 660 2601 Stef:
778 2541 2590 2717 Der kline Zank der Völker und Regenten
787 2706 2746 2894 Bewegt mich nicht, mein Sinn ist anderswo.
796 2894 2726 3030 Nicht eben heiter find' ich mich begrüsst
796 3015 2668 3232 Für Einen, der aus solchen Fernen kommt.
799 3218 1759 3360 Komm ich zur Unzeit?
1771 3316 2816 3516 Nein, so sehr zurecht,
425 3351 671 3554 Hans:
807 3499 2981 3710 Wie du's nicht ahnen kannst. Zum Abschiedsfest
