4296 5512
1999 515 2311 689 105 —
1185 786 3194 1107 Der Jugend Reichtum, alles Glück der Welt,
1201 1010 2997 1251 Und Unermess'nes trinkt der Boden auf,
1223 1120 3736 1432 Auf den's verschwand' risch fliesst in blutzen Bächen.
1223 1332 2707 1594 Daneben meine Neige anzubieten,
1223 1541 1416 1628 Wärt.
1213 1488 2929 1722 7/8 so beschämend, als betrügerisch.
1223 1637 3059 1856 Lass' mich, Andrea, dieses arme Dasein
1235 1806 2688 2077 Beschliessen, wie's ihm ziemt!
2629 1899 3555 2149 Du machst es reich,
717 2090 964 2249 Andr:
1244 2111 3141 2342 Da Du's für ein Unendliches dahingiebst!
1266 2267 3097 2483 0 komm, Filippo, erst ins Freie wieder,
1276 2433 3081 2695 Dort lasse der bedronten Heimat Himmel
1282 2554 3250 2826 Sich wölben über Deinem Haupt, dort fühle,
1301 2726 3184 3000 Dass hunderttausend Brüder. Dir erste h'n,
1291 2854 3281 3106 Wenn Du den gleichen Weg mit Ihnen ziehst!
1291 3038 3059 3262 Zum Thor von San Vitale eil' mit mir,
1322 3197 2994 3390 Dort warten wir des ungeheuern Tags
1316 3293 3215 3599 Vereint, doch eh' wir gehn, geleite mich
1949 3481 2155 3602 sich
1338 3484 3206 3721 Zu Einer, der M, eh' der Tag erscheint,
1341 3612 3219 3895 Des Klosters von San Luca Thüre ai fthut,
1341 3771 3153 4057 Um nie sich ihrem Ausgang zu eröffnen.
1372 3927 3487 4145 Vielleicht, dass dieses Wiedersehn, den Geist
1372 4092 3178 4323 Ihr wiederbringt, dass ihre reine Hand
1385 4223 3412 4494 Dich segnet, eh' Du scheidest, und dass Eine
1382 4369 3325 4672 Daheimbleibt, Deine Rückkehr zu erfleh'n,
1385 4513 3571 4831 Zu mig'nem Glück nicht mehr, doch für Bologna,
1385 4706 3565 4999 Und ist Dir nicht bestimmt, Dich zu beweinen!
1410 4931 1790 5099 Andrea!
911 4847 1079 5177 11:
