3720 5064
865 1478 3430 1742 Krieg, der Wahnsinn des Vaters, die Gemeinheit der Mut
878 1726 3400 1849 ter, die Verlogenheit der Schwester,- selbst die Liebe
878 1826 3394 2065 des Bruders. Behalt' mich bei dir! Dein Name klang mir
878 2039 1497 2149 immer im Ohr.
871 2113 3081 2313 Das kann ich nicht. Du kannst nur mit mir fort.
884 2355 3081 2455 Wohin? als was? Nimm mich zum Weib! Du zögerst?
878 2516 3430 2646 Hätt' ich das geshnt, hätte Dichter am Hof sein können.
926 2600 2249 2842 - Der Herzog hier? er selbst?
871 2817 1703 2939 Nun, was ist dir?
878 2946 3442 3078 Vor thm flieh' ich! Nie hat mir ein Mensch furchtbarere
878 3068 3239 3236 Angst eingejagt. Gestern kaufte er ein Armband und
884 3275 3349 3433 sagte: Bring' mir's ins Schloss. Ich ging nicht, aber
884 3420 3259 3584 tausendmal zog’s mich hin. Aber wenn er noch einmal
884 3562 3430 3678 käme, ick weiss, ich ginge zu ihm. Denn ich weiss. ich
871 3713 3465 3859 könnte Herzogin sein; er wird Herr über Städte, und ich
871 3836 3326 4042 weiss, dass ich nur durch meinen Geliebten oder Mann
871 4059 3352 4178 gross sein könnte, und doch fühl' ich, dass ich Liebe
874 4213 1326 4333 brauchte.
871 4313 2433 4504 So weit vor mir! so weit von mir!
865 4539 3275 4733 So stell' ich mir's am schönsten vor, und sieh, das
