3736 4872
1730 1207 3247 1448 Nein, das ist schon lang vorbei!
908 1285 1282 1474 Franz:
1290 1466 3365 1618 Die heisst Margrete. (führt sie in die Mitte
2167 1604 3256 1828 Komm, mein liebes Kind!
1285 1650 2014 1828 des Zimmers)
1282 1793 3313 1977 Hier ist er! - Hans, mein Freund,gib ihr die
3058 1894 3322 2012 Hand!
1287 1986 3006 2184 Wir kommen, dich ins Freie abzuholen,
1296 2132 3236 2322 Die Luft ist mild, die Gärten duften alle,
1310 2345 3144 2517 Der rechte Abend ist's, mit neuen Fraun
1313 2503 3242 2707 und alten Freunden auf und ab zu wandeln.
1308 2655 3244 2894 Ob's auch dem Fräulein so genehm wie dir?
928 2713 1213 2885 Hans:
1308 2857 3348 3038 Gewiss! - Spazieren geh' ich gern zu dritt;
943 2891 1204 3072 Marg:
1316 3009 3434 3198 Ist Einer schweigsam,plaudert doch der Andre.
1316 3193 3334 3420 So hab' ich's gern.Ist man zuhaus,bedarf's
1322 3403 3032 3561 Der worte nicht, und Einer ist genug.
1336 3558 3371 3753 Was, die ist gut? So ehrlich fand ich keine.
951 3569 1267 3782 Pfanz:
1339 3719 3581 3980 Nun ja, ich sag's, wie's ist.. Soll ich das nicht?
957 3813 1285 3974 Marg.:
957 3931 3267 4144 Franz: O bleibe so! Und sollt' es dir geschehen,
1345 4115 3112 4305 Dass selbst in meinen Armen du einmal
