3384 4040
286 473 739 681 Bea: —!
296 593 2909 835 Fil: Merkst du denn nicht, dass alles zu Ende ist? dass
436 729 2868 1022 das Spiä deiner Gedanken dich unendlich fern von mir
439 916 3038 1141 hingetragen hat? - Du hast die Möglichkeit überlegt, ei-
439 1053 2974 1277 nem andern Mann zu gehören,- du gehörst ihm also schon
456 1277 1175 1472 und musst fort.
1315 1373 2592 1594 Filippo, ich liebe dich ja!
320 1397 1230 1638 Bea: :fassungslos:
327 1608 1274 1809 Fil: Es ist vorbei.
334 1638 3072 1925 Bea: Ich soll dich nicht wiedersehen? niemals wiedersahen?
480 1860 1291 2081 nie wiederkehren?
351 1979 3052 2241 Fil: Nie. Ich würde dich,- wo immer du dich mir zu Füssen
487 2122 3011 2371 wirfst, würd' ich dich davonjagen. Du kannst mir nicht
497 2388 1131 2555 mehr gehören.
364 2429 3038 2694 Bea: Es giebt keinen Preis auf der Welt, um den ich dich
508 2616 3076 2858 wiederhaben kann? - Das ist zu furchtbarn, diese Strafe
514 2742 2752 2963 ist zu entsetzlich für diese Sunde der Gedanken!
392 2943 3059 3141 Fil: Kann-ich dich noch einmal umarmen nach dem, was ge-
528 3089 1935 3304 schehen? Ich würde dich töten!
392 3256 1768 3461 Bea: So könnte es doch sein!
395 3468 998 3645 Fil: Wieso?
405 3617 1223 3812 Bea: Um den Tod.
