3368 4008
587 513 2139 624 Dom: Gleich, Herr? jetzt gleich?
596 649 3065 793 Fil: Ja, die Nacht ist euer. Ich denke, es muss heut
778 787 2978 990 in der Stadt bewegt genug zugehn. Benützt diese
732 937 3052 1116 sonderbare Nacht - hört ihr? Ich wünsche, dass ihr
728 1137 2865 1325 geht. Morgen Früh könnt ihr eure Sachen holen.
593 1297 2388 1420 Dom: Und wir sollen Euer Gnaden nicht
581 1414 3009 1644 Fil: Ich verlasse Bologna. Geht! :Die Drei Diener
2570 1586 2871 1770 gehen:
587 1746 1958 1844 Batt: Euer Gnaden reisen ab?
593 1906 3012 2115 Fil: Janol. Und höre, was ich dir aufzutragen habe.
