3416 4072
2690 355 2788 499 4
704 508 3022 678 So bal?... Entbehr' ich ihn nicht schon ein Jahf
439 580 641 690 Gfn:
667 684 2984 840 Und du sagst "bald" xxxmein Kind, die kleinen Worte
719 843 2655 1033 Wie gleich und bald und heute oder morgen
716 993 2465 1157 Sind manchmal ungeheuern Sinnes voll.
722 1126 2592 1310 Mit solchen Worten lohnt ihr euern Arzt,
447 1163 597 1359 Ab:
713 1305 2442 1475 Der euch den Weg allmäliger Genesung
724 1484 1637 1634 Mit Vorsicht führt?
1596 1628 2895 1761 Lasst das, mein guter Arzt!
462 1660 664 1801 Gfn:
730 1775 2690 1922 Dass ihr doch Keiner ahnt, wie eure Lügen
733 1928 2572 2116 Armselig sind undwie wir ihrer lachten,
739 2069 2823 2234 Wär's nur der Mühe wert. Hat man denn Keinen
753 2228 2661 2398 Von unsern Dienern vor das Tor geschickt!
733 2416 2494 2595 Baptista ist seit gestern Abend fort.
468 2450 687 2592 Ter:
750 2577 1111 2716 AlleinP
473 2612 647 2725 Ab:
1120 2704 2476 2846 Was fällt euch ein! Wer wagt
473 2753 681 2953 Ter:
753 2811 2958 3019 Sich jetzt des Nachts allein auf offne Strasse?
759 3019 2751 3169 's ist ja, wie wenn die Leute rings im Land
762 3155 2523 3328 Des neuen Kriegs gewärtig, ungeduldig
779 3305 2554 3527 Von ihren Schultern Ordnung und Gesetz
774 3475 2508 3677 Wie eine läst'ge Bürde abgeschüttelt.
