3736 5064
669 1355 3365 1667 Filippo hat sie auf einem Maskenfest nicht gsehen, son-
807 1640 3281 1829 dern gesprochen. Er sagt zu ihr: Wenn ihr euch einmal
793 1792 3180 1953 sehnt nach dem Sonderbaren, wenn euch Gefahr droht,
793 1953 3287 2138 wenn ihr ratlos seid,kommt zu mir. Und seither wartet
793 2087 3244 2242 er in einer ungeheuren Unruhe, die alles Andere ver¬
807 2272 3277 2447 schlingt. Teresina, die fast seine Braut war, kann er
793 2386 3371 2528 nicht mehr ansehen; die andern Weiber sind ihm zuwider.
877 2588 3186 2760 Oder: er ging von Teresina weg zu dem Maskenfest?
871 2709 3378 2901 Er ahnt, dass sie kommen wird. und besonders, wie man
793 2840 3146 3025 ihm erzählt, dass der Herzog das Mädchen verfolgt.
783 3035 3284 3197 Diese Unruhe nimmt ihm alles Andere. Täglich schmückt
787 3207 3381 3321 er sein Gemach mit den kostbarsten Blumen Und die Nach
793 3287 3234 3462 richt, dass Bernardone das Haus gehört, bedeutet für
793 3465 3197 3617 ihn: wie wird sie dich finden können? Aber umsomehr
783 3654 3082 3781 hofft er, dass sie kommen wird, weiss es beinahe.
783 3805 3294 4037 Wie sie kommt, empfängt er sie, als hätt###er sie lang
793 3936 1227 4097 erwartet.
783 4131 3318 4302 Tausend Gefahren bedrohen mich, Bräutigam, Vater, Mut¬
787 4269 3304 4420 ter. Sie beginnt alles zu verstehen. Seit dem Tag, da
783 4427 3368 4561 sie Filippo gesehen, vor drei Monaten, versteht sie al¬
776 4605 3180 4770 les. Nun aber wird alles furchtbar und drohend. Der
