3384 4024
2742 337 2854 508 2
386 482 2904 729 mein. Nicht, wie's die blasse Teresina war, die zusam-
412 670 2937 881 menschauerte, da ich das erste Mal mit Wünschen meiner
409 845 2907 1049 Jugend ihr genaht, die mich davonstiess, nicht wie in
416 947 2954 1204 Schaudern vor mir,- nein, vor den heiligen Trieben der
416 1106 3072 1396 Natur.... Bestrice, o Beatrice, komme! Ich bin im Fieber,
429 1313 2917 1482 meine Pulse zittern. Ich will an Wesen, das mir ganz
439 1449 2960 1647 gehört! O komme, die erst an meinem Herzen Weib gewor-
442 1610 3079 1798 den, die an meinem Busen Gleichgiltigkeit geträumt gegen
452 1805 752 1990 alles.
