3400 4040
538 473 1532 697 und zu meinen Füssen.
393 614 1867 849 Fil: Zu deinen Füssen - warum?
390 787 1770 987 Bea: Als des Herzogs Gattin.
397 959 1456 1139 Fil: Was sagst du da?
397 1073 2996 1256 Bea: Du hältst mich für kindisch. O ich sage dir, ich
545 1236 2999 1439 habe den Blick des Herzogs gestern gesehen. Wenn ich
545 1377 2523 1563 wollte, so könnte ich seine Gattin werden.
411 1577 1553 1743 Fil: So werde Herzogin!
418 1688 3130 1912 Bea: Was scherzest du? Morgen ist er fort - alles das ist
573 1815 2968 2071 ja Unsinn! Wir müssen denken, was sich wirklich tun
566 2060 877 2216 lässt.
425 2195 1387 2374 Fil: Geh, Beatrice.
431 2323 2785 2499 Bea: Jetzt schon? Und wann soll ich wiederkommen?
445 2513 935 2713 Fil: Nie!
445 2606 3106 2827 Bea: Was ist dir? Ich darf nicht wiederkommen? - Nun ja,
531 2796 3113 2961 hierher nicht. Nun sag', wo soll ich morgen Früh deiner
590 2982 949 3130 Warten?
449 3127 1173 3292 Fil: Virgends.
452 3158 3227 3455 Bea: Filippo, deiner warten, um mit dir zu gehen, wohin du
590 3431 953 3624 willst!
452 3548 2247 3779 Fil: Ich will dich nicht wiedersehen.
