3336 4072
701 666 969 940 Γχη·Ο·
710 870 2138 1088 d Tor, der sich an Eine hängt!
430 844 649 1108 in
701 1038 2563 1190 Und sich an ihrer Brust geborgen wähnt!
678 1070 2949 1402 Gedanken, die nicht dir gehören, wachen, flick
704 1286 3040 1481 Jenseits der Stim. glatten Stimme, die deine
2126 1422 3075 1582 Rung sich reiste
713 1451 2775 1684 Und weg von dir schaut sich dies klare Augk.
704 1623 2743 1870 Mit dir bist du allein, doch nicht mit ihr.
710 1751 2734 1934 Um sie ist Vieles, was dir selbst so fremd,
710 1981 2280 2097 Wie Menschen, die du nie gesehn,
716 2152 2225 2342 Wie Träume, die du nie geträumt.
721 2292 2627 2400 Nicht einen Augenblick, den besten nicht
2237 2362 2563 2478 in pes
713 2400 2906 2621 Hast du ste ganz gehabt. Ihr schonstes Lächeln
713 2589 2839 2763 Das dich um dich wie Licht der Sonne schlang,
716 2749 2679 2920 Hat nimmer dich gemeint. Du bist ein Mann
718 2839 2746 3025 Und darum lächelt ste und seufzt und küsst,
695 3069 2717 3269 Im Arm des Blonden liegt sieheut und sehnt
733 3220 2778 3421 Sich nach dem Schwarzgeleckten, den sie sah
730 3380 2650 3552 Als du im Garten sie spazieren führtest.
713 3479 2673 3726 Du bist voll Tiefsinn, weise und erzählst
1289 3642 1542 3842 will
