3352 3976
501 613 2904 839 Herzog: Manchmal will mir scheinen, es heisst nicht
654 830 2904 973 gar so viel, Herzog von Bologna sein. Ob es viel
645 945 2227 1174 hiesse, Herr der Welt zu sein - 7
511 1276 2958 1423 Herzog: Welche Narrheit zu glauben, dass des Hauses
316 1414 2441 1653 (chu) von der Begierde eines Weibes abhängt!
527 1691 2974 1892 Ein indischer Taucher, den er sich von der Reise mit
533 1896 2722 2109 gebracht hat, von Cesare zum Geschenk erhalten.
533 2106 3035 2377 Der Herzog war bisher vollkommen glücklich. Prophezet¬
527 2342 2875 2524 ung: wenn ihm das grosse Glück beschieden, muss er
543 2508 3111 2687 sterben, ist sein Ende noh. Oder: sobald ihm ein Wunsch
539 2703 1292 2866 verweigert wird.
533 2952 2993 3147 Kein festlicher Empfang für den Herzog. Man will ver¬
552 3137 3035 3297 spätet Statuen, Bilder, Triumphbogen auf den Strassen
543 3313 1219 3485 aufstellen /?/
