3400 4024
2802 330 2901 466 2
416 436 2957 684 hinter den Mauern des Klosters, wenn es keine Rückkehr
420 648 2957 895 mehr giebt, die Sehnsucht nach den Freuden der Welt in
436 800 3006 1031 dir aufflammt und deine Frömmigkeit uu einer argen Lüge
439 1047 747 1173 macht.
591 1100 3056 1292 Vergieb mir, Bruder. Aber so tief mich alles erschüt-
311 1209 509 1384 Ter:
453 1282 3069 1467 tert hat: deine Wiederkehr, der Tod der Mutter und jenes
463 1414 2802 1645 Andere, wovon ich nicht spreche, aber was du ahnst
472 1592 3046 1771 ich habe doch keinen Augenblick die Klarheit meines Den-
466 1695 3053 1953 kens verloren und weiss, was sich für ein Mädchen ziemt,
486 1893 2930 2065 das ohne Schutz dasteht und ohne Hoffnung. Glaube mir,
482 2029 3056 2233 ich werde jeden Tag zu Gott flehen, dass er euch wieder.
479 2214 2954 2375 kehren lässt und unsere geliebte Stadt aus ihren Ver-
492 2306 3079 2544 wirrungen und ihren Gefahren erlöst wird. Aber für mich
446 2554 1900 2709 hab' ich nichts mehr zu flehen.
370 2643 2894 2835 Ant: So höre und gieb mir wenigstens so weit nach. Du
505 2795 3033 3010 weisst, wie jetzt die Sache steht, soll ich morgen mit
525 2944 2997 3129 dem ersten Grauen des Tags die Stadt verlassen an der
515 3119 3036 3304 Seite des Herzogs. Eine Nacht ist lang, niemand weiss,
525 3244 3152 3436 was alles sie bringen kann. Verschiebe deinen Entschlus
532 3403 3188 3641 bis morgen Früh. Ja noch mehr. Bedenke, es ist vielleicht
542 3591 3142 3803 die letzte Bitte, dieich an dich richte: ich bitte dich,
