3432 4040
2639 472 2777 604 13
799 641 2545 756 so ward mir an der Wiege prophezeit,
756 804 2734 902 Brauch' ich von Menschen und von Elementen
753 942 2946 1071 So sehr sie mich bedrohten, nichts zu fürchten.
747 1076 2997 1214 Ergraut mir auch das Haar schon an den Schläfen,
750 1237 2696 1380 Noch si.nd die Jahre fern, da das Geschick
756 1426 2636 1560 Sich wendet, und wir wollen diesen Krieg
756 1531 2459 1686 Den unsrer Feinde Uebermut und Tùck e
761 1735 2350 1846 Verhängen möchte über unsre Stadt,
761 1855 2917 2041 Nicht anders wie ein Fest begeh'n. Wahrhaftig,
761 2052 2654 2144 Dies soll ein Zug ins Lager sein,wie nie
764 2181 3000 2324 Die Welt ihn sah. Denn alles Glück des Friedens,
767 2350 2596 2462 Der Künste Hoheit und der Freude Segen,
764 2519 3069 2619 Nehm' ich mit mir; dies ist mein Vorsatz. Mit uns
770 2654 2963 2762 Wird nicht allein die Schar der Krieger zieh'n,
770 2794 2785 2980 Der Musik heitrer Klang soll mich ergetzen,
764 2960 2739 3097 Der Dichter schönes Wort, des Narren Witz,
761 3137 2436 3243 Der Frauen holde Gegenwart, was uns
779 3272 2705 3378 Von einem Kampf zum andern bleibt an Zeit
776 3418 2874 3627 Soll nicht Erwartung sein des nächsten Bluts,
773 3552 2694 3767 Nicht unfruchtbarer Gram um das Verlorne,
