3368 4008
472 533 2995 715 Der Atsrolog sagt, der morgige Tag sei günstig für den
466 676 2865 852 Ausfall, weil ein angeschossener Adler in die Staat
466 912 734 1088 flog.
482 1123 2957 1346 Der Weise wird Meister über die Gestirne, sagt Ptolo¬
485 1327 1384 1547 mäus, der Astrolog.
494 1592 3062 1761 Bonatto steigt auf den Turm und sobald siegverheissende
485 1745 2877 1978 KonstellJationen nahen, lässt er die Glocken lauten.
536 2089 3053 2227 Jmeser, Saturn una Mars stehen im Haus der Zuillinge.
491 2322 2957 2542 In Korneol, Jaspis, krystall werden Figuren eingegra¬
507 2609 715 2791 ben.
514 2868 2380 3046 Verkauf von Kardinalshüten durch Borgia.
510 3164 2909 3343 Es ist die Art Beatricens, Märchen zu erzählen, die
517 3334 1841 3538 aber nicht wie Lügen wirken.
