3400 4024
2836 224 2948 445 2
541 426 2964 591 Bern: O, ihr werdet nie wieder damit zu tun haben!
675 591 3001 753 Durchaus nicht. Es sind die letzten, die ich euch
694 734 2889 871 bringe. Darum konnt' ich mir das Vergnügen niht
697 914 2799 1057 versagen, sie euch persönlich zu überreichen.
563 1082 1431 1228 Fil: Wie war das?
566 1116 3057 1362 Bern: Hundert Goldstücke. Damit sind die dreitausend
715 1275 2954 1493 voll, die ich euch seit einem Jahre, unserer Ab-
703 1440 2871 1661 machung gemäss, zu liefern hatte. Ihr habt die
722 1583 3017 1798 dreitausend Goldstücke und von morgen Früh sieben
715 1826 2989 1972 Uhr an, - alles nach unserer Abmachung — bin ich
594 1878 3045 2140 der Herr und Besitzer dieses Hauses.  :Weist das Pa-
725 2158 983 2289 pier:
578 2208 2886 2423 Erc: will es ihm entreissen: Ein scherzhafter
722 2476 1079 2575 Makler!
597 2597 2339 2731 Fil: Die Sache hat ihre Richtigkeit.
603 2737 1655 2889 Anas: Ist es möglich!
603 2777 3054 3063 Fil: Morgen Früh gehört euch Haus und Garten. Warum
753 3023 3172 3185 schenkt ihr mir schon heute die Ehre eures Besuches?
616 3188 3110 3402 Bern: Ich weiss, dass ihr sehr vergesslich seid, und
756 3346 2967 3539 wollte euch erinnern, dass morgen der erste Mai
768 3505 3169 3654 ist und dass von morgen Früh sieben Uhr dieses Haus
