4280 5416
2073 430 2427 559 104 —
1297 767 3182 954 Wie über feuchtes Gras dahingeschritten,
1291 966 3405 1101 Dass mir der Fuss vom Thau des Lebens dampft,
1303 1121 3296 1300 Das ich zertrat, so wär' ich ohne Unrecht!
1303 1247 3490 1423 Ich durft' es thun! Und trät' mir wer entgegen
1309 1379 3211 1593 Mit eines Rächers Ansehn, lacht' ich ihm
1326 1590 3144 1724 Als einem Thoren ins Gesicht! Doch mir
1314 1695 3413 1865 Ziemt solche Kühnheit nicht. Und Deine Milde
1335 1868 3495 2052 Giesst Scham wie glüh'ndes Oel in meine Seele.
1326 2014 3680 2181 Als wer erscheinst Du hier, wenn Du nicht strafst?
1338 2190 3560 2330 Der ich Dir immer war: als Freund. Und wahrlich
776 2254 1051 2389 Andr:
1338 2368 3045 2524 Mich hat ein gutes Ahnen hergeführt.
1332 2488 3384 2638 Was wolltest Du? Wie kamst Du mir entgegen?
1347 2664 3118 2799 Du bist so eilig, Dein gequältes Herz
1341 2743 3062 3042 Dem Degen eines Freundes anzubieten,
1347 2916 3475 3188 Als drängt' es Dich mit Macht zu einer Sühne.
1370 3068 3387 3244 Ich weiss Dir eine bess're. Komm' mit mir -
1370 3314 1771 3428 Mit Dir?
802 3293 1033 3460 Fil:
1780 3296 3264 3633 In eine gute, prangende Gefahr.
826 3484 1080 3613 Andr:
1373 3577 3200 3785 Bleibst Du an meiner Seite und ist Dir
1393 3674 3595 3856 Vergönnt, der nächsten Sterne Glanz zu schauen,
1393 3861 3697 4096 Glaub' mir, dann will der Himmel nicht Dein Ende!
1393 4037 3378 4257 Soll ich zuletzt mit falscher Münze zal en?
826 3996 1057 4236 Fil:
1399 4169 3463 4353 Es wär' nicht ehrlich, hinzuzieh'n mit Euch,
1396 4341 3255 4552 Mich Dir und diesen Bruven zu gesellen!
1414 4497 3250 4728 Ein herrliches Geschenk ist Euer Leben.
1408 4658 3411 4854 Wie mit hellgold'ner Flut ein edler Becher
1414 4795 3440 5027 Zum Rand gefüllt mit tausend Möglichkeiten,
1426 4912 2986 5141 Drin wogen Abenteuer, hoher Ruhm,
