3352 4008
386 458 802 678 mit ihr?
241 499 2864 788 Ere: Wahrhaftig, so beladen bin ich heute mit Neuigkei-
396 685 2933 985 ten, dass ihr mich wie einen überreifen Baum schütteln
396 861 2444 1108 könnt. Es fällt immer wieder etwas herunter.
265 1078 1697 1243 Fil: Schüttle ihn, Anastasio.
682 1136 2248 1353 Die alte Gräfin von Uberti starb.
262 1267 485 1422 Ere:
737 1398 1387 1546 Was sagst du?
282 1394 492 1546 Fil:
1477 1432 2430 1659 Lange war sie krank.
282 1539 489 1769 Ere:
757 1621 2516 1825 Ob's ihrem starken Geist gelungen ist,
761 1756 2396 1959 Des müden Körpers Atem hinzuhalten,
764 1907 2386 2110 Bis der geliebte Sohn zurückgekehrt,
744 2066 2654 2289 Ob's nur die Freude war des Wiederseh'ns
781 2210 2427 2379 Ob eben nur des Wiedersehens Freude
768 2348 2461 2541 Die alte Frau gefällt im Augenblick,
775 2489 2275 2709 Da ihr Antonio ihr entgegentrat,
788 2661 1604 2819 Entfloh ihr Atem.
317 2830 2203 3019 Anas: Filippo, willst du nicht hingehn?
327 3005 936 3198 Fil: Wohin?
324 3143 1845 3370 Anas: In den Palast der Uberti.
341 3288 1811 3484 Fil: Was hab' ich dort zu tun?
348 3412 3115 3683 Enas: Bist du dort nicht täglich aus und ein gegangen, ist
