3768 5080
634 1463 3360 1736 Filippo glücklich: Also du hast dein Wort dem Bräutigam
696 1695 3350 1839 zurückgegeben? bist mein?... Willst du dich mit mir ver-
692 1866 1927 2040 mählen? Bereit ist alles.
713 1944 3234 2180 Ich weiss nicht, was mir ist. Zerrüttet bin ich ganz.
713 2105 3456 2333 Denke: gestern Abend zwei Männer, der Herzog kommt zu mir.
761 2344 1204 2507 Und du?
771 2405 3336 2681 - Du siehst ja: ih ging nicht. Aber die ganze Nacht hab'
740 2606 2347 2821 ich geträumt, Herzoging zu werden.
812 2739 3391 2985 Also über diesen Traum gehst du zu mir zurück? So kann
757 2917 1890 3118 ich dich nicht brauchen.
778 3060 2835 3278 - Du verstehst nicht, ich bin nicht schuldig.
768 3186 3425 3394 - Du bist nicht schuldig, doch so beschmutzt. Und ich war
774 3302 3404 3544 bereit, an diesem Tag, da du deinem Bräutigam angehörst,
771 3555 1972 3722 diese Stadt zu verlassen.
805 3657 3503 3855 - Ich weise nicht, was ich will, ich weiss nur, dass alles
781 3804 3439 4029 on mir aufgerüttelt. Ich liebe dich und liebe ihn. Warum
798 3984 1760 4209 seid ihr nicht eins?
832 4134 2978 4336 - Ich verstehe dich so gut, Beatrice. Nun geh.
839 4237 3138 4459 - Verlass' mich nicht, nimm mir die Höfnung nicht!
