3768 5080
849 1416 3407 1688 soll auch geschehen. Du zu meinen Füssen, ich des Her¬
855 1620 2837 1861 zogs Frau, und alle deine Lieder für mich.
855 1800 2082 2002 Geh, ich bitte dich, geh!
868 1950 2347 2146 Warum? ist das nicht sehr klug?
884 2098 3321 2264 Fürwahr, sehr klug. Wo ist deine Seele? Nie noch war
868 2255 3235 2463 mir vor einer Dirne so ekel als vor dir, Jungfrau!
874 2427 3295 2642 Ich versteh' dich nicht. Du schickst mich fort? Ich
884 2581 2543 2777 soll wieder hinaus in die Gefahren?
884 2751 1899 2908 Was gehst du mich an?
881 2879 2174 3081 Hast du mich nicht geliebt?
881 3055 2261 3260 Ich habe einen Traum geliebt.
897 3183 3299 3375 So schike' mich doch nicht ohne alle Hoffnung fort!
893 3379 2149 3552 Darf ich dich wiedersehen?
903 3491 2613 3734 Der Zufall mag es fügen; aber fremd.
897 3587 3074 3840 Nein, alle Hoffnung, dass ich dir je angehöre.
913 3801 3481 3990 Wir uns angehören? Es würde mich so tief vor dir ekeln,
903 3968 3270 4176 dass wir gleich nachher fort müssten aus der Welt.
903 4134 3340 4355 So geh' ich doch nicht ohne Hoffnung fort. Ich kann
910 4247 3491 4480 dich besitzen um den Preis meines Lebens. Versprich mir
910 4464 1140 4599 das!
926 4612 1665 4797 Wenn du willst,
