3784 5096
841 1505 3063 1796 Hans: Du wünschest dir ein trauriges Geschenk.
844 1711 2029 1952 Marg: Was meint er dennr
1829 1696 3549 1984 min, lea Schei, lisst nicht
2011 1899 3352 2026 Ioh will, dass du nie liigst.
841 1926 1138 2090 Franz
1194 1982 2161 2161 beschiedich uil —
841 2020 3202 2255 Marg: Ich lüge nie, Es sei denn: du verlangst es.
858 2264 2096 2437 Franz: Wie sollt' ich das?
2646 2214 3443 2417 me uiralle
2117 2361 3178 2575 Du tust es immerfort
856 2423 1126 2608 Hans:
1191 2493 2964 2705 Mit jodem Seufzer und mit jedem Blick
1194 2687 3146 2831 Erbetteln wir von Freunden und von Frau'n
1205 2834 3084 3028 Die Lüge, die uns weiter hilft zu leben.
1205 3025 2728 3163 Je näher unserm Herzen Eine ist,
1214 3093 2916 3302 Um so viel tiefre Lügen fordern wir.
1223 3290 3008 3469 Was uns daheim auf Erden fühlen lässt,
1232 3440 2958 3663 Ist allerlei Betrug, der uns umgiebt.
1843 3602 2108 3696 in his
1226 3607 3434 3769 Wer Wahrheit xxx, ist fremd und bleibt allein.
1211 3748 3022 4016 Du aber biet von atesen Leuten nicht,
1302 3937 1529 4022 trer
1244 3916 3363 4107 Du möchtest dich in keinen Ballsaal stellen —
1255 4022 3231 4251 Und ruefen: Masken ab! Musik verstumme!
1320 4163 3543 4416 Und sie verstummt sogleich, wenn Masken fallen.
1250 4389 3575 4575 Um mich ist sie verstummt. Hoch dich umklingt sta-
1250 4492 3428 4730 Du liebst das Dasein und den Tanz, ein Dichter
1264 4669 2928 4927 Bist du, verschwöre nicht die Lüge!
