3352 4008
2631 433 2719 597 4
739 715 3034 868 Doch nun ist’s Zeit zu gehn. Dass mich der Zufall
742 871 2892 1033 Auch dich noch einmal sehn liess, freute mich.
730 1048 1218 1162 Lebt wohl.
1248 1206 3019 1333 Gemach - ich schliesse gleich mich an.
559 1198 815 1312 Stef:
571 1351 1268 1483 Gg: /:lächelt:/
742 1483 2869 1639 Das wird nicht möglich sein. Ich bin zu Pferd
742 1630 2469 1777 Und reite meinen Leuten eilends nach.
562 1816 2619 1924 Stef: Und welches ist der Weg des Regiments?
565 1963 2890 2122 Gg: Nach Graz die Strasse. Warum fragst du mich?
556 2139 2922 2280 Stef: Noch heute nachts gedenk' ich euch zu folgen.
568 2275 1265 2439 Gg: /: zu Hans:
833 2410 2198 2604 Was fährt ihm durch den Sinn?
2172 2545 3057 2725 Wird's mir verwehrt
553 2572 803 2725 stef:
830 2695 2945 2878 Dem Trupp mich anzuschliessen, den du führst?
827 2892 2522 3010 Erkläre dich, bevor ich dir erwidre.
562 2913 730 3051 Gg:
556 3072 2560 3249 Stef: Da ich ins Leben just hinabget siegen,
839 3196 2795 3349 Will ich dorthin, wo heiss sein Atem weht.
821 3325 2966 3537 Mit dir such' ich den Lärm der Schlachten auf,
833 3481 2751 3728 Will im Gewühl des Kampfes mit dir stehn,
