3816 5128
1198 1483 3046 1739 Und kommen wird der Augenblick, da mich
1211 1694 3132 1912 Das laute Treiben dieser Welt xx wie Lärm
1217 1851 3087 2011 Umtönen wird, den ich nicht deuten kann.
1211 1986 3154 2178 Wie Vieles hat doch einst zu mir geredet!
1211 2152 3154 2399 Zu Taten rief es mich - ich hört' es gut.
2062 2255 2498 2389 stonden
1220 2322 3023 2536 Im Feld bin ich gewesen, hab' mich oft
1233 2514 2985 2684 Herumgeschlagen und hab's gern getan.
1486 2591 2034 2722 soyt wen
1243 2616 3158 2789 Nun heiset es, geht's da oben wieder los.
1243 2757 3372 3004 Ich geh nicht mit, nach Ruhm verlangt’s mich
3138 2831 3443 2956 nicht,
2219 2879 2453 2998 heil
1249 2889 3302 3167 ### Kaum fass' ich ###ch, daß ich je sein
3052 2972 3500 3110 begehrte.
1207 3110 3504 3247 Noch klingt das Wort - der Sinn ist mir verloren.
942 3225 3433 3491 /:Zu Marg:/ Mit Deinesgleichen hab' ich viele Stunden
1233 3385 3164 3628 In hohen Freuden hingebracht,- ja heitrer
1291 3558 3443 3734 Als ich an euern Busen hinsank, ging ich fort.
954 3696 3529 3901 / :Zu Franz:/ Und wenn du kamst und andre liebe Freunde,
1297 3878 3446 4096 Wie gern liess ich zu einem Spiel mich locken,
1297 4000 3372 4256 Wie sehr auch liebt' ich, bis in späte Nacht
1303 4141 3219 4381 Mir euch zu plaudern von erhabnen Dingen
1319 4330 3238 4532 Und von dem leichten Gang gewohnten Tags.
1332 4512 3190 4717 Und war ich ganz allein und ritt hinaus
1329 4628 3391 4858 Am frischen Morgen in den Wald nach Dornbach
