4280 5432
2081 513 2324 671 101
1983 817 3602 1063 So weisst Du nicht, warum und wie!
723 914 966 1106 Fil:
1291 1027 3274 1212 An Deiner Mutter Bett, die sterben wollte,
1288 1169 2870 1415 Sank ich zu Teresinas Füssen hin,
1303 1346 3195 1573 Der ich dreifache Andacht weihen musste,
1315 1485 3520 1674 Die meine Braut, die meines Freundes Schwester,
1324 1637 3293 1835 Die einer Mutter Atem angstvoll lauschte -
1315 1819 3256 2032 Mit heissen Lippen drängt' ich an ihr
1333 1935 3129 2154 Und Worte, jedes so verrucht und wild,
1333 2123 3347 2278 Wie man sie Müdchen zuraunt in der Schenke,
1340 2257 3420 2460 Entströmten diesem Mund; und als sie endlich
1324 2421 3256 2627 Mit einem Blicke nur mich gehn hiess und
1340 2536 3779 2749 Ich gieng, war’s nicht die Reue, die mich forttrieb,
1343 2712 3375 2937 Nur Zorn versagter Lust, und vor die Stadt,
1343 2855 3235 3074 Wo Spiel und Tänze waren, eilt' ich hin
1361 3053 3520 3205 Und warf mich weg, so ganz und so im Wahnsinn,
1367 3156 3016 3384 An Eine, die so völlig andrer Art,
1361 3338 3302 3554 Dass ich wie Einer bin, der hundert Jahre
1364 3514 2934 3700 In einem Zauberreich umhergeirrt,
1370 3645 3189 3845 Wo man ihm Alles, was ihm von der Erde
1336 3742 3514 4000 Anhieng, so nahm, dass fürder die Gemeinschaft
1379 3955 3584 4125 Der Menschen ihm verwehrt ist und nichts übrig
1388 4101 2318 4335 Als was Du bringst!
2327 4207 3779 4417 Du ahnst nicht, was ich bringe.
841 4313 1109 4483 Andr:
1385 4389 3317 4635 Nicht so! Ich kann's verstehn. Nun sieh
835 4499 1063 4650 Fil:
3396 4492 3748 4693 es soll
1765 4547 2937 4745 :Er nimmt seinen Degen:
1385 4723 3621 4909 Ein ehrlich Fechten sein, ich will mich wehren.
1406 4866 2949 5082 Nicht nur zum Schein! Gieb Acht!
