3384 4008
512 424 1788 629 Filippo, Anastasio, Ercole.
509 527 2869 819 Bernardone: :tritt ein: Guten Nachmittag, meine
698 774 1066 909 Herren!
527 843 2914 1066 Fil: Guten Tag, Bernardone. Was wollt ihr bei mir?
545 1032 2944 1210 Bern: Mancherlei, mancherlei! Aber ich weiss nicht,
671 1132 2351 1358 ob ich vor diesen Herren reden darf.
542 1342 2962 1514 Fil: Ohneweiters. Es sind meine Freunde. Anastasio,
692 1499 3046 1671 ein Musiker,- Ercole, ein Wachposten, vormals Bild-
692 1692 1084 1824 hauer...
554 1803 2206 1996 Erc: Und nachmals Fürst von Padua.
560 1963 1932 2113 Bern: Ich heisse Bernardone.
575 2122 2474 2264 Fil: Vormals Makler und nachmals Makier.
2580 2185 2923 2393 :Sieht
578 2233 2543 2456 Bern: Nicht so ganz, werter Herr Loschi.
722 2450 1613 2616 sich befriedigt um:
578 2574 2282 2772 Fil: Also was gibet's, was giebt's?
593 2676 2890 2884 Bern: Geduld, Herr Loschi. Ich bringe euch etwas
725 2866 2929 3055 höchst Erwünschtes, nehm' ich an. Seht, hundert
740 3025 2279 3224 Goldstücke. Wollt ihr nachzählen?
611 3151 2998 3341 Fil: Es ist nicht notwendig. Ihr hättet’s übrigens
746 3332 3133 3504 meinem Diener übergeben können wie sonst. Ihr wisst
765 3443 3167 3705 dass ich mit diesen Dingen nichts zu tun haben will.
