3432 4648
780 1122 3034 1327 Von Muskeln strotzend, blühend braun das Antlitz,
783 1319 2455 1507 Der wilde pferde mit Behagen zähmt,
794 1496 2832 1664 Und nichts von dem gealnt, was dich bewegte.
805 1670 2927 1880 Doch bist du alles: klug und stark und schön
805 1872 2829 2049 Und alles Lebens Hielheit strahlt von dir -
817 2037 2986 2231 Vertrau' ihh nicht: sie will nur etwas Andres!
825 2237 2851 2371 Will Einen, der nicht weise und nicht stark,
828 2366 2798 2545 Will Einen, dem das Glück im Schlafe kommt,
842 2593 2854 2745 Er hat es nicht ersehnt und nicht verdient.
845 2753 2952 2921 Und fasst'es nicht und geht dann wieder fort
845 2952 2896 3098 Und war doch wen’ger nicht für sie als du! -
850 3101 2686 3289 Und ist es diesmal lüge, was ich sprach,
850 3317 3064 3505 So bleibt es dennoch wahr. Nicht, was geschieht,
859 3415 2977 3659 Was dir geschehen könnte, ist dein Schicksal.
864 3643 2812 3808 Drum, wenn man niemals dich betrog, du bist
862 3797 2708 3993 Betrogen! Und wenn Keine dich verliess,
867 4021 2722 4207 Verlassen wirst du jeden Tag aufs Neue.
