3432 4040
2643 374 2763 502 11
751 491 2995 662 Seid Ihr-mein Fürst und eure Freundschaft- Gnade.
751 703 2802 832 Beliebt euch dieses Wort, so nehm' ich's an.
461 706 667 876 H29.
751 835 2755 969 Und dass es gleich den ganzen Sinn gewänne,
748 1002 2632 1167 Erklär' ich hier: ihr seid an meinem Hof
742 1147 2657 1331 Der Nächste mir trotz allen meinen Räten.
748 1323 2501 1491 Kein vorbestimmtes Amt verwaltet ihr;
754 1482 2520 1611 Wieseurer stets bewährten Treue ziemt,
754 1633 2772 1784 Stellt ures Herzog Willm euch Tag für Tag
754 1798 2604 1929 Dorthin, wo man des besten Manns bedarf,
754 1906 2373 2102 Wo Ehre wartet und Gefahr, Gewährt
748 2066 2953 2200 Hat sich auf unsrer Fahrt, so reich an Wundern,
754 2255 2710 2417 Ein herrlich offner Sinn, der nie ermüdet
762 2412 2682 2543 Die tiefste Andacht für vergangne Grösse,
765 2557 2308 2721 Am Gegenwärt'gen eine wache Lust.
762 2702 2467 2886 Und also acht' ich auch berufen, mit
765 2864 2593 2995 An einer Zukunft hohem Bau zu schaffen,
768 2987 2735 3162 Wie wir ihn schon in Träumen aufgerichtet.
765 3129 2864 3316 Der Mutter, Herzog, gnädigst wollt verzieh'n,
491 3137 687 3377 Gfn:
765 3341 2610 3489 Für die aus eurer Worte gold 'ner Pracht
765 3430 2872 3620 Zwar Stolz, doch auch Besorgnis niederquillt.
