3384 4008
2895 300 2988 418 2
805 412 2681 591 Hilflos an mir, und warten ist mein Los.
557 579 2836 712 Anastasio: Da du gewillt scheinst, heut dich zu
2527 697 3118 805 erschliessen,
796 740 2994 901 Sag' alles, was dich quält. Ich fühlt' es lang:
802 873 1619 1053 Du bist bedrückt.
554 1009 771 1214 Fil:
1588 1003 2644 1211 Jawol. Dass ich in mir
805 1155 2759 1347 Verschlossen bin, dass all mein Willen nur
799 1322 2802 1530 Nach Wollen geht und damit sich bescheidet,
790 1520 2975 1644 Dass ich nicht nehmen kann, was sich mir giebt,
796 1626 2830 1802 Nicht geben kann, was man mir nehmen möchte,
793 1796 2929 1979 Dass mir die Kraft gebricht, ganz zu besitzen,
786 1948 2570 2124 Und jene bessere: ganz mich hinzugeben.
545 2093 3031 2266 Anas: Sprichst du von deiner Kunst - von einer prau..?
542 2263 2700 2424 Fil: Von meinem Dasein sprech' ich, Anastasio.
536 2660 2793 2876 Fil: Ist dies nicht wunderbar, wie manches Glück
774 2867 2688 3028 Und manches Leid durch unsre Seele rinnt,
762 3022 2889 3208 Wie Wellen flüchtig, und ein Schaum von ihnen
762 3171 2864 3332 Blieb nur zurück in farb'gen Blasen spielend.
678 3325 2969 3558 : Und während wir weiter tollen und rasen, trinkt
765 3483 2071 3644 ein Traum unsere Seele aus :
