3768 4824
1308 1201 3315 1421 Von einem Andern träumst, sprich ungescheut
1322 1393 3123 1604 Den Namen aus. Nur, Mädohen, lüge nicht.
1334 1550 3565 1792 Das werd' ich nie - es sei denn: du verlangst es.
931 1601 1269 1767 Marg.:
1325 1773 2257 1995 Wie sollt' ich das?
945 1795 1283 2001 Franz:
2153 1930 3315 2124 Du tust es wie wir alle!
943 1958 1227 2183 Hans:
1325 2141 3118 2302 Mit jedem Seufzer und mit jeden Blick
1328 2243 3241 2440 Erbetteln wir von Freunden und von Fraun
1331 2437 3177 2673 Die Lüge, die uns weiter hilft zu heben.
1345 2634 2845 2839 Je näher unserm Herzen gine ist,
1342 2833 3053 3011 m so viel tiefre Lügen fordern wir.
1345 3011 3109 3171 Was uns daheim auf Erden fühlen lässt,
1337 3157 3019 3382 Ist allerlei Betrug, der uns umgibt.
1356 3331 3554 3554 Wer Wahrheit sucht, ist fremd und bleibt allein.
1356 3520 3354 3739 Wer möchte sich in einen Ballsaal stellen -
1365 3742 3270 3894 Und rufen: Masken ab! Musik verstumme!" -
1393 3866 3610 4083 - Ach sie verstummt sogleich, wenn Masken fallen!
1353 4052 3621 4266 um mich ist sie verstummt! Doch dich umklingt sei
1365 4240 3495 4434 Dubliebst das Dasein und den Tanz, ein Dichter
