3368 4008
721 523 2838 675 Anas: Ist das alles ernsthaft zu nehmen, was
847 661 1775 845 dieser Mensch sagt?
735 784 2890 974 Fil: Jedes Wort ist wahr. Diese hundert Gold-
870 951 2941 1138 stücke sind mein ganzes Vermögen. Und morgen
888 1115 2921 1278 bin ich so etwas Aehnliches wie ein Bettler.
755 1275 2993 1474 Bern: Was fällt euch ein, Herr Loschi! Ihr seid
902 1442 2910 1611 jung und Ihr seid begabt, und wie jetzt die
896 1586 2881 1735 Dinge stehen, findet jeder junge Mann sein
911 1726 2962 1904 Unterkommen. Wir haben ja Kriegszeiten, Gott
919 1916 1583 2094 sei's gedankt!
773 2037 2921 2243 Erc: Freut sich euresgleichen über den Krieg?
908 2218 1678 2404 Das ist mir neu!
778 2301 3088 2496 Bern: O, es ist eine schöne Zeit, eine herrlt he
919 2447 3091 2694 Zeitfür unsereinen! Die schönen Jünglinge sind
922 2614 3076 2827 alle fort, und die schönen Mädchen und Frauen,
939 2783 2976 2985 wenn sie anfangs auch ha len, brauchen doch
945 2987 1620 3143 endlich Trost,
827 3099 3097 3289 Erc: Jagt mir den Kerl endlich hinaus! Möcht' er
957 3272 2996 3458 uns nicht Ekel vor dem ganzen weiblichen Ge-
962 3430 2950 3591 schlecht erregen, indem er uns zu bedenken
