3352 3960
2727 372 2813 489 1
2305 625 2705 834 : II. Akt:
326 622 1139 865 Teresina, Uberti
2794 800 3031 951 eins!
323 828 2730 988 Antonio: Und doch, versprecht mir, liebe Schwester
329 969 1985 1136 Ter: Mein Bruder, was befehlt ihr?
788 1074 2681 1283 Bedenkt, dies alles kam so eilends, dass
332 1133 529 1320 Ant:
791 1262 2696 1419 Wir keines fassen konnten,- Freude nicht,
797 1419 2816 1588 So arm siewar, und nicht des Kummers Fülle.
797 1570 2921 1745 Da's auch an Zeit gebricht, um die Verwirrung
803 1726 2539 1880 Durch Ueberlegung und Gebet zu lösen.
803 1917 3034 2059 Drum bitt' ich dich von Herzen, liebe Schwester:
803 2022 2964 2188 Steh' ab von deinem Wunsche. Nicht ins Kloster
812 2157 2705 2348 Der heiligen Justina lass' dich geleiten
800 2324 2791 2502 Kehre mit mir zurück in unsrer Mutter Haus
806 2480 2656 2665 In Frieden walte dort, bis Gottes Wille
806 2665 3056 2822 Mich selbst heimführt aus dieses Krieges Wirren,
816 2797 2807 2991 Oder bis dir Kunde wird von meinem Hingang
819 2930 2736 3145 Ich will nicht in dein Geheimnis dringen,
588 3124 3059 3305 Doch denke: Manches, was als tiefste Enttäuschung er-
588 3241 3034 3438 scheint, giebt sich als etwas leicht zu Vergessendes
585 3394 2942 3613 kund. Und es könnte dir geschehen, dass allzu spät
