3416 4024
2720 332 2816 511 5
386 527 2228 782 Rosina, die sich ihrer Nacktheit freut.
386 686 2883 872 Beatrice: Denk', wie ich gestern kam, steht sie beim
2528 750 2896 897 Spiegel.
402 843 1689 1057 Filippo: Nun, was weiter?
1651 951 2637 1188 Du weisst schon, wie.
399 1047 840 1220 Beatrice;
923 1149 2883 1328 Denk' doch - grad fünfzehn Jahr'. 0, deine
2082 1223 2790 1376 Augen leuchten!
683 1334 2235 1507 Hätt's dir nicht erzählen sollen.
428 1599 2991 1807 Rosina geht nicht aus der Sonne den ganzen Tag, um die
425 1801 1568 1970 Haare blind zu behalten.
428 2030 2947 2260 Der Kaufmann Nardi, Bruder eines griechischen Lehrers,
434 2251 1861 2420 mit ihm nach Italien gekommen.
