<?xml version="1.0" encoding="UTF-8" standalone="yes"?>
<PcGts xmlns="http://schema.primaresearch.org/PAGE/gts/pagecontent/2013-07-15" xmlns:xsi="http://www.w3.org/2001/XMLSchema-instance" xsi:schemaLocation="http://schema.primaresearch.org/PAGE/gts/pagecontent/2013-07-15 http://schema.primaresearch.org/PAGE/gts/pagecontent/2013-07-15/pagecontent.xsd">
    <Metadata>
        <Creator>prov=READ-COOP:name=TrHtr:version=2.1.0:model_id=51170:date=25_07_2023_02:57</Creator>
        <Created>2023-05-10T11:57:01.152+02:00</Created>
        <LastChange>2023-07-25T02:57:10.155+02:00</LastChange>
        <TranskribusMetadata docId="1428180" pageId="55394447" pageNr="23" tsid="130581221" status="IN_PROGRESS" userId="64420" imgUrl="https://files.transkribus.eu/Get?id=EMERDIGAJFSZUFEUYPMBYAGG&amp;fileType=view" xmlUrl="https://files.transkribus.eu/Get?id=AWTWMSKWVWQCQBVTQAMYHUWP" imageId="44669331"/>
    </Metadata>
    <Page imageFilename="1428180_0023.jpg" imageWidth="3384" imageHeight="4040">
        <ReadingOrder>
            <OrderedGroup id="ro_1711801143641" caption="Regions reading order">
                <RegionRefIndexed index="0" regionRef="tr_1"/>
            </OrderedGroup>
        </ReadingOrder>
        <TextRegion id="tr_1" custom="readingOrder {index:0;}">
            <Coords points="590,352 3043,352 3043,2032 590,2032"/>
            <TextLine id="tr_1_tl_1" custom="readingOrder {index:0;}">
                <Coords points="2657,483 2673,483 2678,488 2687,480 2722,469 2736,477 2749,477 2760,335 2738,333 2733,327 2725,330 2717,322 2708,330 2700,330 2692,322 2667,322"/>
                <Baseline points="2676,408 2718,405 2762,402"/>
                <TextEquiv>
                    <Unicode>5</Unicode>
                </TextEquiv>
            </TextLine>
            <TextLine id="tr_1_tl_2" custom="readingOrder {index:1;}">
                <Coords points="824,611 1039,652 2070,595 2417,660 2520,641 2523,526 2275,469 1841,543 1713,477 1206,551 1124,491 826,488"/>
                <Baseline points="838,611 871,611 916,608 960,608 1005,605 1050,605 1095,602 1139,605 1184,605 1229,605 1274,602 1318,602 1363,599 1408,596 1453,596 1497,596 1542,596 1587,596 1632,596 1676,593 1721,596 1766,593 1811,590 1855,590 1900,587 1945,587 1990,584 2034,584 2079,581 2124,584 2169,581 2213,581 2258,578 2303,578 2348,575 2392,575 2437,572 2482,572 2527,575"/>
                <TextEquiv>
                    <Unicode>Doch ohne Hass und ohne Siegesjubel.</Unicode>
                </TextEquiv>
            </TextLine>
            <TextLine id="tr_1_tl_3" custom="readingOrder {index:2;}">
                <Coords points="829,807 1383,832 1874,758 2144,832 2283,764 2850,734 2850,663 2635,622 2269,690 2193,630 832,679"/>
                <Baseline points="844,766 889,763 933,760 978,760 1023,757 1068,760 1112,760 1157,760 1202,757 1247,754 1291,754 1336,754 1381,751 1426,751 1470,751 1515,751 1560,751 1605,748 1650,748 1694,748 1739,748 1784,748 1829,745 1873,745 1918,742 1963,739 2008,739 2052,739 2097,739 2142,736 2187,734 2231,734 2276,731 2321,728 2366,728 2410,725 2455,728 2500,728 2545,725 2589,722 2634,722 2679,722 2724,719 2768,719 2813,716 2858,713"/>
                <TextEquiv>
                    <Unicode>Nur in ein Schauspiel will ich mich begeben</Unicode>
                </TextEquiv>
            </TextLine>
            <TextLine id="tr_1_tl_4" custom="readingOrder {index:3;}">
                <Coords points="837,933 2125,960 2681,889 2684,794 1833,810 1636,878 1407,810 1315,865 1203,813 837,859"/>
                <Baseline points="853,918 898,918 942,916 987,916 1032,916 1077,916 1121,913 1166,913 1211,913 1256,910 1300,910 1345,910 1390,910 1435,910 1479,907 1524,907 1569,907 1614,904 1658,904 1703,904 1748,904 1793,904 1837,898 1882,898 1927,895 1972,895 2017,892 2061,892 2106,892 2151,889 2196,889 2240,886 2285,886 2330,883 2375,883 2419,880 2464,880 2509,877 2554,880 2598,877 2643,877 2688,874"/>
                <TextEquiv>
                    <Unicode>Von seltner Art, aus dem Gestalten sich</Unicode>
                </TextEquiv>
            </TextLine>
            <TextLine id="tr_1_tl_5" custom="readingOrder {index:4;}">
                <Coords points="843,1107 1146,1181 1934,1050 2667,1072 2706,966 846,993"/>
                <Baseline points="859,1077 877,1077 921,1077 966,1074 1011,1071 1056,1071 1101,1071 1145,1068 1190,1068 1235,1068 1280,1065 1324,1062 1369,1062 1414,1059 1459,1062 1503,1059 1548,1059 1593,1062 1638,1059 1682,1059 1727,1056 1772,1056 1817,1053 1861,1053 1906,1050 1951,1050 1996,1047 2040,1047 2085,1044 2130,1044 2175,1044 2219,1041 2264,1041 2309,1041 2354,1038 2398,1038 2443,1035 2488,1032 2533,1032 2577,1032 2622,1032 2667,1032 2712,1035"/>
                <TextEquiv>
                    <Unicode>Die Keiner noch erblickte, lösen werden.</Unicode>
                </TextEquiv>
            </TextLine>
            <TextLine id="tr_1_tl_6" custom="readingOrder {index:5;}">
                <Coords points="837,1249 1058,1320 1219,1260 2261,1276 2848,1189 2848,1105 840,1143"/>
                <Baseline points="853,1226 886,1226 930,1226 975,1226 1020,1226 1065,1223 1109,1223 1154,1223 1199,1223 1244,1220 1288,1220 1333,1220 1378,1220 1423,1220 1468,1220 1512,1217 1557,1217 1602,1214 1647,1214 1691,1211 1736,1211 1781,1211 1826,1208 1870,1205 1915,1205 1960,1202 2005,1202 2049,1202 2094,1202 2139,1202 2184,1202 2228,1202 2273,1199 2318,1199 2363,1193 2407,1193 2452,1190 2497,1190 2542,1190 2586,1190 2631,1187 2676,1187 2721,1184 2765,1181 2810,1178 2855,1175"/>
                <TextEquiv>
                    <Unicode>Ich nehm' es als ein Schicksal, dass du mir</Unicode>
                </TextEquiv>
            </TextLine>
            <TextLine id="tr_1_tl_7" custom="readingOrder {index:6;}">
                <Coords points="840,1405 1094,1446 1380,1383 1631,1454 1920,1361 2528,1426 2777,1383 2779,1266 840,1328"/>
                <Baseline points="856,1390 862,1390 907,1390 951,1387 996,1384 1041,1381 1086,1381 1130,1381 1175,1378 1220,1375 1265,1375 1309,1375 1354,1375 1399,1375 1444,1375 1488,1372 1533,1369 1578,1369 1623,1372 1667,1372 1712,1366 1757,1366 1802,1366 1846,1366 1891,1363 1936,1360 1981,1360 2025,1357 2070,1360 2115,1357 2160,1357 2204,1354 2249,1357 2294,1354 2339,1351 2384,1351 2428,1348 2473,1345 2518,1345 2563,1342 2607,1342 2652,1339 2697,1339 2742,1336 2786,1336"/>
                <TextEquiv>
                    <Unicode>Als Erster hingestellt warst, da ich just</Unicode>
                </TextEquiv>
            </TextLine>
            <TextLine id="tr_1_tl_8" custom="readingOrder {index:7;}">
                <Coords points="846,1604 2482,1555 2747,1516 2749,1396 1980,1429 1896,1484 848,1456"/>
                <Baseline points="862,1545 874,1542 918,1542 963,1542 1008,1539 1053,1539 1098,1536 1142,1536 1187,1536 1232,1533 1277,1533 1321,1530 1366,1530 1411,1527 1456,1527 1500,1527 1545,1524 1590,1524 1635,1524 1679,1524 1724,1524 1769,1521 1814,1524 1858,1521 1903,1521 1948,1518 1993,1515 2037,1515 2082,1512 2127,1509 2172,1509 2216,1509 2261,1506 2306,1503 2351,1503 2395,1500 2440,1500 2485,1500 2530,1497 2574,1500 2619,1497 2664,1500 2709,1500 2754,1500"/>
                <TextEquiv>
                    <Unicode>Hinab ins Leben stieg. Was es mir bringt,</Unicode>
                </TextEquiv>
            </TextLine>
            <TextLine id="tr_1_tl_9" custom="readingOrder {index:8;}">
                <Coords points="846,1732 3006,1707 3036,1571 848,1639"/>
                <Baseline points="862,1700 895,1697 939,1697 984,1694 1029,1694 1074,1694 1118,1691 1163,1691 1208,1688 1253,1688 1297,1685 1342,1685 1387,1685 1432,1682 1476,1682 1521,1682 1566,1682 1611,1682 1655,1679 1700,1679 1745,1673 1790,1676 1835,1676 1879,1676 1924,1673 1969,1670 2014,1670 2058,1667 2103,1664 2148,1664 2193,1661 2237,1661 2282,1661 2327,1658 2372,1655 2416,1655 2461,1655 2506,1655 2551,1652 2595,1650 2640,1652 2685,1652 2730,1652 2774,1650 2819,1650 2864,1647 2909,1644 2953,1644 2998,1644 3043,1644"/>
                <TextEquiv>
                    <Unicode>Ich brauch' es nur, mich drüber hinzuschwingen.</Unicode>
                </TextEquiv>
            </TextLine>
            <TextLine id="tr_1_tl_10" custom="readingOrder {index:9;}">
                <Coords points="840,1885 2599,1825 2812,1890 2815,1754 843,1792"/>
                <Baseline points="859,1852 895,1852 939,1855 984,1855 1029,1858 1074,1855 1118,1852 1163,1849 1208,1846 1253,1846 1297,1843 1342,1843 1387,1840 1432,1840 1476,1840 1521,1837 1566,1840 1611,1837 1655,1840 1700,1837 1745,1835 1790,1832 1835,1832 1879,1829 1924,1829 1969,1829 2014,1823 2058,1823 2103,1823 2148,1820 2193,1820 2237,1817 2282,1817 2327,1820 2372,1817 2416,1814 2461,1811 2506,1811 2551,1811 2595,1808 2640,1808 2685,1811 2730,1808 2774,1805 2819,1808"/>
                <TextEquiv>
                    <Unicode>Auf gleichem Weg liegt zweierlei Gelingen.</Unicode>
                </TextEquiv>
            </TextLine>
            <TextLine id="tr_1_tl_11" custom="readingOrder {index:10;}">
                <Coords points="856,2054 1350,2005 1988,2043 2130,1986 2613,1991 2616,1923 859,1934"/>
                <Baseline points="871,2011 874,2011 918,2011 963,2011 1008,2008 1053,2008 1098,2008 1142,2005 1187,2005 1232,1999 1277,1999 1321,1996 1366,1999 1411,1996 1456,1996 1500,1993 1545,1996 1590,1993 1635,1993 1679,1993 1724,1990 1769,1990 1814,1990 1858,1987 1903,1984 1948,1981 1993,1981 2037,1978 2082,1978 2127,1978 2172,1978 2216,1978 2261,1975 2306,1975 2351,1975 2395,1972 2440,1972 2485,1972 2530,1969 2574,1975 2619,1978"/>
                <TextEquiv>
                    <Unicode>Was immer dich in unsre Reihen führt,</Unicode>
                </TextEquiv>
            </TextLine>
            <TextLine id="tr_1_tl_12" custom="readingOrder {index:11;}">
                <Coords points="576,2076 614,2078 633,2067 649,2076 698,2040 739,2035 736,1934 709,1934 701,1926 671,1945 646,1937 630,1950 622,1942 606,1958 573,1958"/>
                <Baseline points="590,2020 635,2022 680,2022 725,2022 745,2020"/>
                <TextEquiv>
                    <Unicode>Gg:</Unicode>
                </TextEquiv>
            </TextLine>
        </TextRegion>
    </Page>
</PcGts>
