3768 5096
665 1477 1280 1765 slichkeiten.
547 1684 3276 1901 1. Filippo hat Beatrice auf dem Maskenfest kennen gelernt
591 1860 3283 2044 und erwartet sie, da sie ihm versprochen, sie kommt, wenn
584 2020 1375 2220 Gefahren drohen.
581 2132 3286 2393 2. Fil. hat Bea. auf dem Fest kennen gelernt. Sie hat ihm
598 2292 2852 2519 gesagt, sie kommt, wenn sie sich vermählen wird.
594 2455 3252 2662 3. Till hat schon lange Zeit mit Bea. das Verhältnis und
740 2628 2356 2842 will nun mit ihr aus Bologna fort.
608 2740 3252 2960 4. Fil. hat schon lange Zeit mit Bea. das Verhältnis und
611 2943 3025 3100 will sich mit ihr vermählen, zu ihren Eltern gehen.
614 3035 3324 3300 5. Fil. wird von Bea. für reich gehalten; wie sie erfährt,
628 3293 1171 3446 dass nicht.
