3384 3992
2567 282 2666 449 2
472 443 2753 626 Postenkrönung. Filippo nie gekrönt. Oder nach der
472 597 3026 773 Krünung: das Höchste nicht erreicht. Vielleicht spricht
481 700 2898 963 der Herzog den Wunsch aus, ihn zum Poeten zu krönen.
485 1081 2869 1232 Filippo. Es könnte ihm einfallen, im 3.Akt, dass es
494 1216 2872 1402 eine Albertheit war, sie wegen eines Traums fortzu¬
504 1431 937 1585 schicken.
491 1656 3071 1842 Einer der Hauptleute: Wie ein Jude geizig, und schmutzig
513 1874 1348 2031 wie ein Deitscher.
494 2105 2843 2374 Kapitäne würfeln auf den Altären und zechen in der
526 2346 1001 2484 Sakristei.
526 2577 2978 2763 Der Legat der Kirche hat in Bologna nicht die gering¬
529 2776 2933 2923 ste Gewalt. Aendern. Sie dulden den Legaten nicht /?
536 3080 3019 3254 Was immer ihr verlangt, Frauen, Macht, Weisheit,- man
536 3279 2599 3401 kann’s euch doch wieder nur als Liebe geben.
