3320 4104
566 573 2217 793 Verhältnis der Beatrice zu Filippo.
466 741 3023 935 Filippo früher als Student im Hause Überti aus und ein
476 913 3074 1129 gegangen. Er wollte Teresina ganz, sie hat sich ihm ent
476 1091 2748 1259 zogen.. Nicht Poet von Beruf. So fühlt er keinen
469 1230 2786 1411 Schmerz, dass er nicht mehr dichtet, sondern will
476 1417 2935 1560 nicht als Dichter an den Hof. Von Teresina fort, hat
479 1566 3019 1728 er ein tolles Leben angefangen. Er hat Beatrice abends
482 1725 3023 1909 auf der Strasse kennen gelernt. Sie sanken sich in die
479 1909 3016 2042 Arme, wie von der heiligen Natur selbst zu einander ge
485 2061 2864 2181 trieben; seit er sie besitzt, lebt er wie im Taumel,
476 2181 2916 2353 kümmert sich um nichts, fühlt, glaubt zu fehlen, sie
485 2317 2909 2498 sei seine Sache, will nicht wissen, woher sie kommt,
476 2547 1194 2667 wohin sie geht.
476 2712 2935 2961 Oder sie war in einem Kloster und er hat vor, sie zu
482 3029 786 3207 raiben.
518 3243 2942 3440 Oder sie war sein nun kommt sie und sagt: Komm, ich
476 3472 2178 3667 muss mit dir fliehen vor dem Herzog.
