3384 4024
2664 228 2754 415 2
405 405 2782 654 sage, du bist Beatrice - man führt dich in mein Ge-
408 633 1515 855 mach...“ Damit ging er.
291 827 533 996 Fil:
280 917 3066 1128 Bea: Du zürnst mir! Kann ich was dafür? Du siehst, ich bin
432 1069 3045 1273 nicht hingegangen. - Aber jetzt will ich bei dir bleiben,
439 1228 2640 1436 dein Haus ist gross. Mach' mich zu deinem Weib.
301 1377 2889 1612 Fil: Das will ich tun, aber in diesem Hause können wir
450 1581 1135 1782 nicht bleiben.
308 1709 1515 1900 Bea: Gehört's nicht dir?
325 1782 3059 2086 Fil: Bis morgen Früh. Blebe bis morgen Fruh bei mir, dann
477 2031 1616 2201 verlassen wir die Stadt.
336 2207 934 2370 Bea: Wohin?
346 2322 1405 2547 Fil: Ich weiss nicht.
353 2467 1820 2664 Bea: Bist du denn nicht reich?
360 2588 2782 2806 Pil: Reich? - Ich habe diese Kleider, sonst nichts.
367 2751 3114 3000 Bea: Ja, was sollen wir? In die Welt hinaus?... als was?..
512 2962 1114 3142 wovon leben?
377 3072 2969 3263 Fil: Wahrhaftig, es ist schade, dass ich den Boten des
519 3152 3142 3457 Herzogs weggeschickt. Da hätt' ich Poet am Hofe des Für¬
536 3412 1349 3605 sten sein können.
398 3453 3076 3737 Bea: Wahrhaftig, das wäre schön! Du der Dichter des Hofs
