4280 5432
2014 507 2483 720 - 102 -
3015 835 3439 1049 Filippo!
781 956 1068 1100 Andr:
1606 1023 2932 1211 :Er wirft seinen Degen hin:
1336 1157 3497 1399 Nicht dazu komm' ich! Nein! Wie in der Stunde,
1339 1336 3548 1533 Da ich zum Abschied Dich umarmt', nicht weniger
1339 1447 3519 1689 Lieb' ich Dich heut'! Wie wahr dies ist, ermiss
1364 1626 3280 1842 Wenn ich Dir sage: ich weiss mehr als Du,
1348 1814 3347 1970 Der nur sein eig'nes Elend kennt. Ich fand
1358 1951 3092 2164 Jn stummen Wahnsinn Teresina wieder!
813 2126 2228 2349 Fil: fährt entsetzt zurück:
1371 2228 3787 2461 Und doch kom' ich als Freund.'s ist wahr, wär' ick
813 2324 1081 2518 Andr:
1374 2372 3258 2595 Vor einer Stunde Dir begegnet, hätt' es
1374 2569 3933 2754 Dir wol geziemt, dazu bereit zu sein! :Auf den Degen
1151 2751 1600 2961 deutend:
1390 2850 3548 3041 Doch sucht' ich jetzt nach Tönen meines Zorns,
1380 3022 3414 3207 Glich' ich dem Kind, das Reden wol gelernt,
1390 3188 3379 3350 Und lallt aus Eigensinn. Auf stillem Gang,
1396 3312 3156 3525 Im wunderbaren Schatten dieser Nacht,
1409 3494 3296 3666 Hat sich Verwirrtes meinem Sinn enthüllt
1393 3653 3340 3819 Und wie auf dunklen Vorhang hingezeichnet
1412 3787 3398 3962 Mit glüh'ndem Strich von einer ewigen Hand
1431 3940 3442 4115 Erblickt' ich alles Lebens Sinn und Umriss,
1409 4093 3312 4306 Des meinen und auch Andrer, die mir nah.
1409 4255 3557 4447 Und darum fühlt' ich tief, was Du verschuldet
1434 4367 3188 4596 Nur über das Zukunft'ge hat es Macht,
1428 4558 3302 4800 Und löscht mir ein Gelebtes nimmer aus,
1434 4727 3608 4941 Das herrlich war. In Deinem Licht erstrahlten,
