3752 4840
1307 1309 3136 1509 Und kommen wird der Augenblick, da mich
1318 1503 3136 1714 Das Thute Treiben dieser Velt wie Lärm
1340 1686 3170 1855 Umtönen wird, den ich nicht deuten kann.
1329 1880 3262 2046 Wie Vieles hat doch einst zu mir geredet!
1307 2057 3299 2265 Zu Taten rief es mich - ich hört' es gut; -
1335 2234 3198 2411 Im Feld bin ich gestanden, hab' mich oft
1340 2436 3102 2608 Herumgeschlagen und hab’s gern getan.
1338 2599 3198 2790 Nun sagt man,geht's da oben wieder los.
1335 2754 3496 2920 Ich zieh' nicht mit, nach Ruhm verlangt'smih
3299 2852 3594 2981 nicht,
1340 2934 3524 3136 Kaum fass' ich heut, dass je ich sein begehrte.
1346 3133 3602 3313 Noch klingt das Wort - der Sinn ist mir verloren
1357 3319 1891 3496 (zu Marg.)
1349 3434 3333 3661 Mit Deinesgleichen hab' ich viele Stunden
1366 3647 3378 3830 In hohen Freuden hingebracht, - ja heitrer
1354 3799 3496 4035 Als ich an euern Busen hinsank, ging ich fort.
1357 4013 1883 4218 (zu Franz)
1371 4156 3369 4429 Und wenn du kamst und andre liebe preunde,
