4296 5432
2054 530 2408 723 103 -
1270 890 3172 1109 Soweit ich rückwärts blicke, meine Tage,
1290 1065 3345 1270 Und nicht die meinen nur! Mehr gabst Du uns,
1285 1191 3351 1428 Denn dies ist Menschen Deiner Art geschenkt,
1293 1367 3353 1551 Als Du je wieder nahmst und nehmen konntest,
1296 1536 3184 1753 Und danken will ich Dir, bevor ich geh'.
749 1688 2119 1885 Pil:  :erregt, fast gequält:
1314 1800 3523 2057 Dir ist es Wahrheit, und mir klingt's wie Hohn!
1317 1972 3274 2177 Was bin ich denn? Von Augenblickes Gnaden
1320 2142 3315 2306 Bin Über andern ich ein Mensch, doch sonst
1326 2259 3535 2511 Tauch' ich so tief hinab, dass ich zu Knechten,
1320 2438 3348 2666 Zu Bauern auf dem Feld, mühsel'gen Trägern
1329 2596 3035 2774 Aufwärts wie zu Gebenedeiten schau'!
1343 2739 3023 2932 Da neid' ich deren Tage, aufgereiht
1346 2868 3207 3111 An eines Vorsatz stark gewebtes Band/
1358 3049 3339 3228 Gleich Edelsteinen, sich zum Dasein fügen,
1355 3143 3710 3430 Nicht schlottern falsch und echte durchgeschüttelt
1367 3283 3541 3529 Auf lock'rer Schnur. So Einer möcht' ich sein,
1372 3430 3722 3696 Der festen Schritts und lächelnd vorwärts wandelt,
1375 3646 3313 3883 Derselbe aufsteht und zu r Ruh' sich legt,
1375 3813 3152 4029 Nicht heute Gott und morgen Affe ist!
1390 3965 3640 4182 Den, der heut' seine Hochzeit feiert, neid' ich,
1390 4111 3029 4337 Denn Bentivoglio, der an jedem Tag
1399 4266 3512 4483 Sein Leben trinkt aus tausend klaren Quellen,
1390 4416 3520 4609 Und jede weckt den Durst und jede löscht ihn.
1419 4562 3550 4787 Ihn drückt der Stunden Last niemals zu schwer
1416 4705 3670 4910 Und nie so leicht, dass er sie fliegen deuchte!
1413 4814 3529 5062 Wär' ich wie der, und wür' ick über Menschen
