3752 4872
1322 1367 3504 1527 Wie gern liess ich zu einem spiel mich looken,
1328 1527 3383 1707 Wie sehr auch liebt' ich, bis in späte Nacht
1328 1755 3251 1954 Mit euch zu plaudern von erhabnen Dingen
1339 1903 3276 2114 Und von dem leichten Gang gewohnten Tags.
1336 2080 3217 2257 Und war ich ganz allein und ritt hinaus
1334 2271 3431 2457 Am frischen Morgen in den Wald nach pornbach
1350 2423 3507 2645 Und band mein Pferd an einen Baum und streckte
1350 2617 3144 2844 Ins Grüne mich und sah zum Himmel auf,
1345 2796 3411 2970 So war mir wohl, denn nirgends war ich fremd.
1350 2984 3150 3181 Und alle stimmen, woher sie auch kanen,
1339 3195 3596 3394 Hab' ich verstanden; - und nur das heisst leben.
1339 3347 3237 3521 Warum dies anders wurde, weiss ich nicht.
1334 3515 3175 3714 Ob ich für solche Fülle meines Daseins
1339 3695 3349 3888 Nun büssen muss, ob dies nur eine Krankhent
1334 3849 3029 4026 Wie andre,- ob das Ende kommen will
1345 4026 3540 4214 Und so sich meldet... all dies weiss ich nicht
1339 4267 3251 4419 Doch da es einmal ist, sei's hingenommen,
