3400 4008
911 520 2929 686 giebt, dass auch diese Arme, diese Lippen.
771 680 1787 835 Fil: Stille, Ercole.
788 823 3034 978 Erc: Ein Schwein von einem Makler! - Sollen wir
964 987 2967 1145 's wirklich dulden, Filippo, dass in diesem
926 1118 2967 1326 Hause, wo du seit sieben Jahren als Herr und
937 1308 2900 1469 Gebieter lebst,... dass hier ein solcher -
809 1413 2970 1626 Bern: Es muss geduldet sein; das ist der Lauf
955 1638 1393 1764 der Welt.
809 1699 3159 1945 Anas: Ja, wohin willst du denn, Filippo? Ich kann
964 1886 3130 2129 mir gar nicht vorstellen, dass du woanders als
964 2102 1352 2248 hier...
829 2193 3133 2400 Fil: Wohin ich gehen werde, gilt mir gleich; die
967 2400 1656 2549 Welt ist weit.
832 2529 1787 2707 Bern: Ganz richtig!
841 2686 1664 2853 Fil: Nicht wahr?
844 2818 3092 3046 Anas: Du nimmst das so ruhig hin? Man sagt dir,
999 2943 3121 3136 dass du morgen dein Haus verlassen musst, und
1004 3145 1588 3314 du lächelst?
867 3250 3075 3463 Fil: Ich lächle — und dabei seht ihr doch nur,
1019 3443 2196 3630 dass meineLippen lächeln,
