3768 5096
616 1457 3251 1794 Bestrice: Ich komme zu dir, weil ich dir versprochen
734 1690 3262 1916 bevor ich eines Andern Gattin werde, dein zu sein!?
734 1847 3377 2059 Ich bin nicht geschaffen, eines braven Bürgers Gattin zu
737 2034 1137 2198 sein?
741 2153 3478 2358 Bevor ich in das bürgerliche Leben eintrete, will i unter
748 2264 3471 2559 dem Schutz der Verwirrung eine Nacht der Liebe erleben
751 2615 3467 2785 Sie wollte ihm widerstehen, wird aber endlich durch seine
751 2709 3551 2945 Lieder gewonnen. Sie allein erkennt: es ist an sie, denn es
758 2925 3272 3199 ist eine Stelle darin, deren Beziehung nur sie kennt.
