4264 5448
2230 423 2565 611 100 —
1441 773 2826 1011 An seines Lebens letztem Tag!
951 849 3237 1207 :Is., Luer. Ereole und die Musikanten links ab:
894 1109 2611 1343 Fil: :allein; in höchster Erregung:
1452 1207 3256 1483 Sie feiert Hochzeit mit dem Herzog und
1434 1441 3301 1618 Ich warte dass sie wiederkommt! Von mir
1449 1603 3305 1754 Geht sie nachhause, lässt von Vittorino
1460 1754 3082 1913 Zur Ehe sich bereden, geht mit ihm
1449 1860 3535 2113 Zur Kirche trifft 'nen Andern auf dem Weg,
1460 2015 3618 2267 Der Herzog ist, und lässt mit ihm sich trauen,
1468 2158 3403 2354 Indess der Andre stirbt - ich aber warte!
1468 2346 3490 2554 Sie, jenen Sternen gleich, die einen Himmel
1460 2505 3233 2716 In einem Augenblick durchmessen, jagt
1856 2652 2090 2758 ganze
1471 2701 2992 2927 Durch eine Welt, seit Abend wurde
1479 2833 2173 3007 Und ich warte!
1437 2939 3173 3165 rechts öffnet sich; Andrea steht da:
936 3007 1388 3161 :Die Thür
939 3067 3972 3312 wil: :ihm entgegen, spricht gleich in höchster Erregung weiter:
1483 3241 3482 3444 Andrea, kornst Du endlich? Mach' es rasch!
1483 3384 3391 3618 Ich bin höchst ungeduldig, dass es ende!
1498 3573 3391 3848 Was redest Du? Nicht dazu komm' ich her!
947 3610 1294 3795 Andrea:
1501 3712 2094 3916 Dazu allein!
936 3803 1162 3942 Fil:
2147 3814 2562 4052 Fil ippo!
936 3920 1207 4104 Andr:
2754 3938 3531 4244 Weisst Du nicht,
936 4071 1162 4274 Fil:
1483 4165 2305 4421 Was ich begieng?
2237 4274 2765 4595 Ich weiss.
954 4369 1173 4557 And:
2852 4406 3818 4682 Und stehst so ruhig?
932 4572 1177 4734 Fil:
1501 4584 3829 4927 So weisst Du nichts! Ich hab' ein Wort gebrochen!
1505 4802 2015 5036 Ich weiss.
958 4772 1177 4995 And:
