3432 4040
2678 348 2811 494 14
731 481 2442 701 Wir nehmen unsres Friedens Fülle mit
733 679 2431 861 Hinaus ins Feld und finden jederzeit
736 853 2849 1029 Ruht unser Schwert, des Lebens Herrlichkeiten
742 1005 2513 1168 Gewärtig unsres Rufs ins unserm Lager.
742 1149 2752 1312 Und also soll uns auch der Kampf ein Spiel,
742 1326 2656 1445 Das höchste und das herrlichste bedeuten.
752 1469 2857 1597 Wie, Mutter, lächelst du und schämst dich gar
467 1480 674 1651 Ant:
747 1649 2366 1820 Der zagen Worte, die du sprachst?
2274 1763 2803 1926 Wahrhaftig,
467 1785 682 1939 Ter:
742 1901 2868 2083 Hört man euch reden, Herzog, glüht das Leben
755 2092 2651 2225 So prächtig auf in tausend hellen Farben
766 2260 2480 2409 Als gäb' es nirgend Sorge und Gefahr.
755 2388 2877 2542 Mich dünkte stets, ist man nur seines Daseins
478 2388 679 2580 Hzg:
771 2559 2529 2735 Sich ganz bewusst in jedem Augenblick,
769 2719 2822 2877 Und wär's der letzte auch - so ist er schön.
769 2822 2953 3018 Doch dies kann Niemand fassen, wie ich's meine.
771 2993 2828 3164 Sag' doch, Antonio, sollt ich nicht bei euch
771 3148 2722 3363 Auch diesen Dichter finden, dessen schöne
771 3314 2556 3526 Sonette ihr mir vorlast manchen Abend
771 3482 1953 3702 Und die mich so entzückt?
