3752 5048
1089 1423 3119 1668 Von tausend Dingen, die berauschen müssten,
1101 1602 3188 1751 Wenn man drauf hörte und sie ganz verstünde.
2401 1694 2794 1811 s'il leur
1101 1736 3245 1922 Sie aber will den Jüngling xxxx und prächtig,
1052 1905 2737 2070 Der wilde Pferde mit Behagen zähmt,
1086 2036 3382 2233 (Von Muskeln strotzend, blühend braun das Antlitz,
1106 2235 3116 2378 Nichts je von dem geehnt, was dich bewegte.
838 2218 1072 2389 Und
2079 2321 2794 2435 plus start.
3071 2307 3270 2426 in
1106 2409 3211 2546 Doch bist du alles: stark und schön und klug,
1106 2503 3211 2720 Von bester Kraft erfüllt und tiefstem Geiste,
2540 2617 2948 2740 shatt
1337 2666 1565 2757 nod
1123 2729 3108 2868 Stràhlt alles Lebens Vielheit/von dir xxx,
1123 2846 3276 2977 Vertrau' ihr nicht: sie will nur etwas Andres!
1118 3005 3173 3134 Will Einen, der nicht weise und nicht stark,
1180 3131 1354 3236 lui
1140 3153 3171 3316 Wimnt, Einen, dem das Glück im Schlafe kommt,
1123 3342 3128 3456 Er hat es nicht ersehnt und nicht verdient.
1118 3441 3228 3672 Und fasst es nicht und geht dann wieder fort,
1135 3581 3134 3764 Und war doch weniger nicht für sie als du.
1129 3715 3384 3935 Und ist es diesmal Lüge, was ich
1129 3943 3367 4097 So bleibt es dennoch wahr. Nicht, was geschieht,
1092 4060 3188 4251 Was dir geschehen könnte, ist dein Schicksal.
1129 4268 3176 4397 Drum, wenn man niemals dich betrog, du bist
1140 4377 2965 4562 Betrogen, Und wenn Keine dich verliess,
1146 4559 2962 4810 Verlassen wirst du jeden Tag aufs Neue.
