3800 5128
3205 1492 3447 1660 Sag',
852 1557 1743 1760 Marg: /: zu Franz:/
1200 1634 3332 1864 Was heisst dies alles? Geht er nicht mit uns?
879 1828 3108 2041 Franz: Das gute Kind hört nur, was es begreift.
2993 1905 3438 2023 de leur
876 2008 3250 2238 Hans: Das gute Kind hat Recht: ich bleib' zuhaus.
893 2153 2716 2362 Franz: Warum? Bist du ton gestern müd?
2772 2300 3220 2471 Ich bin’s
888 2386 1159 2557 Hans:
1253 2445 3123 2698 Von vielen Tagen und von viel-en Nächten.
1236 2610 3409 2798 Der Frühling will mich nicht, das fühl' ich so
1256 2769 3179 2975 Wie Einer sich, der eintritt in ein Haus,
1247 2896 2872 3140 Als ungebetner Gast empfinden mag,
1224 3081 3314 3258 Und weiss doch nicht, warum. Das ganze Leben
1265 3241 3338 3450 Fühl' ich wie solchen Hauses Mauern um mich.
1280 3370 3353 3589 Ich sollte mich entfernen. Glaubst du nicht?
955 3494 3258 3810 Franz. Was war so schlechte.. Der Wein? das Weib?
2949 3624 3385 3836 Gesteh's.
1227 3707 2150 3945 Der Schlaf nachher?
2114 3813 3583 4046 Mein Freund, gen du spazieren.
952 3895 1253 4125 Handt
1292 4013 3376 4211 Ich bin so weit von dir, wie du nicht ahnst.
1295 4193 3188 4391 Wie man allmälig Sprachen sonst erlernt,
1309 4352 3135 4532 So ist es mir, als wenn von Tag zu Tag
1309 4482 3164 4680 Ich aller Sprachen tiefer nur vergässe,
2621 4621 2825 4709 nur
1315 4609 3173 4842 In denen einst das Leben zu xxxs sprach.
