3432 4072
2584 311 2673 529 5
691 512 2840 673 Kommt erst der Herzog, wendet sich dies alles.
409 590 576 768 Ab:
696 670 2541 840 Und selbst was jetzt als Ungeberdigkeit
693 843 2797 1024 Den eignen Staat gefährdet, blind aufloderna,
696 1019 2771 1174 Giebt ihm der Herzog Inhalt, Kraft und Ziel,
708 1142 2492 1361 Verwandelt sich in Mut zu unserm Heil,
708 1269 2463 1522 Zum Schaden für das lautrnde V¬nsaig
722 1496 1905 1652 Wie einsam wirst du sein!
440 1516 639 1663 Gsn:
1928 1620 2837 1784 Warum denn, Mutter?
432 1701 645 1885 Ter:
725 1755 2242 1948 Weil nur für kurze Frist Antonio
725 1911 2745 2095 Rückkehrt zu uns? Wir werden seiner warten,
737 2106 2426 2259 Zusammen, wie wir es bis heut getan.
740 2259 2587 2429 Und wie wir dieses Jahr bei ihm gewesen
742 2394 2619 2596 Im Geist auf seinem Wege nach dem Süden,
843 2549 1022 2642 ihn
748 2575 2601 2702 Wohin die Sehnsucht, neues Land zu sehn
2259 2650 2417 2748 the
740 2728 2745 2901 Und seines Herzogs Freundschaft hingeführt
751 2883 2739 3033 So werden wir ihn jetzt ins Feld begleiten
751 2990 2774 3185 Zu Taten schönster Pflicht und hohen Ruhms.
763 3188 3076 3347 Doch dünkt mich, auch die Reise war nicht ruhmlos
489 3197 647 3370 Ab:
777 3341 2598 3508 Von seltnen Funden hat man mir erzählt,
763 3534 2501 3677 Handschriften alter römischer Poeten,
