3368 3992
315 466 3031 696 Erc: Das Ganze ist ein Scherz. Was giebt euch Filippo für
470 699 1656 847 diesen Spass, Bernardone?
326 823 2925 1039 Bern: Nicht mehr und nicht weniger als dieses Haus und
477 1025 1155 1214 diesen Garten.
329 1121 3069 1358 Anas: Es ist also Ernst? du bist wirklich ein Bettler? Du,
483 1269 2904 1512 für den es bis heute nichts gab, was er sich versagt
470 1409 3052 1629 hätte,- du wirst von nun ab dein Geld verdienen müssen?
350 1543 1636 1756 Fil: So scheint’s beinahe.
398 1769 1965 1975 re. Und es ist dir gleichgiltig?
346 1869 2938 2122 Erc: Aber merkst du nicht, wie er sich über uns lustig
494 2020 3069 2256 macht? Heut ist das Geld vertan und morgen hei ratete er
507 2232 2105 2376 das reichste Fräulein von Bologna.
617 2359 2033 2541 Wahrhaftig! Und wer wäre das?
374 2376 579 2541 Fi;:
374 2527 566 2613 Ere:
370 2527 1382 2695 Anavt. Wen meinst du?
374 2685 3130 2842 BohA Die Schwester des Grafen Uberti, die schöne Teresina.
367 2681 631 2774 Anas:
377 2825 1622 3000 Fil: Narren! Teresina?...
384 2914 3048 3199 Erc: Das kann nicht richtig sein. Bis gestern hab' ich's
518 3117 3103 3312 auch geglaubt; aber die schöne Teresina - das weiss ich
542 3292 3106 3473 ganz bestimmt, und Filippo weiss es jedenfalls noch bes-
528 3442 888 3645 ser — —
391 3556 3076 3799 Fil: Ich weiss gar nichts von Teresina Uberti. Was ist's
