3384 4008
744 440 3081 654 dieser Garten und alles, was sich in Haus und Gar-
735 660 2440 840 ten befinden mag, mein Eigentum ist.
604 822 2995 946 Fil: :zu den Freunden:   Dass ihr also heute nicht
735 927 3035 1116 etwa Lust bekommt, bei mir zu übernachten,- sonst
747 1107 2666 1277 geht ihr in den Besitz dieses Herrn über.
598 1252 2939 1432 Bern: O nein, so genau wollen wir's nicht nehmen!
744 1423 2948 1562 Auf die Herren würd' ich jedenfalls verzichten.
698 1587 3026 1720 Allerdings, wenn ich zufällig morgen Früh ein hüb-
750 1705 3044 1869 sches Fräulein in euerm Schlafzimmer fände,- kein
744 1891 2945 2021 Mensch würde mich abhalten, auf meinem wohlver-
753 2058 2077 2198 brieften Rechte zu bestehen.
852 2139 2992 2368 Ein scherzhafter Makler, ein witziger Makler!
614 2207 825 2378 Ere:
750 2347 3140 2505 Sollen wir ihn nicht über die Mauer fliegen lassen?
756 2489 3143 2663 Wenn er Glück hat, marschiert eben ein Hellebardier
766 2682 1135 2824 vorüber.
614 2781 3100 2951 Bern: Tut es lieber nicht, Herr. Mein Schein erliegt
756 2951 3103 3106 bei einem Notar, und ich habe Erben. Wenn ich mor-
766 3122 3159 3267 gen Früh bei Sonnenaufgang nicht mehr am Leben sein
769 3270 2976 3429 sollte, erscheinen meine drei Söhne, was ja für
766 3432 2889 3580 euern Freund ganz auf das Gleiche hinauskäme.
