4123 4503
943 975 1615 1129 Hochverehrter Herr Doctor.
922 1078 2732 1218 Verzeihen sie, Uns Oostor, daß ich Sie abermals seit meinen privaten
931 1165 2675 1319 Angelegenheiten belästige und die dringendst bitte, das Passus Stres
938 1257 2782 1413 Briefes an der Ausang, der von meinem Urlaub handelt, zu streichen,
929 1351 2743 1512 u. ein paar mein Zeilen über meinen Herundheitszustand zu
945 1454 1227 1569 Schreiber.
961 1473 2704 1679 Es ist ganz zweifellos, daß mein Chef der Hinweis auf einen
945 1596 2725 1746 Urlaub als von mir inspirirt ansehen wird und das könnte
963 1665 2782 1874 die division, die er in lezter zeit gegen mich zu beten scheint, iub
963 1830 1525 1975 Unheilbere steigern.
984 1833 2773 2032 Ich bitte recht sehr, Herr Doctor, nur die neuerliche Verledigung,
984 2009 2720 2168 nicht übel nehmen zu wollen und zeichne mit aufrichtigsten
977 2122 1117 2282 dent
1330 2142 1915 2333 hochachtungsvoll die
1959 2184 2406 2356 Alfred Pollick
2037 2296 2397 2475 l solga.
