5192 4168
849 522 2354 702 zustände, die am stärksten von äußeren Einflüs-
855 656 2360 796 sen abhängig und von verhältnismäßig vorüber¬
855 757 2360 884 gehender Natursind, wie Lustigkeit, Verdrossen¬
849 834 2370 956 heit, Zorn usw. — Stimmungen, die sich häufig
861 926 2354 1037 wiederholen, auch ohne ersichtlichen oder ge¬
861 1031 2362 1126 nügenden äußeren Änlaß, deuten auf eine vor-
847 1105 1605 1228 handene Anlage hin.
951 1176 2377 1331 Oft genug entwickeln sich unter dem Einfluß
847 1289 2385 1408 äußerer Schicksale Stimmungen allmählich
872 1352 2379 1486 über einen fließenden Seelenzustand
872 1457 2379 1559 hinaus zu Eigenschaften, die unausrottbar
876 1551 2391 1670 werden, wie eine Charakteranlage wirken und
872 1628 2389 1752 gleiche Bedeutung beanspruchen. Eine solche
870 1708 2393 1825 Entwicklungsmöglichkeit ist für Stimmungen
872 1800 2379 1911 negativer häufiger gegeben als für solche positi-
878 1893 2389 1995 ver Art. Aus Stimmungen der Gekränktheit, der
891 1974 2393 2073 Verbitterung, des Grolls entwickeln sich also bei
872 2056 2383 2192 häufiger Wiederholung leichter die entsprechen-
891 2173 2389 2303 den fließenden Seelenzustände (z. B. Verbitte-
897 2240 2404 2391 rung oder Eigenschaften, z. B. Mißtrauen) als
884 2326 2404 2440 sich etwa aus einer Reihe von vergnügten, und
897 2429 2417 2538 lustigen Stimmungen ein dauernder Seelenzu¬
901 2505 1991 2630 stand der Heiterkeit herausbildet.
975 2767 2427 2873 Mit diesen flüchtigen Bemerkungen sollte eine
897 2863 2415 2982 Systematik der Begabung und Seelenzustände
903 2957 2410 3085 keineswegs gewagt werden. Worauf es hier an-
914 3027 2431 3171 kam, das war nur durch einzelne Beispiele die
914 3144 2419 3263 Beziehungen und Affinitäten aufzu-
2924 601 4439 744 zeigen, die begrifflich und praktisch zwischen
2932 673 4427 809 den Geistesverfassungen einerseits und
2930 771 4435 924 den Begabungen und Seelenzuständen
2945 847 4450 991 andererseits bestehen und darauf hinzudeuten,
2938 937 4460 1058 wie notwendig es scheint, die Geistesverfassung
2943 1035 4464 1169 einerseits, die Begabungen und Seelenzustände
2957 1123 4464 1241 andererseits auseinanderzuhalten, um das innerste
2962 1218 4456 1322 Wesen einer Persönlichkeit richtig erfassen
2951 1291 4439 1411 und den angeborenen einheitlichen unveränder-
2962 1364 4450 1505 lichen Typus als solchen feststellen zu können.
3029 1469 4462 1580 Denn wie die Persönlichkeit des Geistes-
2949 1551 4470 1668 menschen im allgemeinen bestimmt wird durch
2951 1629 4475 1767 Geistesverfassung, Begabungen (allgemeine und
2949 1727 4477 1855 spezielle), und Seelenzustände (Charakteranlagen,
2962 1813 4481 1928 fließende Seelenzustände, und Stimmungen),
2962 1907 4479 2012 endlich auch in geringerem Grade durch äußere
2978 1987 4470 2115 Erscheinung und körperliche Eigenschaften; —
2966 2088 4479 2182 so wird die Einmaligkeit einer Persönlich¬
2974 2148 4481 2282 keit bestimmt: erstens durch das Maß, in dem all
2987 2243 4492 2402 diese Elemente in ihr vorhanden sind, zweitens
2974 2329 4492 2452 durch das Verhältnis dieser Elemente zueinander
2978 2423 4485 2553 und drittens durch ein Inkommensurables,
2987 2517 4481 2635 das wir, sei es nun in religiösem oder in philo-
2980 2601 4487 2725 sophischem Sinn vielleicht als das Göttliche,
2974 2687 4294 2827 oder auch Teuflische bezeichnen dürfen.
3045 2771 4491 2903 Doch ist dieses Inkommensorable einer be¬
2987 2882 4492 2985 stimmten Persönlichkeit vermutlich nichts an-
2993 2968 4491 3096 deres als eben das einmalige gerade und aus-
2987 3029 4506 3188 schließlich in ihr zutage tretende Verhältnis
2993 3150 3900 3288 dieser Elemente zueinander.
3031 3574 3196 3708 18,
3798 3651 4535 3808 Schnitzler, Diogramm
2999 3628 3638 3815 S. Fischer, Berlin.
3146 3777 4385 3940 Spamersche Buchdruckerei in Leipzig
