6872 4408
5997 239 6163 410 23
3918 425 6248 646 Während die Geistesverfassungen a priori=Ge-
3938 590 6301 808 gebenes,absolut Fixes, Komhaftes, Unabänderli-
3932 749 6304 962 ches vorstellen kommt alle dem, was hier unter
3950 876 6136 1112 der Bezeichnung Seelenzustände zusammenge-
3962 1006 6204 1260 fasst wird, das Kriterium der Unabänderlich-
5505 1136 6092 1251 mis in
3959 1189 6275 1454 keit, der Unveränderlichkeit in dem absoluten
3962 1392 4797 1590 sinne nicht zu.
3971 1443 6331 1717 Wohl sind die Anlage oder die Neigung zu See-
3980 1628 6142 1876 lenzuständen angeboren, die Seelenzust ände
3985 1888 4685 2059 selbst nicht.
3974 1932 6198 2218 Und so sind sie alle mehr oder minder Ver-
3994 2106 6366 2325 änderungen verschiedenen Grades und verschie-
4000 2277 6278 2490 dener Art unterworfen. Sie sind je nach dem
4000 2419 6245 2679 entwicklungsfähig,fliessend und von aussen
4000 2628 4971 2850 her beeinflussbar
