6776 4312
5681 344 6322 737 Yrkexx
4495 430 5374 754 frühe! — 146
4003 782 6250 933 Der positiveblich ist jederzeit bereit sein
4009 922 5630 1138 Leben an sein Werk hinzugeben.
4009 1010 6273 1272 Der positiveblich ist Irrtümern unterworfen
4003 1175 6097 1431 wie der negative, vielleicht manchmal in
3997 1388 6097 1573 höherem Masse, aber auch sein Irrtam ist
4017 1528 6282 1761 fruchtbarmdenn in ihm ist die Wahrheit sei-
4006 1698 5087 1906 ner Persönlichkeit.
4020 1852 6310 2065 Der positive Typ ist stets gläubig in jenem
4020 2017 6205 2188 höchsten Sinn, dass er in Hinblick auf die
4006 2157 6296 2373 Ewigkeit wirkt und kein Interesse daran hat
4020 2296 6245 2521 als Individuum dem siege seines Werks oder
4034 2467 5303 2652 seiner Idee beizuwohnen.
4009 2634 6120 2817 Nicht auf persönlichem Nachruhm,sondern
4031 2743 5946 2959 auf Unsterblichkeit kommt es ihm an.
4017 2962 6151 3138 Die Ewigkeit hebt in seiner Sterbestunde
4031 3138 4233 3295 an.
4905 3181 5411 3405 so wt
