6712 4504
5919 686 6112 879 40
3840 756 6260 1123 hervorgerufen (und der Literat für einen Dich-
3859 1059 6145 1197 ter gehalten) wird.Der Typus Literat findet
4629 1178 4883 1275 ein
3853 1194 6032 1423 sich keinswegs/unter den Schriftstellern;
3840 1320 6254 1516 literstenhafte Einstellung zum Leben im Sinne
3850 1468 6241 1687 steter Bereitschaft zur Selbstbeobachtung, Nei-
5314 1619 5469 1719 bei
538 1606 692 1799 G.C.F.P.
3850 1625 6203 1841 gung zur Selbstbespiegelung unter Vernachläs-
3853 1786 6215 1970 sigung der zu erfüllenden wesentlichen Forde-
1098 1922 1284 2108 G.C.H.F.P
3862 1944 6119 2205 rungen, manchmal selbst zum eigenen Schaden,
3859 2095 6209 2269 findet sich xxxxxxx bei vielen Men-
3544 2234 6135 2530 schen. Der Dichter bringt immer sich selbst
5179 2398 5517 2498 darin.
3882 2469 6183 2617 dar, auch in xx einem Werk,wo er matt und un-
3853 2552 6122 2829 zulänglich ist. Der Literat spart sich auf,
3869 2717 6177 2968 auch wo er sich zu verschwenden scheint. Mehr
3853 2874 6283 3093 noch als anderswo zeigt sich hier das quantita
3859 3042 6277 3238 tive neberwiegen des negativen Prinzips in der
3846 3167 6254 3415 Welt: es gibt viel mehr bedeutende Literaten,
3840 3341 6190 3550 als es bedeutende Dichter gibt, aber kein Li¬
3850 3486 6154 3760 terat, mag er auch Meisterwerke schaffen, ist
3866 3705 4899 3920 ein grosser Mensch.
