6728 4504
5949 614 6147 839 42
3840 748 6168 997 Geistesmensch engleichfalls in geringerem und
3836 958 5971 1164 höheren Masse niet bedingt und bestimmt wird.
4460 1088 6086 1289 Es soll und kann hier keine Sy-
3840 1225 6062 1474 stematik der Begabungen und Seelenzustände
3836 1371 6168 1605 versucht werden und eine vollständige Aufzäh-
3843 1587 6202 1806 lung aller überhaupt möglichen Begabungen und
3830 1684 6037 1943 Seelenzustände verbietet sich von selbst,
3824 1833 6141 2052 worauf es hier ankommt,das ist durch einzel-
3830 1988 6132 2183 ne Beispiele die Beziehungen aufzuzeigen und
3830 2152 6007 2392 auf zuklären, die begrifflich und praktisch
3824 2298 6104 2560 zwischen den Geistesverfassungen einerseits
3818 2459 6202 2630 und den Seelenzuständen und Begabungen anderer
3830 2617 4742 2873 seits bestehen.
4879 2611 5080 2788 Yours
4429 2921 6211 3143 Absolut feste, unverrückbare Bezie-
3800 3067 6211 3320 hungen sind nicht gegeben, doch besteht zweifel
3782 3228 6223 3490 los eine gewisse von Gesetzmässigkeit ziemlich
3788 3380 6147 3624 weit entfernte Affinität zwischen bestimmten
3782 3548 6162 3788 Geistesverfassungen und bestimmten Begabungen,
3788 3703 6068 3879 seltener zwischen bestimmten Geistesverfas-
