5224 4216
785 606 2320 791 ist, wenn die Notwendigkeit es erfordert. Für
796 709 2316 861 niedere Repräsentanten des Typus Diktator drän-
813 787 2328 954 gen sich auch banalere Worte, wie z. B. Korporal
812 897 1730 1057 oder Kommisknopf, auf.
872 975 2334 1111 Der Spekulant ließe sich in manchen seiner
823 1057 2326 1213 Repräsentanten e nachdem als Projektema-
808 1133 2332 1301 cher, Spieler, Gauner, unter gewissen Um-
829 1236 2345 1381 ständen vielleicht als Phantasten bezeichnen.
912 1320 2351 1480 Für den Quacksalber könnte zuweilen die
831 1408 2343 1568 Bezeichnung Alchimist, zuweilen die Bezeich-
840 1514 2195 1673 nung Giftmischer angemessen erscheinen.
903 1581 2368 1745 Der Typus des Schwindlers tritt uns, wie
859 1671 2356 1844 manchmal als Hochstapler, gelegentlich auch
872 1772 2360 1907 unter der Erscheinung des Narren, Spaß-
867 1886 1926 2000 machers, „Wurstls" entgegen.
939 1949 2385 2103 Geradeso wie im Diogramm des Worts geht
867 2025 2391 2181 auch hier von der Spitze des positiven Dreiecks
878 2124 2391 2259 eine imaginäre Linie über den Propheten zu
878 2210 2396 2341 Gott, von der Spitze des negativen Dreiecks eine
876 2290 2379 2442 imiginäre Linie über den Tückehold (Böse-
890 2408 1589 2541 wicht) zum Teufel.
949 2471 2412 2623 Prophet und Tückehold also, ebenso wie Gott
901 2555 2414 2728 und Teufel stehen in der gleichen Beziehung
888 2633 2416 2795 zum Geist im Wort wie zum Geiste in der Tat.
993 2905 2438 3069 Nicht hierin allein drückt sich eine, man darf
918 3014 2433 3151 wohl sagen gesetzmäßige Beziehung zwi¬
924 3094 2454 3237 schen den beiden Diogrammen des Worts
926 3229 1482 3357 und der Tat aus.
3040 491 4444 667 Stellen wir nämlich die beiden Diogramme ein-
2955 617 4469 764 ander gegenüber, so erkennen wir, daß zwischen
2960 690 4458 863 den an den analogen Punkten des einen und des
2955 804 4471 945 anderen Diogramms befindlichen Urtypen auch
2979 863 4471 1057 gewisse Analogien/„Geistesverwandtschaf¬
2993 964 4486 1118 ten" geringeren und höheren Grades bestehen,
2987 1048 4475 1225 so daß das eine Diogramm zuweilen wie eine Be¬
2991 1133 4488 1292 stätigung oder Rechtfertigung des andern zu
2991 1261 3484 1377 wirken scheint.
3059 1292 4500 1450 Ebenso wie im Diogramm „Der Geist im
3010 1385 4505 1547 Wort“ erscheint auch hier für die eine, linke
3008 1484 4513 1648 Seite Intuition, sowie der Glaube an eine
3004 1562 4513 1714 Mission charakteristisch und bedeutungs¬
3023 1655 4511 1800 voll; für die andere, rechte Seite der For¬
3008 1764 4542 1911 schungstrieb, der Drang nach Erkennt¬
3033 1823 4522 1981 nissen und nach Sammlung von Tatsachen.
3113 1935 4538 2076 Wie also Priester und Staatsmann der
3040 1993 4543 2156 Intuition und eines Glaubens notwendiger
3059 2088 4542 2244 bedürfen, als Philosoph und Historiker,
3052 2191 4547 2328 während diese wieder auf ein möglichst hohes
3052 2257 4559 2421 Maß von Kenntnissen angewiesen sind, um den
3065 2347 4547 2509 Sinn ihrer Geistesverfassung zu erfüllen — eben-
3069 2440 4561 2600 so wird der Seefahrer (Entdecker) und der
3071 2543 4566 2686 Feldherr (Führer, Organisator) seiner inneren
3080 2616 4576 2779 Berufung, vielleicht „seinem Stern“, gläubiger
3075 2713 4559 2842 vertrauen als der Brückenbauer (Mathema-
3077 2789 4585 2945 tiker) und der Naturforscher, für welche
3077 2882 4591 3050 die Sammlung von Kenntnissen, Ordnen und
3086 2962 4591 3134 Vergleichen Vorbedingungen aller Wirksamkeit,
3086 3073 4132 3271 ja alles Lebensgefühls bedeuten.
