5208 4152
871 514 2397 658 dem Geist im Wort und mit dem Geist in
865 637 2383 768 der Tat befassen. Selbstverständlich aber gibt
871 723 2387 823 es auch unter den Musikern Geistesmenschen,
883 823 2381 911 d. h. Repräsentanten irgendeiner Geistesver-
860 894 2381 1013 fassung, wie wir andererseits oft genug, auch unter
871 975 2383 1098 den Angehörigen der sogenannten geistigen Be¬
883 1092 2383 1180 rufe, Menschen finden, die nicht den Geistes¬
890 1161 1765 1299 menschen zuzuzählen sind.
944 1418 2398 1562 Die Seelenzustände unterscheiden wir in
883 1533 2408 1631 Charakteranlagen, zu denen auch die Tempera¬
890 1602 2398 1731 mente gehören, seelische Eigenschaften, fließen-
883 1671 2400 1796 de Seelenzustände und Stimmungen. Und mit
871 1786 2412 1882 dieser Reihenfolge ist zugleich in absteigender
890 1863 2416 1978 Linie der Grad ihrer Veränderlichkeit
881 1949 2400 2057 und das Maß ihrer Wichtigkeit für die Ge¬
883 2032 2412 2147 samtpersönlichkeit angedeutet. Absolute
902 2113 2412 2243 Unveränderlichkeit aber, wie sie ein Kenn-
881 2230 2420 2335 zeichen der Geistesverfassung bildet, kommt
902 2310 2423 2443 den Seelenzuständen in keinem Falle
902 2402 2418 2500 zu, nicht einmal den Charakteranlagen, wenn
913 2491 2420 2592 auch deren relative Veränderlichkeit nur in Aus¬
906 2556 2420 2665 nahmefällen zur Erscheinung kommt oder prak-
917 2667 1713 2792 tische Geltung gewinnt.
992 2736 2423 2863 Als Beweis für den Umstand, daß nicht ein-
908 2846 2418 2930 mal den Charakteranlagen absolute Unveränder-
911 2899 2450 3051 lichkeit zukommt, darf vielleicht gelten, daß es
925 3003 2437 3133 gewisse Gehirnkrankheiten gibt (Paralyse), bei
908 3097 2443 3224 denen zuweilen als erstes — und nicht immer
2959 497 4490 645 gleich richtig gedeutetes — Symptom eine Wand¬
2953 624 4498 729 lung des Charakters zu konstatieren ist, ja, wo
2966 716 4499 819 sich der Charakter geradezu in sein Gegenteil
2972 806 4496 896 zu verkehren scheint. (Wenn z. B. ein milder,
2984 883 4498 986 besonnener Mensch sich in einen jähzornigen,
2995 980 4505 1086 bösartigen, oder ein Geizhals in einen Ver¬
2984 1042 4490 1159 schwender verwandelt.) Eine Geistesverfas¬
2993 1134 4499 1247 sung kann wohl durch eine Gehirnkrankheit
2995 1222 4501 1332 zerstört, aber sie kann niemals in eine an¬
3001 1316 4494 1414 dere verwandelt werden. Kein Sophist ist
3007 1391 4503 1525 jemals durch eine Gehirnkrankheit zum Philo-
3001 1502 4498 1612 sophen, kein Priester zum Pfaffen,kein Kontinua-
2995 1571 4146 1696 list zum Aktualisten geworden usw.
3085 1658 4517 1769 An dieser Stelle sei die Tatsache erwähnt, daß
2995 1752 4513 1848 in sehr seltenen Fällen erst ein Trauma, z. B.
3007 1834 4511 1936 ein Schlag auf den Kopf, zur Entwicklung einer
3020 1919 4494 2032 spezifischen, insbesondere musikalischen Bega-
3020 1997 4503 2137 bung Anlaß gegeben, resp. daß unter der Ein-
3014 2114 4522 2232 wirkung eines solchen Traumas die Begabung
3026 2176 4296 2283 erst zum Vorschein gekommen sein soll.
3080 2245 4519 2370 Die Charakteranlagen, am wenigsten die
3007 2347 4511 2483 sogenannten Temperamente, sind auch dort, wo
3005 2439 4522 2558 nicht gerade von Veränderlichkeit die Rede sein
3014 2523 4511 2633 kann, beeinflußbar nicht nur vonaußen,
3020 2623 4503 2734 sondern auch von innen her. Eine Charakter
3026 2698 4522 2832 anlage entwickelt sich weiter oder bildet sich
3020 2811 4528 2907 zurück, in beiden Fällen kann hierbei-der eigene
3037 2870 4540 3009 Wille mitwirken, der freilich selbstwieder eine
3032 2974 3885 3089 Charakteranlage bedeutet.
3103 3037 4536 3170 Fließende Seelenzustände sind solche,
