6824 4328
5765 516 6033 756 36 b
3776 678 6002 1074 im weiteren sinne aber hätte man das Recht
3788 891 6117 1167 den jenigen einen Politiker zu nennen, der das
3806 1017 6084 1336 Interesse der Menschheit den Interessen des
3803 1188 6183 1504 eigenen Staates hintansetzt und als Typus des
3815 1330 6237 1666 Staatsmannes im höchsten sinn müsste einer ge¬
3836 1498 6114 1786 ten, dem das Wohl der Menschheit höher steht
3842 1648 6204 1993 als das seines eigenen Staates.So kann es ge-
3854 1783 6084 2113 schehen.dass xxxxxxxx ein grosser Reprä-
3869 1969 6174 2269 sentant des Typum Staatsmann anderen Staats-
3890 2065 6273 2443 männern,Politikern, ja überhaupt als Hochverrä-
3902 2242 6180 2608 tor gilt.-in (The krope Tresl at Retger.)
3902 2533 4802 2731 i###kikaxxatsxxxx
3923 2563 6189 2860 Hier zeigt es sich am Eklatantesten, dass, je
3914 2716 6237 3013 kühxxx mehr sich ein Repräsentant der posi-
3938 2842 6222 3193 tiven Seite dem von ihm dargestellten Typus
4001 3058 6198 3370 nähert,er tragischen Konflikten umso eher
3959 3175 6234 3523 gegenübergestellt ist...
4136 3310 6249 3662 at the New man is at hee that -
4127 3460 6042 3764 nun ich til Tafel is er kann d
4250 3746 4793 4007 ermitt.
