6856 4216
1341 726 2579 925 u sein ille xxx Uhrxxx
1121 848 3003 1067 aV asb xxx Jxxiw. xxx
956 990 2769 1232 M). Jleidsamek ait ull eluß wesenden
979 1156 3008 1383 Klaasftenn agewaenien miteid edel Imedos
814 1332 2966 1574 Mollbados gnade wird einjnemidnes als xxx
1657 1742 1819 1944 G.F.P.
1306 1961 1665 2149 0 J-a 1 H.
6074 168 6370 421 24
3988 555 6134 780 Den meisten Menschen bedeutet Geschichte
4002 649 6248 914 nichts als einen schattenhaften Zug von Ge-
5049 828 5243 919 ihne
3996 834 6267 1030 sponstenn, der uns Ereignisse vorführt,
3996 976 6285 1190 deren Ausgang nicht nur dem Zuschauern,son-
4025 1130 6250 1398 dern auch den Spielern irgendwie schon be-
4010 1275 6128 1506 kannt ist. Historisch aber empfindet nur
4013 1432 6205 1668 der, der fähig ist das Vergangene durchaus
4010 1605 6259 1873 als Gegenwart sich vorzustellen, so dass er
4033 1759 6182 1955 auch das Ende eines ihm völlig bekannten
4039 1893 6310 2095 Ereignisses, währ end ihm die Entwicklung vor
4050 2038 6307 2291 Augen tritt, wie etwas Ungewisses zu empfin-
4047 2277 4685 2442 den vermag.
