5144 4088
850 599 2263 715 Das absolut zutreffende Wort zur Be-
766 707 2274 804 zeichnung des Tyrpus existiert in der Sprache
783 772 2255 915 ebensowenig als eben der Typusin der Wirk-
776 858 2263 980 lichkeit vorkommt — und so geht es bei der No-
783 963 2015 1085 menklatur nicht ganz ohne Willkür ab.
856 1045 2280 1153 Mit den Bezeichnungen, die hier angewandt
778 1136 2255 1239 sind (Priester, Staatsmann, Philosoph, Histori¬
778 1218 2261 1346 ker, Dichter, Pfaffe, Politiker, Sophist, Journa-
789 1300 2272 1416 list, Literat) sind keineswegs Berufsarten oder
778 1411 2268 1502 spezifische Begabungen gemeint, sondern
783 1496 2257 1590 eben Geistesverfassungen; zu denen die ent-
776 1584 2263 1685 sprechenden spezifischen Begabungen eine grö-
789 1678 2272 1775 Bere oder geringere Affinität besitzen, und deren
789 1758 2257 1843 Vorhandensein die Repräsentanten der betref¬
795 1849 2274 1982 fenden Typen zu den entsprechenden Berufen
795 1939 1494 2059 zu disponieren pflegt.
867 2009 2263 2114 Ebensowenig wie durch den auf- und abstei-
795 2118 2263 2221 genden Charakter der Dreieckseiten eine gei¬
787 2198 2284 2318 stige Rangordnung der Urtypen angedeutet
795 2297 2278 2383 sein soll, ebensowenig wird durch die Anordnung
783 2381 2284 2474 rechts und links eine Gesinnung irgendwelcher
795 2463 2286 2554 Art ausgedrückt. Oben und unten, rechts und
793 2543 2272 2655 links, hinauf und hinab haben hier nur graphi¬
789 2627 2278 2735 sche Bedeutung, und durch die Anordnung
795 2724 2286 2827 der Typen innerhalb des Diogramms soll im
801 2831 2268 2932 wesentlichen nur das Verhältnis der Typen
776 2909 1847 3008 zueinander festgestellt werden.
850 2997 2278 3092 An den einander entsprechenden Punkten des
795 3086 2278 3185 oberen und des unteren Dreiecks sind immer
795 3176 2267 3281 diejenigen Geistestypen gegenübergestellt, zwi-
2751 513 4257 650 schen denen gewisse Analogien äußerer und
2768 635 4257 755 innerer Art bestehen, Analogien von so zwingen-
2766 745 4283 835 der Art, daß die Repräsentanten der betreffenden
2774 818 4274 944 Typen sich oft durch nichts anderes als durch
2760 888 4276 1035 ihre Vorzeichen plus und minus von ein¬
2762 989 4281 1092 ander zu unterscheiden scheinen, was freilich
2774 1088 4264 1203 genügt, um sie zu den vollkommensten Gegen-
2762 1180 3420 1289 sätzen zu machen.
2844 1411 4281 1552 Die Grenzlinie, die das obere von dem
2768 1510 4264 1630 unteren Dreieck scheidet, ist ideell unüber¬
2766 1624 4270 1723 schreitbar, und jede Geistesverfassung
2760 1700 4281 1822 als solche ist angeboren, einheitlich und
2762 1771 4264 1906 unveränderlich. Es gibt keine Über¬
2762 1872 4268 1986 gänge von den positiven Typen zu den nega-
2781 1962 4276 2097 tiven Typen, vom Menschen, wie wir die
2762 2074 4281 2160 Repräsentanten im obern, zum Un-Men-
2760 2158 4297 2263 schen, wie wir die Repräsentanten im untern
2774 2242 3536 2350 Dreieck nennen dürfen.
2869 2318 4281 2423 Es gibt auch keine Übergänge von einem
2804 2392 4300 2522 Hyp zum andern im gleichen Dreieck. Wir
2796 2514 4281 2613 begegnen natürlich gelegentlich einem philoso¬
2804 2579 4289 2709 phisch angelegten Staatsmann, einem priester¬
2798 2680 4306 2785 lichen Dichter, einem historisch gerichteten
2798 2776 4304 2892 Philosphen, einem journalistisch eingestellten
2787 2844 4300 2970 Politiker, einem literatenhaften Sophisten usw.;
2804 2949 4295 3046 aber eine eingehende Betrachtung und mehr
2804 3018 4302 3132 noch der Blick des Menschenkenners wird den
2798 3113 4304 3223 eigentlichen Kern, wird die ursprüngliche
4245 3252 4413 3368 9
