<?xml version="1.0" encoding="UTF-8" standalone="yes"?>
<PcGts xmlns="http://schema.primaresearch.org/PAGE/gts/pagecontent/2013-07-15" xmlns:xsi="http://www.w3.org/2001/XMLSchema-instance" xsi:schemaLocation="http://schema.primaresearch.org/PAGE/gts/pagecontent/2013-07-15 http://schema.primaresearch.org/PAGE/gts/pagecontent/2013-07-15/pagecontent.xsd">
    <Metadata>
        <Creator>prov=READ-COOP:name=TrHtr:version=2.1.0:model_id=51170:date=28_07_2023_08:51</Creator>
        <Created>2023-05-10T11:17:12.282+02:00</Created>
        <LastChange>2023-07-28T08:51:39.004+02:00</LastChange>
        <TranskribusMetadata docId="1428141" pageId="55385474" pageNr="74" tsid="131327089" status="IN_PROGRESS" userId="64420" imgUrl="https://files.transkribus.eu/Get?id=QNAOWJCTVGXKVOHWLFSVRERC&amp;fileType=view" xmlUrl="https://files.transkribus.eu/Get?id=EZSQSCVSJZZKLXNKEBMMYEFQ" imageId="44660373"/>
    </Metadata>
    <Page imageFilename="1428141_0074.jpg" imageWidth="6856" imageHeight="4376">
        <ReadingOrder>
            <OrderedGroup id="ro_1711822806257" caption="Regions reading order">
                <RegionRefIndexed index="0" regionRef="tr_1"/>
            </OrderedGroup>
        </ReadingOrder>
        <TextRegion id="tr_1" custom="readingOrder {index:0;}">
            <Coords points="3993,391 6453,391 6453,2606 3993,2606"/>
            <TextLine id="tr_1_tl_1" custom="readingOrder {index:0;}">
                <Coords points="6072,458 6099,464 6134,503 6155,506 6190,491 6223,506 6250,500 6264,287 6226,296 6196,287 6184,299 6167,293 6122,307 6084,299"/>
                <Baseline points="6089,453 6172,447 6262,441"/>
                <TextEquiv>
                    <Unicode>35</Unicode>
                </TextEquiv>
            </TextLine>
            <TextLine id="tr_1_tl_2" custom="readingOrder {index:1;}">
                <Coords points="3970,837 6043,659 6276,627 6285,526 4428,680 3985,644"/>
                <Baseline points="3993,770 4047,770 4137,758 4226,752 4316,746 4405,740 4495,734 4584,728 4674,722 4764,716 4853,710 4943,704 5032,698 5122,686 5211,686 5301,674 5390,668 5480,662 5569,656 5659,650 5749,638 5838,632 5928,626 6017,614 6107,608 6196,602 6286,591"/>
                <TextEquiv>
                    <Unicode>Historiker und Staatsmann auf gleicher Ebene</Unicode>
                </TextEquiv>
            </TextLine>
            <TextLine id="tr_1_tl_3" custom="readingOrder {index:2;}">
                <Coords points="3994,952 6288,777 6297,671 5921,636 5646,730 5472,674 4981,739 4848,822 4003,834"/>
                <Baseline points="4011,931 4059,919 4149,913 4238,907 4328,895 4417,889 4507,883 4596,877 4686,871 4775,865 4865,859 4955,853 5044,847 5134,835 5223,829 5313,817 5402,811 5492,811 5581,799 5671,794 5761,782 5850,776 5940,770 6029,764 6119,758 6208,752 6298,746"/>
                <TextEquiv>
                    <Unicode>stehen den Typen, die den Geist in der Tat zu</Unicode>
                </TextEquiv>
            </TextLine>
            <TextLine id="tr_1_tl_4" custom="readingOrder {index:3;}">
                <Coords points="4003,1115 6196,964 6208,792 5238,931 4012,979"/>
                <Baseline points="4023,1062 4059,1062 4149,1056 4238,1056 4328,1044 4417,1038 4507,1032 4596,1026 4686,1020 4775,1014 4865,1008 4955,1002 5044,996 5134,985 5223,979 5313,973 5402,967 5492,961 5581,949 5671,943 5761,937 5850,931 5940,925 6029,919 6119,913 6208,913"/>
                <TextEquiv>
                    <Unicode>repräsentieren haben, von den Typen unseres</Unicode>
                </TextEquiv>
            </TextLine>
            <TextLine id="tr_1_tl_5" custom="readingOrder {index:4;}">
                <Coords points="4015,1245 5076,1174 5153,1156 5156,1112 5076,1067 4999,1103 4878,1044 4680,1132 4023,1117"/>
                <Baseline points="4035,1205 4089,1205 4178,1199 4268,1199 4358,1193 4447,1188 4537,1176 4626,1176 4716,1164 4805,1158 4895,1152 4984,1146 5074,1140 5164,1134"/>
                <TextEquiv>
                    <Unicode>Diogramms am nächsten.</Unicode>
                </TextEquiv>
            </TextLine>
            <TextLine id="tr_1_tl_6" custom="readingOrder {index:5;}">
                <Coords points="4000,1413 5842,1271 5871,1159 5357,1115 5017,1206 4662,1182 4464,1298 4012,1283"/>
                <Baseline points="4023,1361 4083,1361 4173,1355 4262,1349 4352,1343 4441,1331 4531,1331 4620,1325 4710,1319 4799,1313 4889,1307 4978,1295 5068,1289 5158,1289 5247,1283 5337,1271 5426,1265 5516,1259 5605,1253 5695,1241 5784,1241 5874,1235"/>
                <TextEquiv>
                    <Unicode>Priester und Philosoph am fernsten.</Unicode>
                </TextEquiv>
            </TextLine>
            <TextLine id="tr_1_tl_7" custom="readingOrder {index:6;}">
                <Coords points="4015,1570 6202,1404 6211,1265 4668,1327 4434,1460 4023,1437"/>
                <Baseline points="4035,1510 4065,1510 4155,1510 4244,1504 4334,1504 4423,1492 4513,1486 4602,1480 4692,1468 4781,1462 4871,1462 4961,1450 5050,1444 5140,1438 5229,1432 5319,1426 5408,1420 5498,1408 5587,1402 5677,1402 5767,1396 5856,1385 5946,1379 6035,1373 6125,1367 6214,1355"/>
                <TextEquiv>
                    <Unicode>Die Tat des Dichters ist das Werk,wenn er</Unicode>
                </TextEquiv>
            </TextLine>
            <TextLine id="tr_1_tl_8" custom="readingOrder {index:7;}">
                <Coords points="4077,1694 5806,1620 6119,1517 6383,1549 6391,1449 4893,1490 4576,1602 4426,1517 4088,1555"/>
                <Baseline points="4095,1659 4155,1659 4244,1659 4334,1653 4423,1641 4513,1641 4602,1635 4692,1629 4781,1617 4871,1611 4961,1605 5050,1593 5140,1588 5229,1582 5319,1576 5408,1570 5498,1558 5587,1558 5677,1552 5767,1546 5856,1540 5946,1534 6035,1528 6125,1516 6214,1510 6304,1504 6393,1492"/>
                <TextEquiv>
                    <Unicode>nicht bis zu seinem Werke gelangt,ist er nur</Unicode>
                </TextEquiv>
            </TextLine>
            <TextLine id="tr_1_tl_9" custom="readingOrder {index:8;}">
                <Coords points="4047,1854 4124,1833 4219,1868 4290,1857 4343,1818 4461,1824 4523,1800 4635,1827 4689,1809 4695,1721 4541,1741 4437,1715 4331,1750 4195,1732 4053,1783"/>
                <Baseline points="4065,1820 4071,1814 4161,1820 4250,1814 4340,1802 4429,1796 4519,1790 4608,1790 4698,1779"/>
                <TextEquiv>
                    <Unicode>ein Träumer.</Unicode>
                </TextEquiv>
            </TextLine>
            <TextLine id="tr_1_tl_10" custom="readingOrder {index:9;}">
                <Coords points="4068,2182 6439,2007 6451,1865 5794,1859 4556,2052 4083,1990"/>
                <Baseline points="4089,2131 4125,2131 4214,2125 4304,2119 4393,2113 4483,2107 4573,2095 4662,2089 4752,2083 4841,2077 4931,2065 5020,2065 5110,2053 5199,2047 5289,2041 5378,2035 5468,2023 5558,2017 5647,2011 5737,2005 5826,1999 5916,1993 6005,1988 6095,1982 6184,1970 6274,1964 6364,1952 6453,1946"/>
                <TextEquiv>
                    <Unicode>Beispiele würden nur verwirren, denn kein Indi-</Unicode>
                </TextEquiv>
            </TextLine>
            <TextLine id="tr_1_tl_11" custom="readingOrder {index:10;}">
                <Coords points="4077,2312 6323,2176 6332,2058 5481,2049 4086,2185"/>
                <Baseline points="4095,2274 4184,2274 4274,2274 4364,2268 4453,2256 4543,2250 4632,2244 4722,2238 4811,2232 4901,2226 4990,2220 5080,2214 5170,2208 5259,2196 5349,2190 5438,2185 5528,2179 5617,2173 5707,2161 5796,2155 5886,2149 5975,2143 6065,2137 6155,2131 6244,2119 6334,2113"/>
                <TextEquiv>
                    <Unicode>viduum kann den Typus rein darstellen.Darin</Unicode>
                </TextEquiv>
            </TextLine>
            <TextLine id="tr_1_tl_12" custom="readingOrder {index:11;}">
                <Coords points="4086,2522 4505,2409 6300,2327 6312,2182 4097,2374"/>
                <Baseline points="4107,2447 4161,2435 4250,2429 4340,2429 4429,2417 4519,2411 4608,2399 4698,2393 4787,2387 4877,2382 4967,2376 5056,2370 5146,2364 5235,2358 5325,2346 5414,2340 5504,2334 5593,2322 5683,2322 5772,2316 5862,2304 5952,2304 6041,2292 6131,2286 6220,2280 6310,2268"/>
                <TextEquiv>
                    <Unicode>spricht sich die Beschränkung und zugleich</Unicode>
                </TextEquiv>
            </TextLine>
            <TextLine id="tr_1_tl_13" custom="readingOrder {index:12;}">
                <Coords points="4097,2596 5706,2531 5711,2457 5587,2380 5372,2371 5215,2430 4884,2400 4588,2519 4417,2457 4103,2504"/>
                <Baseline points="4113,2596 4196,2590 4286,2585 4376,2573 4465,2567 4555,2561 4644,2555 4734,2549 4823,2537 4913,2537 5002,2525 5092,2519 5181,2513 5271,2507 5361,2501 5450,2489 5540,2483 5629,2483 5719,2477"/>
                <TextEquiv>
                    <Unicode>die Fülle des Menschentums aus.</Unicode>
                </TextEquiv>
            </TextLine>
        </TextRegion>
    </Page>
</PcGts>
