5224 4152
769 592 2290 773 die nicht nur nach Intensität und Dauer zu
781 712 2277 881 wechseln pflegen, sondern auch eine Neigung
777 828 2279 958 zeigen, zeitweise oder endgültig zu verschwin-
769 908 2275 1036 den; — oder sich, unter dem Einfluß von be¬
782 980 2286 1131 stimmten Erlebnissen, in ihren wirklichen oder
777 1083 2064 1228 scheinbaren Gegensatz zu verkehren.
855 1140 2300 1312 Es gibt gewisse Charakteranlagen, von
788 1236 2296 1375 denen man a priori annehmen möchte, daß sie
792 1315 2288 1496 sich ausschließlich bei den Repräsentanten de
811 1430 2302 1571 positiven oder ausschließlich bei den Repräsen¬
817 1510 2311 1647 tanten der negativen Typen fänden; ebenso wie
813 1593 2311 1748 wir eine solche Ausschließlichkeit für gewisse
792 1692 2315 1810 Begriffe annehmen durften; — wie wir also
800 1769 2323 1904 z. B. Wahrheit, Dämonie, Opfermut, Erlebnis
817 1850 2324 1982 usw. ausschließlich dem positiven, — Lüge,
817 1955 2336 2073 Satanie, Egoismus, Neusation usw. nur dem
822 2043 2323 2166 negativen lypus zugehörig erkannten. Dies an-
819 2107 2342 2246 zunehmen, wäre aber ein Irrtum. Es gibt kaum
819 2214 2317 2338 irgendeine Charakteranlage, deren Vor-
819 2283 2323 2418 kommen auf die Repräsentanten des positi¬
836 2366 2317 2507 ven, oder auf die Repräsentanten des negati
849 2488 1875 2618 ven Typus beschränkt wäre.
914 2570 2328 2692 Doch gibt es Affinitäten zwischen ge-
836 2650 2328 2757 wissen Geistesverfassungen und ge-
849 2732 2359 2848 wissen Charakteranlagen. So ist z. B. eine
853 2821 2359 2985 priesterliche Geistesverfassung ohne Güte kaum
857 2903 2361 3031 vorstellbar, eine Anlage, die wir überhaupt bei
859 2989 2366 3141 den Typen des positiven Gebietes nicht selten
857 3075 2359 3242 antreffen werden, während wir auf dem negati-
859 3156 2376 3313 ven Gebiet wohl niemals wirklicher Güte, häufig
2941 539 4472 741 genug aber der Gutmütigkeitbegegnen, die so
2960 683 4470 819 oft mit ihr verwechselt wird, und meist nur
2953 786 3625 902 Schwäche bedeutet.
3044 811 4459 999 Die Eigenschaften nehmen eine Mittel-
2953 931 4470 1078 stellung ein zwischen Anlagen und fließenden
2960 1039 4470 1142 Seelenzuständen, und es ist die Frage, ob wir
2976 1131 4483 1255 sie überhaupt als einen Seelenzustand sui generis
2981 1218 3941 1333 betrachten sollen und dürfen.
3056 1291 4476 1418 Keineswegs läßt es sich immerleicht entschei¬
2977 1375 4476 1493 den, ob irgendeine seelische Eigenschaft als
2977 1451 4464 1607 Charakteranlage oder als fließender See
2983 1550 4487 1677 lenzustànd im engeren Sinne anzusprechen
2981 1658 4478 1780 ist und ob wir in einem bestimmten Fall uns
2995 1717 4491 1841 einem fließenden Seelenzustand oder
2989 1820 4476 1948 einer Stimmung gegenübersehen. Die Unter-
2977 1896 4483 2008 scheidung ist um so schwerer, als ein fließen
2995 2007 4489 2113 der Seelenzustand sich allmählich zu eine
2993 2060 4480 2189 Eigenschaft auszubilden vermag (z. B. MiB-
3014 2166 4493 2275 trauen, Verbitterung), und daß eine Stimmung
3008 2260 4512 2351 durch öftere Wiederholung die Bedeutung eines
3008 2347 4506 2477 fließenden Seelenzustandes, wenn nicht
3014 2448 4268 2549 gar einer Eigenschaft gewinnen kann.
3073 2513 4510 2644 Es gibt Eigenschaften, denen wir unter
3008 2595 4487 2719 den Typen des positiven Gebiets häu
3008 2665 4499 2810 figer als Charakteranlagen, unter den Ty
3025 2787 4512 2899 pen des negativen Gebiets meistens nur als
3017 2856 4499 2991 Stimmungen oder fliebenden Seelenzu
3002 2970 3920 3092 ständen begegnen werden.
3115 3029 4516 3162 Wenn eine Anlage oder eine Eigenschaft oder
3012 3120 4518 3242 ein fließender Seelenzustand innerhalb eines Per-
