6728 4488
5861 709 6042 879 34
3879 788 6013 1130 Dinge zu wissen, das Werden zu verstehen.
4276 1019 6089 1238 (Dies gilt für die positiven Typen
3891 1214 6170 1404 auch hinsichtlich ihrer Einstellung dem ei-
3905 1360 6243 1570 genen Leben gegenüber.Sie sind sich der Ver-
3911 1500 6255 1696 gangenheit und so weit es möglich der Zukunft
3905 1655 6191 1813 stets bewusst, während die Existenz der nega-
3917 1789 6202 2017 tjven Typen eigentlich nur aus einer Reihen-
3905 1970 6077 2209 folge isolierter Momente bateht. Wer aber
3908 2096 6249 2312 nur die Gegenwart hat, hat nur den Augenblick,
3917 2303 5268 2522 somit eigentlich nichts.)
3917 2437 6208 2615 Der Historiker (Kontinualist) muss sich kei-
3923 2586 6217 2820 neswegs vorwiegend mit der Vergangenheit be-
5286 2729 6272 2925 storiker der Gegen
3937 2767 5166 2980 schäftigen.Es gibt auch
4784 2855 5163 2957 Reprais it
2522 2843 3033 3038 G.C.F.S
3932 2907 6147 3120 wart; es bleibt der gleich Typus,ob er sich
3923 3068 6176 3278 hauptsächlich für das Reformationszeitalter
3937 3184 6124 3438 oder für die französische Revolution oder
3923 3298 6153 3564 für das heutige Spanien interessiert,
3929 3523 6132 3707 nur das Gefühl für die Zusammenhänge stets
3929 3681 6109 3902 das Bestimmende für sein Interesse bleibt.
