6712 4440
4197 560 4868 751 C. delit n'éterai
4095 617 6344 842 Man wird finden, dass ebenso wie im Diogramm
4078 810 6361 995 des Geistes im Wort die eine (zufällig) lin-
5528 947 5960 1055 la salvelu.
4089 992 6336 1177 ke seite,F das Element des Glaubens, für die
4095 1160 6330 1305 andere Seite das Element des Wissens (Kennt¬
5306 1260 5872 1371 u damit pieder de
4089 1297 6327 1510 nis von Tatsachen) bedeutungsvoll ist glei-
4095 1450 6319 1595 ches auch fürdas Diogramm der Tat zutrifft.
4095 1615 6145 1814 Geradeso wieder Priester, der Staatsmann
5525 1752 5926 1917 so is. S.
6154 1664 6330 1917 des
4095 1854 6305 2110 aprioristischen Glaubens notwendiger bedür-
3634 1925 3958 2136 Inhürt.
4106 2107 5855 2218 fen als Philosoph und Historiker -
4095 2195 6236 2383 ebenso wird der Entdecker (Seefahrer) und
4095 2372 6225 2559 Heerführer (Feldherr) auf den (aprioristi-
4112 2505 6242 2696 schen Glauben (viel) weniger verzichten kön
4089 2670 6177 2821 nen als der Mathematiker (Brückenbauer )
4101 2824 6188 3006 und Naturforscher (Heilkünstler),für die
4101 3000 6216 3148 Kenntnis von Tatsach n allererstes erfor-
4888 3117 5335 3313 freifel.
4101 3148 4803 3310 dem is ist.
4138 3233 6236 3481 Die Wichtigkeit solcher Kenntnisse steht
4101 3452 6202 3674 natürlich auch für die Typen der anderen
