6856 4360
4178 448 4473 683 vort.
3886 548 6164 804 Pflichtux Einen Pfaffen nennen wir im Allge-
3883 731 6204 945 meinen den einen Angehörigen des priesterli-
3877 906 6210 1102 chen Bemfs, dessen Art,Wesen und Wirksamkeit
3877 1081 6285 1255 den hohen Forderungen,die wir an den Priester
5623 1186 5803 1285 gens
3895 1270 6077 1394 zu stellen gewohnt sind, nur in bescheidem
3934 1382 5590 1589 Mass oder gar nicht entspricht.
3883 1475 6300 1698 Das Eigenschaftswort pfäffisch hat bekanntlich
3895 1710 5222 1911 eine üble Nebenbedeutung.
3895 1812 6161 2026 Dass es unter den Angehörigen des priester-
3901 2023 6264 2179 lichen Berufs mehr Pfaffen als Priester gibt,
3895 2128 6137 2318 ist ebenso natürlich, wie dass es unter den
3889 2324 6222 2492 lauten,die in den Staatsdienst
3907 2495 6231 2598 treten, mehr Politiker gibt als Staatsmänner.
4530 2577 4759 2694 gibt
3907 2598 6312 2811 Zahlenmässig xix es immer mehr Repräsentanten
3895 2742 5921 2968 des negativen als des positiven Typus,
