6808 4360
5998 619 6179 813 16
4108 726 4834 926 (Ist nicht gefall)
4480 829 4834 967 Bideuh
3855 867 6373 1117 Es hat seinen Sinn innerhalb des Diogramms, dass
3870 1048 6304 1261 Priester und Philosoph,wenn auch auf der glei-
3877 1176 6314 1399 chen Ebene,am weitesten von einander entfernt,
3880 1320 6276 1577 Staatsmann und Historiker, auch ihrerseits auf
3880 1514 6229 1721 gleicher Ebene, einander näher sind als jene.
4293 1639 6342 1877 Es hat auch seinen Sinn, dass Priester
3917 1802 6389 2021 und Pfaff,wenn auch durch die unüberschreitbare
3914 1937 6358 2200 Linie getrennt, dass auch Philosoph und Sophist
3930 2049 6423 2325 einander näher stehen als Staatsmann und Politi-
3923 2259 6232 2494 ker oder Historiker und Journalist und dass
3930 2378 6389 2659 am weitesten von einander entfernt Literat und
3942 2647 4784 2844 Dichter stehen.
