6648 4424
3937 556 4686 805 (Continualisten)
3904 764 4766 933 ker zum Dichter.
4198 832 6150 1070 Die linke Seite des unteren Dreiecks
3886 1031 6070 1203 steigt ab vom Pfaffen über den Politiker,
3886 1168 6219 1394 die rechte Seite vom Sophisten über den Jour
4246 1343 4742 1450 Actualisten
3946 1334 5185 1569 nalisten zum Literaten.
4258 1471 6263 1717 Zur Bezeichnung der Typen sind im All-
3913 1670 6171 1842 gemeinen nicht die verhältnismässig zutref-
3892 1809 6263 1994 fen sten, sondern die einprägsamsten Worte ge-
4323 1943 5197 2080 bei cinzelnen Typen
3916 1958 6222 2157 wählt, doch sind) die zutreffenderen Bezeich -
3898 2101 6142 2306 nungen zum näheren Verständn is in Klammern
3901 2285 4466 2499 beigefügt.
4264 2368 6192 2594 Das absolut zutreffende Wort zur Be-
3919 2552 6246 2772 zeichnung des Typus eiistiert in der Sprache
3919 2757 6168 2915 obensowenig als eben der Tyrpus als solcher
3904 2891 5488 3078 in der Wirklichkeit vorkommt.
4270 3051 6216 3230 Mit den Bezeichnungen,die hier ange-
3904 3179 6153 3366 wandt sind (Priester,Staatsmann, Philosoph,
5286 3331 5705 3438 Politiker
3919 3363 6302 3536 Histon ker, Dichter,-Pfaffe, Sophist, Journalist
5497 3470 6186 3607 lische Bezabringer
3904 3524 6293 3762 literat) sind keineswegs Berufsarten gemeint,
