6776 4616
5892 735 6066 901 65
4024 844 6323 1133 innerhalb des negativen Dreiecks die entspr
4030 1061 6146 1287 chenden negativen Gegentypen in analogen
4044 1261 4587 1459 Anordnung.
4356 1410 4985 1542 x*a⊃καχακακικ
4364 1456 6175 1624 Auf der linken Seite des negativen
4035 1587 6218 1793 Dreiecks steigt es ab vom Abenteurer über
4061 1753 6015 1976 den Tyrannen (Kommisknopf.Feldwebel)
4493 1930 6246 2085 auf der rechten Seite vom Spekulan-
4047 2051 6255 2291 ten (Phantasten,Gauner) über den Quacksal-
4064 2216 5631 2451 ber (Giftmisch er) Uehrwirter)
4450 2317 6283 2568 zum Schwindler (Narrn, Hochstaplar).
4542 2525 6206 2686 Wir haben also als regentyp des
4076 2671 6146 2857 Seefahrers den Abenteurer, des Führers -
4076 2820 6238 3112 den Tyrannen, des Brückenbauers -den Spe-
4090 3029 4576 3260 kulanten,
4553 3132 6206 3318 des Naturforschers - den Quack-
4081 3283 5937 3492 salber, ½des Helden -den Schwindler.
4336 3564 6140 3818 Vnd Geradeso aber wie im Diogramm
4971 3735 5317 3847 such been
4104 3769 6238 3967 des Worts geht auf von der Spitze des
4090 3944 6343 4150 positive Dreiecks eine imp inäre Linie über
