6888 4248
6412 384 6569 553 18
4143 529 6507 700 Priester,Staatsmann,Dichter,das bedeutet hier
4128 697 5080 866 keine Rangordnung
4116 848 6401 1011 Eine Entwicklung des einen Typus zum andern
4125 990 5387 1164 gibt es natürlich nicht.
4110 1147 6330 1336 Der Weg vom Priester zum Prophet ist nicht
4093 1285 6312 1478 weiter als der vom Staatsmann zum Prophet.
4102 1602 6471 1794 Es lässt sich ein Analogon zu diesem Diogramm
4099 1752 6389 1912 denken: Der Geist in der Tat. Es würde sich
4099 1915 6474 2060 bei Konstruktion dieses Diogramms zeigen, dass
4099 2057 6256 2237 auch hier die Linie von der oberen Spitze
4125 2216 6232 2394 (die in unserem Diogramm durch den Dihter
4099 2364 6256 2527 repräsentiert wird) über den Propheten zu
4087 2524 6300 2692 Gott führt und von der unteren Spitze über
4093 2677 6344 2852 den Tückehold zum Teufel.Sowohl prophet als
4087 2828 6350 2993 Tückehold schweben bereits in gewissem Sinn
4087 2988 4988 3174 über dem preieck.
5186 3153 5517 3310 & dies
4586 3227 6229 3463 1) das ist en diese letat, ia ihm et
5210 3369 5417 3463 dies
4778 3425 6253 3593 gepusente de Loppelpassement.
4843 3540 5201 3667 verhil.
4444 3567 6415 3856 Prophit. ist schört nicht mit allen diese Freien.
