6776 4600
5892 762 6047 923 60
4043 939 6277 1103 „Nicht nur der tägliche Sprachgebrauch.auch
4024 1095 6033 1250 ge na gewisse Metaphern bringen dieses
4029 1233 6077 1375 hier angedeutete Verhältnis manchmal in
4043 1397 5983 1552 überraschender und aufschlussgebender
4029 1571 5038 1713 Weise zum Ausdruck.
4035 1729 6185 1857 Man kann den Sophisten xixxxx (der im
4029 1868 6172 2020 Diogramm des Worts an der gleichen Stelle
4029 2015 6072 2159 steht wie der Spekulant im Diogramm der
4027 2170 5944 2297 Tat) als einen Spekulanten des Worts
4040 2272 5980 2483 den Journalisten (der im Diogramm des
4046 2494 6039 2619 Worts an gleicher Stelle steht wie der
4040 2613 6257 2763 Quacksalber im Diogramm der Tat) als einen
4046 2780 5961 2929 Quacksalber der öffentlichen Meinung
4046 2938 6152 3068 den Literaten (der im Diogramm des Worts
4040 3073 6210 3248 dieselbe Stelle einnimmt wie der Hochstap-
4035 3251 6169 3398 ler im Diogramm der Tat) als einen Hoch
4046 3370 5728 3597 stapler des Geistes bezeichnen.
4046 3694 6155 3880 Der Literat verhält sich zum Dichter wie
4046 3838 5518 4079 der Hochstapler zum Helden
