6680 4200
1101 509 1358 668 tige
578 529 2819 770 Hölle die Liebe. Ebenso stehen einander ge-
483 694 2720 925 geüber: Güte -Bosheit; - Unsterblichkeit -
463 830 2756 1074 Tod;- Sachlichkeit (persönliches) Interesse
506 1031 2789 1243 (Egoismus;-Frieden-Krieg,- Weg - Carriere,-
489 1153 2928 1358 Phantasie - Dürre ; - Humor - Hohn; - Folge + Wir
486 1289 3146 1629 kung) -Erfolg; - Erlebnis - Jeusation. — Leen — aber
492 1461 2780 1729 Die Begriffe stehen fest. Die definition ist
2591 1666 2783 1814 G.H.F.P
506 1629 1996 1818 trotzdem nicht ganz einfach.
1610 1758 2112 1874 Gerteweisar
261 1768 2760 2013 Mann. Es handelt sich um Seelenzustände, nicht um
502 1943 1847 2171 Berufe. (die Wahl Infall besten¬
2353 1950 2809 2132 a le 2e.
2033 1976 2307 2148 G.C.H
506 2109 2776 2290 Es gibt, fassbare und weniger passbarere Be-
935 2241 1788 2353 - enzeit mit der Schrieb
519 2261 2938 2452 griffe. Der Unterschied, der Gegensatz zwischen
512 2390 2822 2621 Priester und Pfaff leuchtet ohneweiters ein.
512 2585 2836 2740 Auch der zwischen Journalist und Historiker.
512 2697 2925 2905 Nicht so einfach schon zwischen Staatsmann und
519 2826 2885 3093 Politiker,sehr schwer zu fassen,wenn auch der
542 3047 2816 3236 Unterschied ganz deutlich Begriffe wie Pro-
522 3150 2856 3355 phet und Tückehold; Gott und Teufel überhaupt
542 3331 2925 3517 unfassbar,da sie als Individuen nicht existie-
559 3493 2740 3754 ren, aber überall als Idee.
1573 3609 2813 3811 the volles I dee que
1381 3754 2323 3933 Gouvernement præs.
4726 321 5314 625 Das An i
3860 502 6253 856 Mein Diogramm stellt, wie man sieht zwei gegen
3854 760 6075 958 ständige Dreiecke mit einer gemeinsamen Ba
3867 949 4313 1144 sis dar.
3913 1071 6187 1266 Das obere stellt die positive, ins Göttliche,
3860 1236 6035 1434 das untere die negative, ins Teuflische ge
3883 1372 6085 1613 richtete Hälfte des menschlb hen Geistesge
3870 1524 5962 1752 bietur, insoweit es sich durch das Wort
5057 1682 5242 1847 on
3860 1712 4868 1907 kundzugeben vermag.
4921 1801 5384 1910 he is in most
3854 1814 6223 2019 Die eine Seite des oberen Dreiecks steigt auf
3877 2000 6134 2198 vom Priester über den Staatsmann,die andere
3893 2165 6194 2343 vom Denker (Philosolphen) über den Geschichts
3870 2300 5721 2512 forscher (Historiker) zum Dichter.
3883 2396 6131 2661 Onten steigt es in analogor Ordnung auf der
3877 2637 6134 2793 einen Seite vom Pfaffen über den Politiker,
3880 2770 5989 2974 auf der anderen Seite vom Sophisten über
4924 2882 6200 3077 bernalisten) zum Literaten.
4349 2941 4934 3120 chreiber (Jou)
4924 3041 5688 3140 let mit mei Raagt.
3870 2971 4363 3150 den Tagso
4349 3067 4680 3156 duce Art.
4753 3080 5014 3186 ärtig
3890 3090 6170 3269 Vom Dichter, also der Spitze des oberen Drei
3883 3160 6408 3444 ecks, führt eine Linie über den Plapheten zu N. 31
3887 3388 6127 3576 Gott, vom Literaten,der Spitze des unteren
3880 3556 6141 3778 Dreiecks eine Linie über den Tückehold zum
3959 3741 4376 3907 Teufel.
