<?xml version="1.0" encoding="UTF-8" standalone="yes"?>
<PcGts xmlns="http://schema.primaresearch.org/PAGE/gts/pagecontent/2013-07-15" xmlns:xsi="http://www.w3.org/2001/XMLSchema-instance" xsi:schemaLocation="http://schema.primaresearch.org/PAGE/gts/pagecontent/2013-07-15 http://schema.primaresearch.org/PAGE/gts/pagecontent/2013-07-15/pagecontent.xsd">
    <Metadata>
        <Creator>prov=READ-COOP:name=TrHtr:version=2.1.0:model_id=51170:date=28_07_2023_08:52</Creator>
        <Created>2023-05-10T11:17:29.992+02:00</Created>
        <LastChange>2023-07-28T08:52:14.678+02:00</LastChange>
        <TranskribusMetadata docId="1428141" pageId="55386081" pageNr="195" tsid="131327236" status="IN_PROGRESS" userId="64420" imgUrl="https://files.transkribus.eu/Get?id=UHNFRQBMNFIQNIFPEVONPTVI&amp;fileType=view" xmlUrl="https://files.transkribus.eu/Get?id=XJUNWLVWPLMZQTEEDSAKMBSP" imageId="44660980"/>
    </Metadata>
    <Page imageFilename="1428141_0195.jpg" imageWidth="6696" imageHeight="4408">
        <ReadingOrder>
            <OrderedGroup id="ro_1711823011402" caption="Regions reading order">
                <RegionRefIndexed index="0" regionRef="tr_1"/>
            </OrderedGroup>
        </ReadingOrder>
        <TextRegion id="tr_1" custom="readingOrder {index:0;}">
            <Coords points="3930,851 6319,851 6319,3796 3930,3796"/>
            <TextLine id="tr_1_tl_1" custom="readingOrder {index:0;}">
                <Coords points="3973,981 4178,904 6078,934 6019,821 5589,792 3970,801"/>
                <Baseline points="3989,913 4079,901 4169,901 4258,901 4348,907 4437,907 4527,907 4617,907 4706,913 4796,913 4885,913 4975,919 5065,919 5154,913 5244,919 5333,913 5423,919 5512,919 5602,919 5692,919 5781,919 5871,919 5960,913 6050,913 6086,925"/>
                <TextEquiv>
                    <Unicode>zu verwirren pflegen, als welche diese Um</Unicode>
                </TextEquiv>
            </TextLine>
            <TextLine id="tr_1_tl_2" custom="readingOrder {index:1;}">
                <Coords points="3973,1100 5126,1067 5506,1189 6197,1133 6164,970 5601,1017 5331,916 4869,913 3973,984"/>
                <Baseline points="3989,1057 4079,1063 4169,1063 4258,1063 4348,1063 4437,1063 4527,1057 4617,1063 4706,1063 4796,1063 4885,1063 4975,1069 5065,1069 5154,1069 5244,1069 5333,1069 5423,1069 5512,1069 5602,1069 5692,1075 5781,1075 5871,1075 5960,1069 6050,1075 6140,1069 6205,1063"/>
                <TextEquiv>
                    <Unicode>typen in der Welt der Erscheinungen auf zu-</Unicode>
                </TextEquiv>
            </TextLine>
            <TextLine id="tr_1_tl_3" custom="readingOrder {index:2;}">
                <Coords points="3970,1248 4109,1213 4578,1260 4673,1225 5094,1245 5091,1076 4780,1103 4708,1064 4599,1118 3967,1076"/>
                <Baseline points="3983,1206 4073,1206 4163,1206 4252,1212 4342,1218 4431,1212 4521,1218 4611,1218 4700,1218 4790,1218 4879,1218 4969,1218 5059,1218 5094,1224"/>
                <TextEquiv>
                    <Unicode>treten genötigt sind.</Unicode>
                </TextEquiv>
            </TextLine>
            <TextLine id="tr_1_tl_4" custom="readingOrder {index:3;}">
                <Coords points="4284,1438 4931,1373 5183,1444 6312,1435 6310,1216 6105,1162 5877,1228 4284,1242"/>
                <Baseline points="4300,1349 4390,1349 4479,1355 4569,1355 4658,1361 4748,1361 4838,1361 4927,1361 5017,1361 5106,1361 5196,1367 5286,1367 5375,1373 5465,1367 5554,1367 5644,1373 5733,1373 5823,1373 5913,1373 6002,1373 6092,1379 6181,1379 6271,1373 6319,1367"/>
                <TextEquiv>
                    <Unicode>Die erläuternden Bemerkungen zu diesen</Unicode>
                </TextEquiv>
            </TextLine>
            <TextLine id="tr_1_tl_5" custom="readingOrder {index:4;}">
                <Coords points="3949,1595 4569,1515 4697,1560 5284,1563 5408,1539 5408,1450 4898,1373 4314,1435 3946,1376"/>
                <Baseline points="3966,1511 4055,1511 4145,1511 4234,1511 4324,1511 4413,1511 4503,1511 4593,1511 4682,1517 4772,1517 4861,1517 4951,1517 5041,1523 5130,1523 5220,1523 5309,1523 5399,1523 5417,1523"/>
                <TextEquiv>
                    <Unicode>Diogrammen erheben auf Voll</Unicode>
                </TextEquiv>
            </TextLine>
            <TextLine id="tr_1_tl_6" custom="readingOrder {index:5;}">
                <Coords points="5473,1542 5521,1527 5553,1554 5604,1536 5639,1554 5690,1533 5740,1560 5782,1536 5811,1539 5808,1438 5746,1420 5666,1435 5636,1417 5598,1432 5548,1423 5500,1444 5470,1438"/>
                <Baseline points="5489,1523 5578,1529 5668,1529 5757,1535 5817,1535"/>
                <TextEquiv>
                    <Unicode>tändigke</Unicode>
                </TextEquiv>
            </TextLine>
            <TextLine id="tr_1_tl_7" custom="readingOrder {index:6;}">
                <Coords points="5954,1646 6013,1634 6040,1652 6093,1643 6143,1607 6197,1625 6241,1598 6268,1607 6271,1417 6203,1423 6138,1402 6096,1405 6040,1456 6025,1447 5957,1465"/>
                <Baseline points="5972,1535 6008,1535 6098,1529 6187,1529 6277,1529"/>
                <TextEquiv>
                    <Unicode>oder</Unicode>
                </TextEquiv>
            </TextLine>
            <TextLine id="tr_1_tl_8" custom="readingOrder {index:7;}">
                <Coords points="3961,1717 5945,1693 5891,1601 5464,1637 5162,1536 4569,1515 3961,1595"/>
                <Baseline points="3977,1678 4067,1678 4157,1672 4246,1666 4336,1672 4425,1672 4515,1672 4605,1678 4694,1678 4784,1678 4873,1678 4963,1678 5053,1678 5142,1678 5232,1678 5321,1678 5411,1678 5501,1684 5590,1690 5680,1690 5769,1684 5859,1684 5949,1696 5954,1690"/>
                <TextEquiv>
                    <Unicode>gar auf Endgültigkeit keinen Anspruch</Unicode>
                </TextEquiv>
            </TextLine>
            <TextLine id="tr_1_tl_9" custom="readingOrder {index:8;}">
                <Coords points="4249,2141 4344,2099 4439,2141 5040,2090 5298,2129 5417,2090 5503,2141 5527,1951 5082,1984 5026,1939 4943,1975 4658,1936 4522,1998 4448,1948 4249,1992"/>
                <Baseline points="4264,2096 4276,2096 4366,2096 4455,2078 4545,2066 4634,2060 4724,2054 4814,2054 4903,2060 4993,2054 5082,2060 5172,2060 5262,2066 5351,2066 5441,2066 5530,2072"/>
                <TextEquiv>
                    <Unicode>Der Geist im Wort</Unicode>
                </TextEquiv>
            </TextLine>
            <TextLine id="tr_1_tl_10" custom="readingOrder {index:9;}">
                <Coords points="4255,2277 4471,2256 4652,2301 4919,2227 5106,2292 5423,2239 5559,2289 5589,2161 5159,2099 4999,2150 4667,2105 4252,2141"/>
                <Baseline points="4270,2198 4360,2204 4449,2209 4539,2209 4628,2209 4718,2209 4808,2215 4897,2215 4987,2215 5076,2215 5166,2215 5256,2221 5345,2221 5435,2221 5524,2221 5596,2227"/>
                <TextEquiv>
                    <Unicode>Dieses Diogramm(wie auch</Unicode>
                </TextEquiv>
            </TextLine>
            <TextLine id="tr_1_tl_11" custom="readingOrder {index:10;}">
                <Coords points="3970,2431 5589,2422 5586,2313 5488,2295 3967,2277"/>
                <Baseline points="3983,2359 4073,2359 4163,2365 4252,2365 4342,2365 4431,2365 4521,2365 4611,2365 4700,2365 4790,2371 4879,2371 4969,2371 5059,2371 5148,2377 5238,2371 5327,2377 5417,2377 5507,2377 5596,2383"/>
                <TextEquiv>
                    <Unicode>stellt, wie man sieht, zwei gegen</Unicode>
                </TextEquiv>
            </TextLine>
            <TextLine id="tr_1_tl_12" custom="readingOrder {index:11;}">
                <Coords points="3955,2517 4542,2600 5808,2541 5808,2425 5497,2482 4987,2402 3955,2428"/>
                <Baseline points="3971,2514 4061,2514 4151,2520 4240,2514 4330,2520 4419,2526 4509,2520 4599,2526 4688,2526 4778,2520 4867,2526 4957,2532 5047,2526 5136,2532 5226,2532 5315,2532 5405,2526 5495,2526 5584,2532 5674,2532 5763,2538 5817,2538"/>
                <TextEquiv>
                    <Unicode>Dreiecke mit einer gemeinsamen Basi</Unicode>
                </TextEquiv>
            </TextLine>
            <TextLine id="tr_1_tl_13" custom="readingOrder {index:12;}">
                <Coords points="4261,2722 4934,2772 5340,2698 5877,2734 5877,2580 5595,2633 5073,2621 4928,2553 4261,2571"/>
                <Baseline points="4276,2663 4366,2675 4455,2675 4545,2675 4634,2675 4724,2681 4814,2675 4903,2681 4993,2675 5082,2681 5172,2681 5262,2681 5351,2681 5441,2687 5530,2687 5620,2687 5710,2687 5799,2687 5883,2687"/>
                <TextEquiv>
                    <Unicode>Das obere Dreieck hat die posite</Unicode>
                </TextEquiv>
            </TextLine>
            <TextLine id="tr_1_tl_14" custom="readingOrder {index:13;}">
                <Coords points="3979,2737 4032,2749 4053,2737 4089,2743 4095,2734 4172,2749 4210,2743 4204,2583 4184,2591 4157,2585 4112,2627 4089,2621 4035,2660 3979,2657"/>
                <Baseline points="3995,2717 4085,2717 4175,2723 4216,2717"/>
                <TextEquiv>
                    <Unicode>G.H.F.P.</Unicode>
                </TextEquiv>
            </TextLine>
            <TextLine id="tr_1_tl_15" custom="readingOrder {index:14;}">
                <Coords points="3967,2897 4895,2867 5186,2921 5462,2840 5835,2909 5862,2725 5340,2698 5144,2778 3967,2734"/>
                <Baseline points="3983,2837 4073,2831 4163,2831 4252,2831 4342,2831 4431,2831 4521,2831 4611,2831 4700,2837 4790,2837 4879,2837 4969,2837 5059,2837 5148,2837 5238,2843 5327,2837 5417,2837 5507,2837 5596,2843 5686,2843 5775,2849 5865,2849"/>
                <TextEquiv>
                    <Unicode>ins Göttliche, das untere die negative</Unicode>
                </TextEquiv>
            </TextLine>
            <TextLine id="tr_1_tl_16" custom="readingOrder {index:15;}">
                <Coords points="5290,2941 5343,2921 5361,2935 5453,2929 5559,2947 5553,2846 5491,2858 5450,2840 5381,2873 5352,2855 5316,2879 5284,2870"/>
                <Baseline points="5303,2908 5393,2914 5483,2920 5566,2926"/>
                <TextEquiv>
                    <Unicode>gebet</Unicode>
                </TextEquiv>
            </TextLine>
            <TextLine id="tr_1_tl_17" custom="readingOrder {index:16;}">
                <Coords points="3958,3054 6069,3075 6066,2929 5912,2882 5764,2944 3955,2894"/>
                <Baseline points="3971,2992 4061,2992 4151,2992 4240,2992 4330,2992 4419,2992 4509,2998 4599,2998 4688,3004 4778,3004 4867,2998 4957,3004 5047,3004 5136,2998 5226,3004 5315,3004 5405,2998 5495,3004 5584,3010 5674,3010 5763,3016 5853,3016 5943,3016 6032,3016 6074,3016"/>
                <TextEquiv>
                    <Unicode>ins Teuflische gerichtete xxxx des men</Unicode>
                </TextEquiv>
            </TextLine>
            <TextLine id="tr_1_tl_18" custom="readingOrder {index:17;}">
                <Coords points="3938,3199 5129,3149 5328,3247 5601,3181 6049,3211 6049,3078 5850,3048 5189,3104 5046,3042 3938,3057"/>
                <Baseline points="3954,3141 4043,3147 4133,3147 4222,3147 4312,3153 4402,3153 4491,3153 4581,3153 4670,3159 4760,3153 4849,3147 4939,3153 5029,3147 5118,3147 5208,3153 5297,3159 5387,3159 5477,3159 5566,3159 5656,3165 5745,3165 5835,3165 5925,3165 6014,3165 6056,3171"/>
                <TextEquiv>
                    <Unicode>lichen Geistesgabietes zu bedeuten, insow</Unicode>
                </TextEquiv>
            </TextLine>
            <TextLine id="tr_1_tl_19" custom="readingOrder {index:18;}">
                <Coords points="4735,3220 4901,3202 5147,3226 5165,3223 5162,3152 5129,3149 5094,3176 5014,3155 4981,3176 4955,3155 4925,3176 4830,3164 4794,3181 4777,3167 4732,3176"/>
                <Baseline points="4748,3207 4838,3201 4927,3201 5017,3207 5106,3213 5172,3213"/>
                <TextEquiv>
                    <Unicode>das Wort</Unicode>
                </TextEquiv>
            </TextLine>
            <TextLine id="tr_1_tl_20" custom="readingOrder {index:19;}">
                <Coords points="3923,3374 4682,3330 4919,3386 5115,3318 5980,3374 5960,3184 5574,3253 4507,3170 4382,3244 3920,3205"/>
                <Baseline points="3936,3297 4025,3303 4115,3303 4204,3303 4294,3303 4384,3303 4473,3303 4563,3303 4652,3303 4742,3303 4832,3308 4921,3314 5011,3314 5100,3314 5190,3314 5280,3314 5369,3314 5459,3314 5548,3314 5638,3320 5728,3320 5817,3320 5907,3326 5984,3326"/>
                <TextEquiv>
                    <Unicode>er sich durch xxx kund zugeben vermag.</Unicode>
                </TextEquiv>
            </TextLine>
            <TextLine id="tr_1_tl_21" custom="readingOrder {index:20;}">
                <Coords points="4278,3505 6084,3522 6081,3359 5266,3407 4276,3342"/>
                <Baseline points="4294,3458 4384,3458 4473,3458 4563,3458 4652,3464 4742,3464 4832,3464 4921,3464 5011,3464 5100,3464 5190,3464 5280,3464 5369,3464 5459,3470 5548,3470 5638,3470 5728,3470 5817,3470 5907,3470 5996,3476 6086,3476 6092,3476"/>
                <TextEquiv>
                    <Unicode>Die linke Seite des oberen Dreiecks</Unicode>
                </TextEquiv>
            </TextLine>
            <TextLine id="tr_1_tl_22" custom="readingOrder {index:21;}">
                <Coords points="3958,3502 3985,3499 4000,3516 4021,3508 4068,3531 4124,3502 4187,3496 4193,3389 4139,3404 4115,3398 4101,3380 4080,3395 4038,3365 3982,3386 3964,3383"/>
                <Baseline points="3977,3488 4019,3488 4109,3488 4198,3476"/>
                <TextEquiv>
                    <Unicode>nierung des</Unicode>
                </TextEquiv>
            </TextLine>
            <TextLine id="tr_1_tl_23" custom="readingOrder {index:22;}">
                <Coords points="3920,3662 6304,3680 6301,3505 6203,3481 5743,3561 5298,3478 4679,3558 3917,3511"/>
                <Baseline points="3936,3607 4025,3613 4115,3613 4204,3619 4294,3619 4384,3613 4473,3619 4563,3613 4652,3619 4742,3619 4832,3619 4921,3619 5011,3619 5100,3619 5190,3619 5280,3625 5369,3625 5459,3625 5548,3625 5638,3631 5728,3631 5817,3631 5907,3637 5996,3637 6086,3637 6175,3637 6265,3643 6307,3643"/>
                <TextEquiv>
                    <Unicode>steigt auf vom Priester über den Staatsmann,</Unicode>
                </TextEquiv>
            </TextLine>
            <TextLine id="tr_1_tl_24" custom="readingOrder {index:23;}">
                <Coords points="3914,3777 4531,3780 5159,3902 6194,3792 6194,3700 6016,3683 3914,3685"/>
                <Baseline points="3930,3756 4019,3762 4109,3768 4198,3768 4288,3768 4378,3768 4467,3768 4557,3768 4646,3768 4736,3774 4826,3774 4915,3774 5005,3774 5094,3780 5184,3780 5274,3780 5363,3780 5453,3780 5542,3786 5632,3786 5722,3786 5811,3780 5901,3786 5990,3786 6080,3786 6170,3780 6199,3780"/>
                <TextEquiv>
                    <Unicode>die rechte vom Philosphen über den Histori</Unicode>
                </TextEquiv>
            </TextLine>
        </TextRegion>
    </Page>
</PcGts>
