6760 4504
5848 739 6089 902 59 c
3835 872 6138 1183 möglichkeiten ist für die Stimmungen negati-
3844 1104 6201 1310 ver Art häufiger gegeben als für die positi-
3838 1252 5522 1500 ven (wie z.B. Heiterkeit u.s.w.)
4357 1382 6098 1596 Bei öfterer Wiederholung sind die
3859 1548 6059 1744 stimmungen von fast gleicher Bedeutung für
3856 1726 6050 1931 das Individuum als die fliessenden Seelen-
3865 1913 6174 2103 zustände, und sie haben in solchen Fällen die
3871 2079 6029 2278 Tandenz sich zu solchen Seelenzuständen zu
3871 2269 4535 2435 entwickeln.
4345 2323 6113 2553 Mit diesen flüchtigen Bemerkungen
3877 2526 6273 2692 sollte natürlich keine Systematik der Begabun-
3887 2664 6249 2888 gen und Seelenzustände auch nur versucht wer-
3890 2830 6116 3033 den.Worauf es hier ankam, das war nur durch
3893 3002 6201 3193 einzelne Beispiele die Beziehungen auf zuzei-
3935 3156 6222 3361 gen, die begrifflich und praktisch zwischen
3908 3262 6291 3537 den Geiste sverfassungen einerseits und den Be-
3914 3440 6304 3648 gabungen,Charakteranlagen,seelenzuständen an -
3920 3576 6346 3793 dererseits bestehen und immer wieder darauf
3911 3757 6038 4001 hinzudeuten, wie notwendig es scheint die
