6872 4376
4506 304 4695 480 d'une
3920 343 4288 535 Depuis
4066 395 4446 611 vite
5345 438 5643 620 Deux
4288 520 6339 744 Das absolut treffende Wort für die Ein-
1957 577 2173 760 19.
3966 738 6284 896 zeltypen zu finden erscheint im Diogramm der
3987 860 6236 1048 Tat schwieriger als im Diogramm des Wortes,
3953 1030 6354 1219 (weil eben das Gebiet der Tat ein so unendlich
3984 1173 6248 1404 viel reicheres ist,sich in Worten gar nicht
4032 1349 5005 1510 unschreiben lässt.
3990 1474 6208 1635 Der Literat verhält sich zum Dichter wie
3978 1601 6093 1790 der Hochstapler (Schwindler) zum Helden.
3990 1775 6397 1972 Die Nähe des Helden und Dichters, die Mähe zwi-
3984 1914 6318 2136 schen Schwindler und Literat ergibt dich von
3987 2127 4400 2279 selbst.
4042 2252 6308 2413 Die entsprechenden Typen  des Worts-und des
3987 2407 6251 2550 Tatdiogramms werden sich bewusst oder unbe-
3984 2534 6354 2720 wusst,absichtlich oder unabsich11ich in sym-
5959 2616 6518 2759 sprit bien
5734 2650 5895 2750 in
3993 2729 6308 2914 bolischem Sinne oft genaug auch ganz)konkret
3987 2847 6433 3075 die Hand reichen, denn was einander ergänzt muss
4035 2996 5409 3203 einander auch unterstützer
4549 3112 5473 3218 9.2 uwelkusti
3984 3142 6318 3379 Oft genug wird man zur Cham kterisierung des
4042 3334 6205 3476 Typus auf der Wortseite dendes Pypus aus der
3984 3479 6266 3671 Tatseite,besonders im negativen Dreieck, zur
