6835 4408
6247 422 6424 556 24
4306 488 6215 790 Der Unmensch,gesellig,aber isoliert.
4261 733 6561 1027 Der Isolierte ohne Zusammenhang; das Gestern
4278 945 5827 1142 ist tot, das Morgen ungeboren.
4269 1096 6467 1298 Für den Einsamen die Kontinuität der Zeit.
4264 1244 5753 1455 Alles hat Bezug aufeinander.
5910 1532 6458 1715 beduitierte
4232 1578 6352 1764 Fürden Unmenschen ist die Zeit sinnlos,
4289 1727 6455 1921 da es nur die Gegenwart gibt. Für den Men¬
4329 1895 6250 2075 schen ist der Raum bedeutungslos,da
4229 2058 6421 2249 nichts ihn beschränkt,da er eben ins Ewige
4215 2175 6355 2420 und Unendliche wirkt. Er hat nicht einmal
4198 2306 6304 2577 das Bedürfnis sich im Raume auszudehnen.
