6680 4456
4511 637 4749 788 G.F.P.
3817 688 6124 902 Die Leidenschaft des Denkens angeboren ist.
3840 872 6100 1023 im Sprachgebrauch bezeichnet oft Leute als
3907 862 4071 983 der
5379 932 5906 1033 to me, but it is a lot
3823 956 6060 1144 Philosophon, nicht weil sie geborene Denker
3810 1087 6178 1331 sind, sondern weil sie temperamentlos oder mit
3810 1238 6080 1492 Resignation Menschen,Dinge und Zustände be-
3830 1415 6147 1613 trachten ; eine Einstellung zur welt und zum
3820 1563 6100 1814 Leben, die an sich mit Philosophie nicht das
3823 1751 4933 1972 Geringste zu tun hat.
4266 1831 6225 2110 Dem Philosophon als Typus dieses Dia-
3864 2036 6087 2230 gramms ist keineswegs der Wunsch eigen zu
3833 2173 6184 2391 einer sogenannten „Abgeklärtheit“, sondern —s-
4075 2334 4722 2448 vor allem der
3874 2354 6114 2545 weit als möglich zu einer inneren Klarheit
3833 2525 6013 2693 zu gelangen; sein Drang ist es den Weg zur
3820 2680 6245 2844 Wahrheit zu finden, auch wenn er überzeugt ist,
3820 2827 5953 3018 dass das Ziel unerreichbar bleiben muss.
4293 2891 6238 3183 Dem Sophisten, dem negativen xxx Gegen-
3827 3116 6070 3317 typus des Philosophon ist das Denken nicht
3820 3297 6513 3491 Drang und Leidenschaft, sondern Spiel, das xxx forlich
3833 3421 6080 3625 wieder als solches zur Leidenschaft werden
3833 3552 6248 3793 kann. Er ist nicht apriori ein Feind der Wahr-
