6872 4488
4047 424 6107 816 Ch. erst oft aber mannach. Als ein
5512 525 6219 684 de 2 heures 3 ans
4657 628 5193 834 sind
3891 734 6140 1026 Cha rakteranlagen relativ unveränderlich, ob-
3905 852 6090 1164 owohl sie manchmal absolut unveränderlich
6075 937 6328 1152 was
4710 999 5945 1200 I durd k inbberk +. S. - C
3888 1126 5939 1335 Kerscheinen.    Seidewufe was verstört war,
3917 1179 6216 1483 Aber sie sind in jedem Falle entwicklungsfä-
3929 1350 6098 1624 hig, sind sowohl durch den Willen,wie auch
3953 1494 6057 1766 manchmal durch umstände zu beeinflussen.
4303 1606 6213 1916 Man kann gegen Charakteranlagen,wenn
3970 1780 6213 2075 mit zwar geringer doch einiger Aussicht auf
3979 1925 6266 2246 erfolg ankämpfen,besonders durch den Willen,
5061 2116 5347 2214 w w.
3991 2122 6219 2396 der allerdings auch an sich eine Charakter-
4003 2231 6331 2564 anlage vorstellt. Geistesverfassungen
6007 2385 6331 2579 no I am
4572 2426 5226 2576 him in a
4003 2438 6042 2700 doch entziehen sich jeder Bekämpfung. -
4014 2558 6187 2847 Die Begabungen sind wohl durchaus angebo-
4041 2723 6352 3048 ren, müssen aber keine swegs in jedem Fall zur
5058 2886 5403 2992 Vnkann
4044 2880 6169 3186 erscheinung kommen. Auch sie unterliegen
4044 3015 6255 3310 Entwicklungsgesetzen,können völlig verküm-
4056 3177 6431 3475 mern und zur höchsten Vollkommenheit ausgebik-
4088 3452 4698 3634 det werden.
4079 3466 6325 3958 (Wibles, tortst wittig, at Beis
4262 3670 6431 4000 Ce-t-ein gabis ist. - en vu doch gegen und
4309 3867 5756 4088 - in Holos, wie es Fried
