6680 4424
4547 730 5135 904 einander
4113 747 6166 1060 An den entsprechenden Punkten des obe-
3968 933 6236 1190 ren und des unteren Dreiecks sind einander
3950 993 6210 1361 immer diejenigen Geistestypen gegenüberge-
5176 1225 5358 1318 Gewid
3968 1196 6239 1518 stellt, zwischen denen solche Analogien, Wär-
3965 1399 6178 1677 wandteshaften.ÄdaanPfobkeiten äusserer und
4648 1474 6073 1657 es alopen von so einge & a cet
4003 1532 6317 1845 innerer Art bestehen,dass die Repräsentanten
3985 1683 6317 2019 der betreffenden Typen schxxnftxxndux
4011 1830 6201 2129 sich oft durch nichts
4011 1998 6267 2265 anderes als durch ihre Vorzeichen plus und
4032 2108 6250 2471 minus von einander unterscheiden, was frei-
4052 2355 6204 2612 lich genügt, um sie zu den vollkommensten
4040 2534 5242 2757 Gegensätzen zu machen.
1266 2679 1555 2859 G.C.H.F.P.
4394 2757 6328 3047 Die Grenzlinie, die das obere von dem
4101 2934 6224 3200 unteren Dreieck trennt, ist ideell unüber-
4092 3058 6325 3377 schreitbar. Jede Geistesverfassung als sol-
4834 3215 6372 3493 mit unveränderlich.Es gibt kei-
5048 3267 5222 3351 in me
4556 3284 4955 3392 intestled
4092 3371 4732 3507 ehe ist abs¬
4107 3400 6375 3641 ne „Uebergänge" von den positiven Typen zu
4124 3539 6409 3829 den negativen, vom Menschen, zum Un-Menschen.
