5272 4184
854 667 2374 810 Geistesverfassungen und Begabungen,
858 784 2366 900 auch wo gleiche Bezeichnung für beide ange¬
883 849 2259 1005 wendet wird, streng unterschieden werden.
948 912 2393 1091 Die spezifischen Begabungen sind wohl
877 1040 2393 1166 durchaus angeboren, müssen aber keineswegs
885 1107 2399 1277 in jedem Falle zur Entwicklung, ja, müssen nicht
891 1198 2391 1344 einmal zur Erscheinung kommen. Äußere Ein-
894 1290 2397 1447 flüsse, persönliche Schicksale können ihre Ver-
900 1393 2408 1535 kümmerung oder auch ihre Vervollkommnung
889 1479 2408 1619 zur Folge haben. Eine Geistesverfassune als
891 1537 2425 1737 solche kann weder verkümmern noch sich vervoll-
902 1712 1292 1831 kommnen.
973 1726 2402 1860 Gewisse Affinitäten zwischen bestimm-
912 1812 2414 1961 ten Geistesverfassungen und bestimm-
912 1909 2433 2057 ten Begabungen leuchten ohne weiteres ein,
914 1970 2422 2129 wiez.B.diezwischen einer spezifisch dichterischen
919 2087 2431 2246 Begabung und der dichterischen Geistesverfas-
925 2162 2443 2330 sung. Doch auch hier handelt es sich immer nur
931 2240 2448 2397 um Affinität, nicht um notwendige Beziehung
942 2351 2439 2490 oder gar um ldentität. Es kann gelegentlich ein
938 2420 2439 2571 sehr hohes Maß dichterischer Begabung vorlie-
961 2502 2458 2680 gen, ohne daß das betreffende Individuum als
938 2605 2450 2745 Repräsentant des Typus Dichter zu bezeichnen
956 2704 2452 2836 wäre, wie wir andererseits wieder echten Reprä-
954 2792 2456 2940 sentanten des Typus Dichter von geringer
948 2886 2265 3022 dichterischer Begabung begegnen.
1021 2920 2473 3117 So gibt es dichterisch höchst begabte
967 3031 2469 3203 Schriftsteller, die der Geistesverfassung
977 3144 2487 3293 nach nicht als Dichter, sondern als Historiker
990 3192 2502 3404 (Kontinualisten) zu bezeichnen wären; es gibt
2905 495 4419 648 auch dichterische Begabungen (besonders solche
2918 589 4409 753 mit vorwiegend psychologischer Einstellung), die
2920 669 4419 841 der Geistesverfassung nach dem lyp Natur-
2918 751 4430 938 forscher (siehe nächstes Diogramm) angehö-
2924 852 4440 1009 ren,und es gibt Dichter zuweilen hohen Rangs,
2924 937 4300 1099 die demrypus Prophet zuzuzählen sind.
2995 1019 4457 1175 Im negativen Gebiet sind die Affinitäten
2936 1095 4451 1258 zwischen bestimmten Geistesverfassungen
2947 1206 4447 1349 und den entsprechenden Begabungen deut-
2962 1267 4472 1433 licher und stärker ausgeprägt als im positiven
2951 1368 4474 1539 Gebiet. Es gibt z. B. Repräsentanten des Typus
2953 1443 4463 1617 Staatsmann mit mäßiger staatsmännischer, —
2961 1529 4467 1703 Repräsentanten des Typus Politiker mit hoher
2966 1625 4493 1797 politischer Begabung. Und so kann es geschehen,
2972 1716 4493 1871 daß der hochbegabte Politiker für einen großen
2983 1800 4493 1963 Staatsmann, der mäßig begabte Staatsmann für
2983 1890 4312 2057 einen schwachen Politiker gehalten wird.
3048 1972 4493 2143 Jede Art von Begabung kann sich sowohl
2978 2057 4488 2219 bei den Typen des positiven als des negati¬
2991 2198 3681 2318 ven Gebietes finden.
3062 2255 4514 2408 Die individuelle geistige Leistung
3001 2336 4522 2509 wird im allgemeinen um so erheblicher sein, eine
3008 2425 4509 2578 je ausgeprägtere Affinität zwischen der ange-
3003 2492 4524 2651 borenen Geistesverfassung und der spezifischen
3014 2592 4528 2754 Begabung besteht und je höher diese spezifische
3022 2708 3822 2852 Begabung entwickelt ist.
3102 2752 4533 2918 Es braucht nicht erst darauf hingewiesen zu
3027 2850 4547 3022 werden, daß eine ganze Reihe von Begabungen,
3031 2941 4535 3121 z. B. die musikalische, innerhalb dieser Ausfüh-
3029 3018 4560 3236 rungen keinen Platz finden, die sich nur mit
