<?xml version="1.0" encoding="UTF-8" standalone="yes"?>
<PcGts xmlns="http://schema.primaresearch.org/PAGE/gts/pagecontent/2013-07-15" xmlns:xsi="http://www.w3.org/2001/XMLSchema-instance" xsi:schemaLocation="http://schema.primaresearch.org/PAGE/gts/pagecontent/2013-07-15 http://schema.primaresearch.org/PAGE/gts/pagecontent/2013-07-15/pagecontent.xsd">
    <Metadata>
        <Creator>prov=READ-COOP:name=TrHtr:version=2.1.0:model_id=51170:date=28_07_2023_08:52</Creator>
        <Created>2023-05-10T11:17:32.744+02:00</Created>
        <LastChange>2023-07-28T08:52:19.263+02:00</LastChange>
        <TranskribusMetadata docId="1428141" pageId="55386162" pageNr="211" tsid="131327256" status="IN_PROGRESS" userId="64420" imgUrl="https://files.transkribus.eu/Get?id=KKVILOZTGJOQQXBZBVNPYXLC&amp;fileType=view" xmlUrl="https://files.transkribus.eu/Get?id=EEIOSJEVEZAEBUKBIEEHIWXA" imageId="44661061"/>
    </Metadata>
    <Page imageFilename="1428141_0211.jpg" imageWidth="6680" imageHeight="4504">
        <ReadingOrder>
            <OrderedGroup id="ro_1711823042132" caption="Regions reading order">
                <RegionRefIndexed index="0" regionRef="tr_1"/>
            </OrderedGroup>
        </ReadingOrder>
        <TextRegion id="tr_1" custom="readingOrder {index:0;}">
            <Coords points="3948,953 6337,953 6337,3976 3948,3976"/>
            <TextLine id="tr_1_tl_1" custom="readingOrder {index:0;}">
                <Coords points="3931,1056 6152,1017 6072,861 4750,935 3933,884"/>
                <Baseline points="3948,1039 4008,1033 4097,1033 4187,1033 4277,1027 4366,1027 4456,1027 4545,1021 4635,1021 4725,1015 4814,1015 4904,1021 4993,1015 5083,1015 5173,1015 5262,1015 5352,1015 5441,1015 5531,1015 5621,1015 5710,1015 5800,1003 5889,1003 5979,1003 6069,1003 6158,1003"/>
                <TextEquiv>
                    <Unicode>zweiflerisch oder skeptisch angelegt sind,</Unicode>
                </TextEquiv>
            </TextLine>
            <TextLine id="tr_1_tl_2" custom="readingOrder {index:1;}">
                <Coords points="3936,1210 6184,1213 6305,1156 6308,1035 3936,1106"/>
                <Baseline points="3954,1188 3984,1182 4073,1182 4163,1182 4253,1182 4342,1182 4432,1182 4521,1182 4611,1182 4701,1182 4790,1182 4880,1182 4969,1176 5059,1176 5149,1176 5238,1170 5328,1170 5417,1170 5507,1170 5597,1164 5686,1164 5776,1158 5865,1158 5955,1158 6045,1158 6134,1152 6224,1146 6313,1146"/>
                <TextEquiv>
                    <Unicode>ebensowenig an gläubig angelegten Philosophon</Unicode>
                </TextEquiv>
            </TextLine>
            <TextLine id="tr_1_tl_3" custom="readingOrder {index:2;}">
                <Coords points="3936,1372 4093,1355 4173,1408 4427,1411 4510,1369 4738,1346 4812,1381 4838,1210 4785,1195 4714,1245 4599,1251 4374,1218 4185,1272 4108,1239 3936,1289"/>
                <Baseline points="3954,1350 4038,1344 4127,1338 4217,1338 4306,1332 4396,1332 4486,1338 4575,1332 4665,1332 4754,1326 4844,1332"/>
                <TextEquiv>
                    <Unicode>und Historikern.</Unicode>
                </TextEquiv>
            </TextLine>
            <TextLine id="tr_1_tl_4" custom="readingOrder {index:3;}">
                <Coords points="4285,1650 6223,1656 6223,1458 4288,1579"/>
                <Baseline points="4306,1630 4348,1630 4438,1630 4527,1636 4617,1630 4707,1630 4796,1630 4886,1630 4975,1630 5065,1630 5155,1624 5244,1624 5334,1624 5423,1624 5513,1624 5603,1618 5692,1618 5782,1618 5871,1618 5961,1612 6051,1612 6140,1606 6230,1600"/>
                <TextEquiv>
                    <Unicode>Der Priester will Andacht, der Pfaffe</Unicode>
                </TextEquiv>
            </TextLine>
            <TextLine id="tr_1_tl_5" custom="readingOrder {index:4;}">
                <Coords points="3936,1857 5882,1777 6226,1866 6228,1656 5909,1618 3939,1701"/>
                <Baseline points="3954,1809 3996,1803 4085,1798 4175,1798 4265,1792 4354,1792 4444,1792 4533,1792 4623,1792 4713,1786 4802,1786 4892,1786 4981,1786 5071,1786 5161,1780 5250,1780 5340,1774 5429,1774 5519,1774 5609,1774 5698,1774 5788,1774 5877,1768 5967,1774 6057,1768 6146,1762 6236,1762"/>
                <TextEquiv>
                    <Unicode>unterwerfung, der Staatsmann Entwicklung, der</Unicode>
                </TextEquiv>
            </TextLine>
            <TextLine id="tr_1_tl_6" custom="readingOrder {index:5;}">
                <Coords points="3957,2017 4673,1943 5137,2017 6078,1970 6299,1937 6302,1825 5060,1783 4587,1878 3957,1860"/>
                <Baseline points="3972,1947 3978,1947 4067,1947 4157,1947 4247,1941 4336,1941 4426,1947 4515,1941 4605,1941 4695,1941 4784,1941 4874,1941 4963,1941 5053,1941 5143,1941 5232,1935 5322,1935 5411,1941 5501,1935 5591,1935 5680,1935 5770,1929 5859,1929 5949,1923 6039,1923 6128,1917 6218,1917 6307,1911"/>
                <TextEquiv>
                    <Unicode>Politiker Parteisieg (gleichgültig im Einzel-</Unicode>
                </TextEquiv>
            </TextLine>
            <TextLine id="tr_1_tl_7" custom="readingOrder {index:6;}">
                <Coords points="3945,2132 6024,2121 6024,2002 5741,1961 5170,2035 3948,2014"/>
                <Baseline points="3966,2102 3972,2102 4061,2102 4151,2108 4241,2108 4330,2102 4420,2102 4509,2102 4599,2096 4689,2096 4778,2096 4868,2090 4957,2090 5047,2096 5137,2090 5226,2090 5316,2090 5405,2084 5495,2084 5585,2084 5674,2084 5764,2084 5854,2078 5943,2078 6033,2072"/>
                <TextEquiv>
                    <Unicode>fall,ob es Fortschritt oder Rückschrit</Unicode>
                </TextEquiv>
            </TextLine>
            <TextLine id="tr_1_tl_8" custom="readingOrder {index:7;}">
                <Coords points="3960,2295 4007,2298 4046,2271 4093,2292 4111,2283 4253,2301 4247,2183 4191,2192 4155,2159 4135,2156 4064,2200 3999,2168 3984,2180 3954,2177"/>
                <Baseline points="3972,2257 4061,2257 4151,2263 4241,2269 4253,2263"/>
                <TextEquiv>
                    <Unicode>sei).</Unicode>
                </TextEquiv>
            </TextLine>
            <TextLine id="tr_1_tl_9" custom="readingOrder {index:8;}">
                <Coords points="4303,2467 4765,2401 6169,2437 6169,2339 6019,2292 5525,2319 5229,2227 4954,2313 4303,2280"/>
                <Baseline points="4318,2407 4384,2407 4474,2407 4563,2413 4653,2407 4742,2407 4832,2407 4922,2407 5011,2401 5101,2401 5190,2401 5280,2401 5370,2401 5459,2395 5549,2395 5638,2395 5728,2389 5818,2389 5907,2389 5997,2395 6086,2395 6176,2395"/>
                <TextEquiv>
                    <Unicode>Der Philosoph sucht höhere Ordnung,</Unicode>
                </TextEquiv>
            </TextLine>
            <TextLine id="tr_1_tl_10" custom="readingOrder {index:9;}">
                <Coords points="3948,2582 4478,2653 6211,2573 6297,2564 6299,2401 5971,2481 4762,2407 3948,2493"/>
                <Baseline points="3966,2574 3972,2568 4061,2568 4151,2568 4241,2568 4330,2568 4420,2562 4509,2568 4599,2562 4689,2562 4778,2562 4868,2556 4957,2562 5047,2562 5137,2562 5226,2556 5316,2556 5405,2550 5495,2550 5585,2550 5674,2544 5764,2544 5854,2544 5943,2544 6033,2544 6122,2538 6212,2538 6302,2544"/>
                <TextEquiv>
                    <Unicode>der Sophist Gedankenspiel. Der Historiker Ein-</Unicode>
                </TextEquiv>
            </TextLine>
            <TextLine id="tr_1_tl_11" custom="readingOrder {index:10;}">
                <Coords points="3931,2753 5735,2780 6252,2715 6252,2611 5072,2653 4806,2582 3931,2665"/>
                <Baseline points="3948,2729 4020,2729 4109,2729 4199,2723 4288,2723 4378,2723 4468,2717 4557,2717 4647,2717 4736,2717 4826,2717 4916,2717 5005,2717 5095,2717 5184,2717 5274,2711 5364,2711 5453,2711 5543,2705 5632,2700 5722,2700 5812,2700 5901,2700 5991,2705 6080,2700 6170,2700 6260,2700"/>
                <TextEquiv>
                    <Unicode>sicht und Zusammenhang, der Journalist Tempo</Unicode>
                </TextEquiv>
            </TextLine>
            <TextLine id="tr_1_tl_12" custom="readingOrder {index:11;}">
                <Coords points="3942,2925 6116,2907 6140,2721 5903,2807 5433,2739 5276,2810 3945,2818"/>
                <Baseline points="3960,2885 3996,2885 4085,2879 4175,2879 4265,2879 4354,2879 4444,2879 4533,2873 4623,2873 4713,2873 4802,2873 4892,2873 4981,2873 5071,2867 5161,2867 5250,2867 5340,2867 5429,2861 5519,2855 5609,2861 5698,2861 5788,2861 5877,2861 5967,2855 6057,2855 6146,2861"/>
                <TextEquiv>
                    <Unicode>und Verwirrung, der Dichter Gestaltung und</Unicode>
                </TextEquiv>
            </TextLine>
            <TextLine id="tr_1_tl_13" custom="readingOrder {index:12;}">
                <Coords points="3957,3061 4513,3111 5072,3026 5332,3094 5865,3043 5865,2943 5670,2889 5338,2963 3957,2934"/>
                <Baseline points="3972,3034 3990,3034 4079,3034 4169,3040 4259,3034 4348,3034 4438,3034 4527,3034 4617,3028 4707,3028 4796,3028 4886,3028 4975,3022 5065,3022 5155,3022 5244,3016 5334,3022 5423,3016 5513,3016 5603,3010 5692,3010 5782,3016 5871,3016"/>
                <TextEquiv>
                    <Unicode>Form, der Literat Figur undornament.</Unicode>
                </TextEquiv>
            </TextLine>
            <TextLine id="tr_1_tl_14" custom="readingOrder {index:13;}">
                <Coords points="4410,3271 4948,3200 5125,3250 5315,3182 5463,3182 5551,3253 5729,3182 6007,3238 6095,3221 6095,3088 5412,3043 5329,3094 4883,3049 4697,3123 4410,3091"/>
                <Baseline points="4426,3177 4492,3183 4581,3183 4671,3183 4760,3183 4850,3177 4940,3183 5029,3177 5119,3177 5208,3171 5298,3171 5388,3171 5477,3171 5567,3177 5656,3171 5746,3165 5836,3165 5925,3165 6015,3165 6104,3159"/>
                <TextEquiv>
                    <Unicode>Es ist nicht zufällig innerhalb</Unicode>
                </TextEquiv>
            </TextLine>
            <TextLine id="tr_1_tl_15" custom="readingOrder {index:14;}">
                <Coords points="3963,3383 6234,3339 6169,3191 5329,3274 4948,3197 3966,3259"/>
                <Baseline points="3978,3345 4002,3345 4091,3345 4181,3345 4271,3345 4360,3351 4450,3339 4539,3339 4629,3339 4719,3339 4808,3339 4898,3333 4987,3333 5077,3333 5167,3327 5256,3327 5346,3327 5435,3327 5525,3327 5615,3327 5704,3327 5794,3327 5883,3321 5973,3321 6063,3321 6152,3327 6242,3327"/>
                <TextEquiv>
                    <Unicode>des Diogramms, dass Priester und Philosoph,</Unicode>
                </TextEquiv>
            </TextLine>
            <TextLine id="tr_1_tl_16" custom="readingOrder {index:15;}">
                <Coords points="3963,3537 6282,3511 6285,3392 5214,3434 4942,3360 3966,3445"/>
                <Baseline points="3978,3506 4050,3500 4139,3500 4229,3506 4318,3500 4408,3500 4498,3500 4587,3494 4677,3494 4766,3494 4856,3494 4946,3488 5035,3488 5125,3488 5214,3488 5304,3488 5394,3482 5483,3482 5573,3482 5662,3482 5752,3482 5842,3476 5931,3476 6021,3476 6110,3470 6200,3470 6290,3470"/>
                <TextEquiv>
                    <Unicode>wenn auch in der gleichen Ebene, am weitesten</Unicode>
                </TextEquiv>
            </TextLine>
            <TextLine id="tr_1_tl_17" custom="readingOrder {index:16;}">
                <Coords points="3957,3682 6288,3670 6317,3531 3960,3590"/>
                <Baseline points="3972,3649 3996,3649 4085,3655 4175,3655 4265,3655 4354,3649 4444,3649 4533,3649 4623,3649 4713,3643 4802,3643 4892,3643 4981,3643 5071,3643 5161,3643 5250,3643 5340,3637 5429,3637 5519,3637 5609,3637 5698,3637 5788,3631 5877,3631 5967,3631 6057,3625 6146,3625 6236,3625 6325,3613"/>
                <TextEquiv>
                    <Unicode>von einander entfernt, Staatsmann und Histori-</Unicode>
                </TextEquiv>
            </TextLine>
            <TextLine id="tr_1_tl_18" custom="readingOrder {index:17;}">
                <Coords points="3957,3886 4362,3806 6240,3848 6329,3836 6332,3706 6013,3626 5282,3647 5072,3738 3957,3706"/>
                <Baseline points="3972,3811 4008,3811 4097,3811 4187,3811 4277,3805 4366,3805 4456,3805 4545,3799 4635,3799 4725,3799 4814,3799 4904,3799 4993,3799 5083,3793 5173,3799 5262,3799 5352,3793 5441,3793 5531,3787 5621,3787 5710,3787 5800,3781 5889,3781 5979,3787 6069,3781 6158,3775 6248,3775 6337,3781"/>
                <TextEquiv>
                    <Unicode>ker, auch ihrerseits auf gleicher Ebene, einan¬</Unicode>
                </TextEquiv>
            </TextLine>
            <TextLine id="tr_1_tl_19" custom="readingOrder {index:18;}">
                <Coords points="3957,4046 4575,3975 4868,4043 5028,3963 5945,4061 6202,4019 6205,3857 5773,3792 5412,3889 4824,3827 3960,3898"/>
                <Baseline points="3972,3966 4055,3966 4145,3966 4235,3966 4324,3960 4414,3960 4504,3960 4593,3960 4683,3960 4772,3960 4862,3960 4952,3960 5041,3954 5131,3954 5220,3954 5310,3954 5400,3948 5489,3942 5579,3942 5668,3942 5758,3942 5848,3942 5937,3942 6027,3942 6116,3942 6206,3942"/>
                <TextEquiv>
                    <Unicode>der näher sind als Priester und Philosoph.</Unicode>
                </TextEquiv>
            </TextLine>
        </TextRegion>
    </Page>
</PcGts>
