6808 4392
6268 287 6516 522 E 3
3794 272 4215 591 sinte.
4170 469 6277 719 Irrtümer in der Feststellung,welchemblich
4051 657 6337 836 der Geistesverfassung irgend ein Individuum
4060 860 6400 1036 repräsentiert, können ausser durch die Berufs-
4030 943 6415 1203 wahl auch durch die spezifizität der Begabung
4045 1098 4785 1301 erzeugt werden
4785 1134 6424 1367 „insbesondere in Fällen.wo dich-
4027 1340 6286 1534 terische Begabung vorliegt, sind solche Irr-
4027 1442 5155 1692 tümer leicht möglich.
4331 1606 6331 1830 Es gibt z.B. Historiker (in unserem
4009 1776 6376 2000 einn: Kontinuitätsbewusste Zusammenhangsucher
4003 1916 6358 2128 Geschichtsfühler) von stu rker dichterischer Be
3979 2122 6379 2284 gabung nicht nur unter den Verfassern sogenam
3979 2221 6200 2487 ter historischer Romane, sondern auch unter
3967 2370 6251 2636 den Verfassern von Gegenwartswerken.daxxxx
3964 2528 6310 2743 Geistenaufassung Ebenso gibt es starke dich-
3961 2704 6301 2931 terische, nicht nur schriftstellerische Talen-
3964 2892 6304 3075 te unter Individuen, die dem Tyrn Naturforscher
3946 2988 6107 3254 (mit vorwiegend psychologisch gerichteter
3925 3164 5176 3421 Einstellung) angehören.
4209 3791 5057 3994 Cete ein gebi er
4325 3845 5683 4078 an Holz wie in Fried
