<?xml version="1.0" encoding="UTF-8" standalone="yes"?>
<PcGts xmlns="http://schema.primaresearch.org/PAGE/gts/pagecontent/2013-07-15" xmlns:xsi="http://www.w3.org/2001/XMLSchema-instance" xsi:schemaLocation="http://schema.primaresearch.org/PAGE/gts/pagecontent/2013-07-15 http://schema.primaresearch.org/PAGE/gts/pagecontent/2013-07-15/pagecontent.xsd">
    <Metadata>
        <Creator>prov=READ-COOP:name=TrHtr:version=2.1.0:model_id=51170:date=28_07_2023_08:52</Creator>
        <Created>2023-05-10T11:17:25.479+02:00</Created>
        <LastChange>2023-07-28T08:52:05.422+02:00</LastChange>
        <TranskribusMetadata docId="1428141" pageId="55385922" pageNr="162" tsid="131327196" status="IN_PROGRESS" userId="64420" imgUrl="https://files.transkribus.eu/Get?id=URAOOVOFHGFYEMVGTYHEJNRG&amp;fileType=view" xmlUrl="https://files.transkribus.eu/Get?id=HYWUCDIIEDJQOHFQIRDCMXFI" imageId="44660820"/>
    </Metadata>
    <Page imageFilename="1428141_0162.jpg" imageWidth="6888" imageHeight="4392">
        <ReadingOrder>
            <OrderedGroup id="ro_1711822955256" caption="Regions reading order">
                <RegionRefIndexed index="0" regionRef="tr_1"/>
            </OrderedGroup>
        </ReadingOrder>
        <TextRegion id="tr_1" custom="readingOrder {index:0;}">
            <Coords points="3980,337 6420,337 6420,4085 3980,4085"/>
            <TextLine id="tr_1_tl_1" custom="readingOrder {index:0;}">
                <Coords points="5982,422 6026,434 6071,410 6088,419 6106,410 6115,416 6145,413 6145,309 6127,309 6121,300 6103,309 6083,300 6068,309 6035,288 6002,306 5985,306"/>
                <Baseline points="5997,393 6086,387 6152,393"/>
                <TextEquiv>
                    <Unicode>28</Unicode>
                </TextEquiv>
            </TextLine>
            <TextLine id="tr_1_tl_2" custom="readingOrder {index:1;}">
                <Coords points="3965,713 5239,609 6201,636 6204,502 5693,532 5578,466 4728,582 3971,514"/>
                <Baseline points="3980,656 4063,650 4153,650 4242,644 4332,644 4421,638 4511,638 4600,632 4690,626 4779,626 4869,626 4958,626 5048,614 5137,614 5227,608 5316,608 5406,608 5495,608 5585,608 5674,602 5764,596 5854,590 5943,584 6033,584 6122,578 6212,578"/>
                <TextEquiv>
                    <Unicode>Es gibt gewisse Cha rakteranlagen, von denen</Unicode>
                </TextEquiv>
            </TextLine>
            <TextLine id="tr_1_tl_3" custom="readingOrder {index:2;}">
                <Coords points="3974,835 5845,787 6237,742 6243,633 5836,603 4847,728 4458,659 3977,740"/>
                <Baseline points="3992,799 4010,793 4099,799 4189,799 4278,793 4368,793 4457,787 4547,787 4636,781 4726,781 4815,775 4905,775 4994,775 5084,769 5173,769 5263,763 5352,757 5442,757 5531,757 5621,751 5710,751 5800,751 5889,751 5979,739 6068,739 6158,733 6247,733"/>
                <TextEquiv>
                    <Unicode>wir a priori anzunehmen wünschten,,dass sie</Unicode>
                </TextEquiv>
            </TextLine>
            <TextLine id="tr_1_tl_4" custom="readingOrder {index:3;}">
                <Coords points="3977,1004 6189,930 6192,790 3980,894"/>
                <Baseline points="3992,948 4045,948 4135,948 4224,948 4314,948 4403,942 4493,936 4582,936 4672,936 4761,930 4851,924 4941,924 5030,924 5120,918 5209,918 5299,913 5388,913 5478,913 5567,907 5657,901 5746,901 5836,901 5925,895 6015,895 6104,889 6194,895"/>
                <TextEquiv>
                    <Unicode>ausschliesslich auf der positiven oder auf</Unicode>
                </TextEquiv>
            </TextLine>
            <TextLine id="tr_1_tl_5" custom="readingOrder {index:4;}">
                <Coords points="3977,1143 5937,1108 6192,1057 6195,918 3980,1031"/>
                <Baseline points="3992,1103 4051,1103 4141,1103 4230,1098 4320,1098 4409,1098 4499,1092 4588,1092 4678,1086 4767,1086 4857,1080 4946,1080 5036,1080 5125,1074 5215,1074 5305,1068 5394,1068 5484,1068 5573,1062 5663,1062 5752,1062 5842,1056 5931,1050 6021,1044 6110,1044 6200,1038"/>
                <TextEquiv>
                    <Unicode>der negativen Seite unseres Diogramms sich</Unicode>
                </TextEquiv>
            </TextLine>
            <TextLine id="tr_1_tl_6" custom="readingOrder {index:5;}">
                <Coords points="3971,1277 4262,1334 4503,1259 6005,1262 6154,1244 6157,1138 5569,1099 4280,1200 3977,1140"/>
                <Baseline points="3986,1259 4010,1259 4099,1259 4189,1259 4278,1253 4368,1253 4457,1253 4547,1247 4636,1241 4726,1241 4815,1235 4905,1235 4994,1229 5084,1229 5173,1223 5263,1223 5352,1223 5442,1217 5531,1217 5621,1211 5710,1211 5800,1205 5889,1199 5979,1199 6068,1199 6158,1199"/>
                <TextEquiv>
                    <Unicode>fänden, dass also (ebenso wie Wahrheit nur</Unicode>
                </TextEquiv>
            </TextLine>
            <TextLine id="tr_1_tl_7" custom="readingOrder {index:6;}">
                <Coords points="3986,1458 6231,1387 6320,1286 3989,1336"/>
                <Baseline points="4004,1414 4087,1414 4177,1408 4266,1408 4356,1408 4445,1402 4535,1396 4624,1396 4714,1390 4803,1390 4893,1390 4982,1384 5072,1384 5161,1378 5251,1372 5340,1372 5430,1372 5519,1372 5609,1372 5698,1366 5788,1366 5877,1360 5967,1354 6056,1354 6146,1348 6235,1348 6325,1354"/>
                <TextEquiv>
                    <Unicode>auf der positiven,Lüge sich nur auf der nega</Unicode>
                </TextEquiv>
            </TextLine>
            <TextLine id="tr_1_tl_8" custom="readingOrder {index:7;}">
                <Coords points="4007,1595 4500,1651 4811,1550 6175,1562 6314,1449 4010,1473"/>
                <Baseline points="4022,1569 4081,1563 4171,1563 4260,1557 4350,1557 4439,1557 4529,1551 4618,1551 4708,1545 4797,1545 4887,1539 4976,1539 5066,1533 5155,1533 5245,1533 5334,1527 5424,1527 5513,1521 5603,1521 5692,1515 5782,1515 5871,1515 5961,1509 6050,1509 6140,1509 6229,1503 6319,1491"/>
                <TextEquiv>
                    <Unicode>tiven Seite findet) Güte sich nur auf der po¬</Unicode>
                </TextEquiv>
            </TextLine>
            <TextLine id="tr_1_tl_9" custom="readingOrder {index:8;}">
                <Coords points="4001,1732 6109,1755 6261,1714 6267,1565 4001,1651"/>
                <Baseline points="4016,1718 4033,1718 4123,1718 4212,1712 4302,1712 4392,1712 4481,1706 4571,1706 4660,1700 4750,1700 4839,1694 4929,1694 5018,1688 5108,1688 5197,1688 5287,1682 5376,1682 5466,1682 5555,1676 5645,1670 5734,1670 5824,1664 5913,1664 6003,1664 6092,1658 6182,1658 6271,1658"/>
                <TextEquiv>
                    <Unicode>sitiven Seite,Grausamkeit nur auf der ngati</Unicode>
                </TextEquiv>
            </TextLine>
            <TextLine id="tr_1_tl_10" custom="readingOrder {index:9;}">
                <Coords points="4010,1877 4152,1939 4538,1865 4906,1907 5349,1838 5619,1862 5560,1770 5334,1794 5198,1734 5111,1782 4903,1734 4800,1803 4443,1767 4012,1818"/>
                <Baseline points="4027,1873 4105,1873 4195,1867 4284,1867 4374,1867 4463,1861 4553,1861 4642,1855 4732,1855 4821,1849 4911,1849 5000,1843 5090,1843 5179,1843 5269,1837 5358,1837 5448,1831 5537,1831 5627,1831"/>
                <TextEquiv>
                    <Unicode>ven Seite zur Erscheinung käme.</Unicode>
                </TextEquiv>
            </TextLine>
            <TextLine id="tr_1_tl_11" custom="readingOrder {index:10;}">
                <Coords points="3998,2067 6032,2020 6213,1993 6216,1910 6041,1815 5337,1939 4001,1957"/>
                <Baseline points="4016,2028 4075,2028 4165,2022 4254,2022 4344,2022 4433,2016 4523,2016 4612,2011 4702,2011 4791,2005 4881,2005 4970,2005 5060,1999 5149,1993 5239,1999 5328,1993 5418,1993 5507,1987 5597,1987 5686,1981 5776,1975 5865,1975 5955,1975 6044,1969 6134,1963 6223,1963"/>
                <TextEquiv>
                    <Unicode>Dies ist keineswegs der Fall. Mixtönnenxx</Unicode>
                </TextEquiv>
            </TextLine>
            <TextLine id="tr_1_tl_12" custom="readingOrder {index:11;}">
                <Coords points="4039,2201 5946,2132 6178,2186 6184,1987 5898,2061 4042,2115"/>
                <Baseline points="4057,2184 4129,2178 4218,2178 4308,2178 4397,2172 4487,2166 4576,2160 4666,2160 4756,2160 4845,2160 4935,2154 5024,2154 5114,2148 5203,2148 5293,2142 5382,2136 5472,2136 5561,2130 5651,2130 5740,2130 5830,2130 5919,2124 6009,2124 6098,2118 6188,2118"/>
                <TextEquiv>
                    <Unicode>Härte und Grausamkeit können auch dem Re</Unicode>
                </TextEquiv>
            </TextLine>
            <TextLine id="tr_1_tl_13" custom="readingOrder {index:12;}">
                <Coords points="5227,2222 5322,2239 5402,2216 5456,2239 5524,2204 5548,2219 5702,2210 5702,2174 5631,2171 5575,2141 5557,2156 5486,2144 5394,2156 5334,2192 5287,2156 5227,2171"/>
                <Baseline points="5245,2213 5263,2213 5352,2213 5442,2201 5531,2196 5621,2201 5710,2196"/>
                <TextEquiv>
                    <Unicode>hail Hals in</Unicode>
                </TextEquiv>
            </TextLine>
            <TextLine id="tr_1_tl_14" custom="readingOrder {index:13;}">
                <Coords points="4004,2370 5275,2302 5610,2358 6219,2305 6222,2219 4696,2207 4007,2287"/>
                <Baseline points="4022,2345 4081,2339 4171,2333 4260,2327 4350,2327 4439,2321 4529,2321 4618,2321 4708,2315 4797,2309 4887,2309 4976,2309 5066,2303 5155,2303 5245,2297 5334,2297 5424,2291 5513,2291 5603,2291 5692,2285 5782,2285 5871,2279 5961,2279 6050,2273 6140,2273 6229,2273"/>
                <TextEquiv>
                    <Unicode>präsentanten eines positivenrypus zukommen</Unicode>
                </TextEquiv>
            </TextLine>
            <TextLine id="tr_1_tl_15" custom="readingOrder {index:14;}">
                <Coords points="3995,2510 6207,2492 6213,2326 3998,2412"/>
                <Baseline points="4010,2488 4069,2488 4159,2482 4248,2482 4338,2476 4427,2476 4517,2470 4606,2470 4696,2464 4785,2464 4875,2464 4964,2458 5054,2452 5143,2452 5233,2452 5322,2446 5412,2446 5501,2440 5591,2440 5680,2440 5770,2434 5859,2428 5949,2428 6039,2428 6128,2422 6218,2422"/>
                <TextEquiv>
                    <Unicode>Absoluto Güte allerdings wird sich niemals</Unicode>
                </TextEquiv>
            </TextLine>
            <TextLine id="tr_1_tl_16" custom="readingOrder {index:15;}">
                <Coords points="4007,2655 6130,2649 6299,2608 6302,2495 4007,2599"/>
                <Baseline points="4022,2643 4069,2637 4159,2637 4248,2631 4338,2631 4427,2631 4517,2625 4606,2625 4696,2619 4785,2613 4875,2613 4964,2613 5054,2607 5143,2607 5233,2601 5322,2601 5412,2595 5501,2595 5591,2595 5680,2589 5770,2589 5859,2589 5949,2583 6039,2583 6128,2577 6218,2577 6307,2595"/>
                <TextEquiv>
                    <Unicode>auf der negativen Seite finden, nur Gutmütig</Unicode>
                </TextEquiv>
            </TextLine>
            <TextLine id="tr_1_tl_17" custom="readingOrder {index:16;}">
                <Coords points="4007,2830 6189,2792 6368,2738 6371,2658 5732,2605 5233,2723 4010,2700"/>
                <Baseline points="4022,2792 4045,2792 4135,2792 4224,2792 4314,2786 4403,2786 4493,2780 4582,2780 4672,2774 4761,2774 4851,2774 4941,2762 5030,2762 5120,2756 5209,2756 5299,2750 5388,2750 5478,2750 5567,2750 5657,2745 5746,2739 5836,2739 5925,2739 6015,2733 6104,2733 6194,2733 6283,2733 6373,2733"/>
                <TextEquiv>
                    <Unicode>keit (ihre rudimentäre oder entaprtete Form).</Unicode>
                </TextEquiv>
            </TextLine>
            <TextLine id="tr_1_tl_18" custom="readingOrder {index:17;}">
                <Coords points="4007,2985 5958,2940 6317,2905 6320,2813 4010,2875"/>
                <Baseline points="4022,2947 4087,2941 4177,2941 4266,2941 4356,2935 4445,2935 4535,2929 4624,2929 4714,2929 4803,2924 4893,2918 4982,2918 5072,2918 5161,2912 5251,2912 5340,2906 5430,2906 5519,2900 5609,2900 5698,2894 5788,2894 5877,2888 5967,2888 6056,2882 6146,2882 6235,2882 6325,2888"/>
                <TextEquiv>
                    <Unicode>Ebenso möchte man glauben,dass der Seelenzu-</Unicode>
                </TextEquiv>
            </TextLine>
            <TextLine id="tr_1_tl_19" custom="readingOrder {index:18;}">
                <Coords points="4027,3121 6359,3065 6415,2931 4030,3009"/>
                <Baseline points="4045,3103 4093,3097 4183,3097 4272,3091 4362,3091 4451,3085 4541,3085 4630,3085 4720,3079 4809,3079 4899,3073 4988,3073 5078,3067 5167,3067 5257,3061 5346,3061 5436,3055 5525,3049 5615,3049 5704,3049 5794,3049 5883,3043 5973,3043 6062,3043 6152,3043 6241,3037 6331,3031 6420,3031"/>
                <TextEquiv>
                    <Unicode>stand des Dilettantismus nur auf der negativen</Unicode>
                </TextEquiv>
            </TextLine>
            <TextLine id="tr_1_tl_20" custom="readingOrder {index:19;}">
                <Coords points="4018,3320 5298,3222 6341,3258 6391,3113 5349,3071 5120,3175 4966,3116 4024,3205"/>
                <Baseline points="4039,3258 4069,3252 4159,3252 4248,3252 4338,3246 4427,3240 4517,3240 4606,3240 4696,3234 4785,3234 4875,3228 4964,3228 5054,3222 5143,3222 5233,3222 5322,3216 5412,3210 5501,3210 5591,3204 5680,3204 5770,3198 5859,3192 5949,3192 6039,3192 6128,3192 6218,3186 6307,3186 6397,3192"/>
                <TextEquiv>
                    <Unicode>Seite zu finden wäre.Er ist vielleicht ebenso</Unicode>
                </TextEquiv>
            </TextLine>
            <TextLine id="tr_1_tl_21" custom="readingOrder {index:20;}">
                <Coords points="4015,3457 6317,3395 6320,3282 5129,3264 4808,3338 4574,3276 4018,3350"/>
                <Baseline points="4033,3413 4087,3407 4177,3407 4266,3407 4356,3401 4445,3401 4535,3395 4624,3395 4714,3389 4803,3389 4893,3383 4982,3377 5072,3377 5161,3371 5251,3371 5340,3371 5430,3371 5519,3365 5609,3365 5698,3359 5788,3353 5877,3353 5967,3347 6056,3347 6146,3347 6235,3341 6325,3347"/>
                <TextEquiv>
                    <Unicode>häufig auf der positiven (insbesondere beim</Unicode>
                </TextEquiv>
            </TextLine>
            <TextLine id="tr_1_tl_22" custom="readingOrder {index:21;}">
                <Coords points="4015,3585 4220,3623 5272,3570 5444,3653 5530,3638 5539,3472 5272,3433 4865,3499 4592,3445 4327,3505 4223,3421 4018,3496"/>
                <Baseline points="4033,3574 4111,3568 4201,3568 4290,3568 4380,3562 4469,3556 4559,3550 4648,3550 4738,3544 4827,3544 4917,3538 5006,3532 5096,3526 5185,3526 5275,3526 5364,3520 5454,3520 5543,3532"/>
                <TextEquiv>
                    <Unicode>Typus Dichter) zu bemerken.</Unicode>
                </TextEquiv>
            </TextLine>
            <TextLine id="tr_1_tl_23" custom="readingOrder {index:22;}">
                <Coords points="4330,4075 5379,3906 5705,3909 5726,3775 4360,3914"/>
                <Baseline points="4350,4075 4380,4069 4469,4057 4559,4045 4648,4022 4738,4010 4827,3992 4917,3980 5006,3962 5096,3944 5185,3932 5275,3914 5364,3896 5454,3890 5543,3872 5633,3860 5722,3843"/>
                <TextEquiv>
                    <Unicode>stärksten durch Chara</Unicode>
                </TextEquiv>
            </TextLine>
        </TextRegion>
    </Page>
</PcGts>
