5288 4056
922 511 2432 656 noch ist die Wahrheit seiner Persönlichkeit. Der
940 627 2434 761 positive Tijp ist jederzeit bereit, sein Leben
916 728 2432 834 an sein Werk hinzugeben und hat kein Interesse
927 813 2426 937 daran, als Individuum dem Siege seines Werkes
927 893 2413 1020 oder seiner Idee beizuwohnen. Nicht auf per-
922 994 2408 1089 sönlichen Nachruhm, sondern auf die Un
916 1084 2426 1182 sterblichkeit der Idee kommt es ihm an.
999 1162 2408 1283 Der positive Typus ist einsam, aber ein
927 1254 2421 1373 geordnet; der negative Trpus gesellig,
922 1342 1402 1464 aber isoliert.
989 1425 2421 1541 Für den positiven Typus ist der Raum
927 1531 2408 1634 bedeutungslos, da er ins Ewige und ins Unend¬
916 1629 2421 1740 liche wirkt. Der négative Typus lebt ohne das
927 1722 2421 1799 Gefühl von Zusammenhängen, das Gestern ist tot
387 1709 620 1874 in
934 1784 2432 1884 für ihn, das Morgen tagebaren, nur im Raume
343 1828 2413 1977 unvortellbauvermag er sich auszubreiten, er hat im wahren
927 1957 2421 2052 Sinn des Wortes „keine Zeit“; daher seine
934 2047 2421 2191 Ungeduld, Unruhe und Unbedenklichkeit in der
379 2083 743 2220 + some
940 2135 1556 2266 Wahl seiner Mittel.
475 2225 800 2354 I have
989 2372 2408 2514 Zum Wesen des Priesters und des Staats-
922 2483 2421 2589 mannes, also der Typen auf der linken Seite
922 2594 2421 2677 des Dreiecks, gehört es, daß sie sich als Erfüller
916 2684 2416 2790 einer Sendung, unter Umständen einer gött¬
916 2734 2444 2883 lichen Aufgabe erscheinen; ein gewisser Grad
922 2845 2429 2958 von Intuitioni ist für sie charakteristisch und
511 2788 718 3007 4
916 2935 1438 3046 bedeutungsvoll.
1012 3020 2408 3134 Der Philosoph und der Historiker da-
909 3100 2421 3250 gegen, die Typen der rechten Seite also, sind
2979 493 4499 630 auf Tatsachen und Erkenntnisse in höherem
2979 614 4491 723 grade eingestellt und angewiesen. Sie werden
2987 730 4484 834 durch Zweifel gefördert, während dem Priester
2987 790 4497 924 und dem Staatsmann Zweifel gefährlich werden
2994 885 3787 996 können — nicht müssen.
3069 971 4491 1071 Wohl sind Philosoph und Historiker,
2992 1056 4499 1162 niemals aber Priester und Staatsmann ohne
2987 1138 4497 1267 mystischen Einschlag zu denken, doch fehlt es
2987 1244 4494 1360 nicht an Priestern und Staatsmännern, die zweif-
2992 1340 4489 1435 lerisch oder skeptisch angelegt sind, ebenso¬
2979 1415 4512 1513 wenig an gläubig angelegten Philosphen und
2979 1495 3402 1618 Historikern.
3051 1748 4481 1853 Der Priester will Andacht, der Pfaffe Un-
2992 1843 4499 1959 terwerfung,  der Staatsmann Entwicklung, der
2979 1933 4491 2034 Politiker Parteisieg (gleichgültig im Einzelfall,
2979 2029 4424 2145 ob es „Fortschritt“ oder „Rückschritt" sei).
3051 2096 4494 2212 Der Philosoph sucht höhere Ordnung, der
2987 2204 4484 2305 Sophist Gedankenspiel; der Historiker Ein-
2979 2295 4499 2385 sicht und Zusammenhang, der Journalist
2987 2370 4473 2499 Tempo und Verwirrung, der Dichter Ge-
2987 2475 4484 2584 staltung und Form, der Literat Figur und
2974 2550 3343 2661 Ornament.
3046 2628 4484 2734 Es ist nicht zufällig innerhalb des Diogramms,
2974 2723 4484 2852 daß Priester und Philosoph, wenn auch
2979 2811 4486 2896 in der gleichen Ebene, am weitesten vonein¬
2974 2901 4484 3012 ander entfernt, Staatsmann und Historiker,
2974 3017 4484 3116 auch ihrerseits auf gleicher Ebene, einander
2974 3079 4391 3216 näher sind als Priester und Philosoph.
3784 3585 4509 3738 Schnitzler, Diogramm
2987 3572 3603 3769 S. Fischer, Berlin.
3128 3720 4373 3877 Spamersche Buchdruckerei in Leipzig
