<?xml version="1.0" encoding="UTF-8" standalone="yes"?>
<PcGts xmlns="http://schema.primaresearch.org/PAGE/gts/pagecontent/2013-07-15" xmlns:xsi="http://www.w3.org/2001/XMLSchema-instance" xsi:schemaLocation="http://schema.primaresearch.org/PAGE/gts/pagecontent/2013-07-15 http://schema.primaresearch.org/PAGE/gts/pagecontent/2013-07-15/pagecontent.xsd">
    <Metadata>
        <Creator>prov=READ-COOP:name=TrHtr:version=2.1.0:model_id=51170:date=28_07_2023_08:52</Creator>
        <Created>2023-05-10T11:17:32.068+02:00</Created>
        <LastChange>2023-07-28T08:52:18.754+02:00</LastChange>
        <TranskribusMetadata docId="1428141" pageId="55386151" pageNr="209" tsid="131327253" status="IN_PROGRESS" userId="64420" imgUrl="https://files.transkribus.eu/Get?id=YMBPWVVQDCFZRSSTSMSOXVRM&amp;fileType=view" xmlUrl="https://files.transkribus.eu/Get?id=ROEQHOZEXKLDPXAKDCQXVXEU" imageId="44661050"/>
    </Metadata>
    <Page imageFilename="1428141_0209.jpg" imageWidth="6712" imageHeight="4488">
        <ReadingOrder>
            <OrderedGroup id="ro_1711823038225" caption="Regions reading order">
                <RegionRefIndexed index="0" regionRef="tr_1"/>
            </OrderedGroup>
        </ReadingOrder>
        <TextRegion id="tr_1" custom="readingOrder {index:0;}">
            <Coords points="3592,672 6439,672 6439,4074 3592,4074"/>
            <TextLine id="tr_1_tl_1" custom="readingOrder {index:0;}">
                <Coords points="5900,737 5917,737 5921,747 5934,737 5962,740 5972,757 6003,743 6034,743 6071,716 6078,723 6109,720 6116,624 6099,624 6075,606 6068,613 6051,606 6037,617 5986,572 5910,538"/>
                <Baseline points="5920,734 5938,734 6027,728 6117,722"/>
                <TextEquiv>
                    <Unicode>15</Unicode>
                </TextEquiv>
            </TextLine>
            <TextLine id="tr_1_tl_2" custom="readingOrder {index:1;}">
                <Coords points="3930,983 5657,905 5938,983 6253,891 6256,781 6102,716 4965,740 3933,863"/>
                <Baseline points="3950,960 4022,954 4112,948 4201,942 4291,942 4380,942 4470,936 4559,936 4649,936 4738,931 4828,931 4917,925 5007,925 5096,919 5186,919 5275,913 5365,913 5454,907 5544,901 5633,901 5723,895 5812,889 5902,883 5991,883 6081,877 6171,877 6260,889"/>
                <TextEquiv>
                    <Unicode>und hat kein jnteresse daran als Individuum</Unicode>
                </TextEquiv>
            </TextLine>
            <TextLine id="tr_1_tl_3" custom="readingOrder {index:2;}">
                <Coords points="3909,1131 5376,1062 5886,1203 6256,1141 6263,935 3916,976"/>
                <Baseline points="3932,1110 3938,1110 4028,1104 4117,1104 4207,1104 4297,1098 4386,1092 4476,1092 4565,1092 4655,1086 4744,1086 4834,1080 4923,1074 5013,1068 5102,1068 5192,1068 5281,1068 5371,1062 5460,1062 5550,1056 5639,1056 5729,1050 5818,1050 5908,1044 5997,1038 6087,1032 6176,1026 6266,1032"/>
                <TextEquiv>
                    <Unicode>dem Siege seines Werks oder seiner Idee bei-</Unicode>
                </TextEquiv>
            </TextLine>
            <TextLine id="tr_1_tl_4" custom="readingOrder {index:3;}">
                <Coords points="3944,1278 4118,1295 4204,1275 4255,1295 4413,1257 4464,1305 4533,1281 4533,1117 4464,1096 4379,1141 4307,1131 4245,1179 4159,1144 3944,1161"/>
                <Baseline points="3962,1265 4004,1259 4094,1253 4183,1253 4273,1247 4362,1247 4452,1259 4541,1253"/>
                <TextEquiv>
                    <Unicode>zuwohnen.</Unicode>
                </TextEquiv>
            </TextLine>
            <TextLine id="tr_1_tl_5" custom="readingOrder {index:4;}">
                <Coords points="3570,1508 5485,1367 6034,1432 6321,1370 6325,1268 3577,1285"/>
                <Baseline points="3592,1414 3646,1408 3736,1408 3825,1396 3915,1396 4004,1384 4094,1372 4183,1390 4273,1396 4362,1408 4452,1396 4541,1396 4631,1396 4720,1396 4810,1390 4899,1390 4989,1390 5078,1384 5168,1378 5257,1378 5347,1372 5436,1372 5526,1366 5615,1366 5705,1360 5795,1360 5884,1354 5974,1354 6063,1354 6153,1342 6242,1336 6332,1342"/>
                <TextEquiv>
                    <Unicode>selfe ferte Nicht auf persönlichem Nachruhm, son¬</Unicode>
                </TextEquiv>
            </TextLine>
            <TextLine id="tr_1_tl_6" custom="readingOrder {index:5;}">
                <Coords points="3933,1593 6222,1600 6253,1357 6027,1449 5287,1470 5026,1391 3940,1456"/>
                <Baseline points="3956,1569 4016,1563 4106,1557 4195,1557 4285,1557 4374,1557 4464,1551 4553,1551 4643,1551 4732,1545 4822,1545 4911,1539 5001,1539 5090,1539 5180,1533 5269,1527 5359,1521 5448,1521 5538,1515 5627,1515 5717,1515 5806,1509 5896,1503 5985,1503 6075,1497 6165,1492 6254,1492"/>
                <TextEquiv>
                    <Unicode>dern auf die unsterblichkeit der Idee kommt</Unicode>
                </TextEquiv>
            </TextLine>
            <TextLine id="tr_1_tl_7" custom="readingOrder {index:6;}">
                <Coords points="3957,1754 4084,1771 4317,1717 4420,1782 4475,1741 4523,1744 4530,1552 4440,1566 4276,1651 4180,1600 4088,1638 3961,1645"/>
                <Baseline points="3980,1724 3998,1724 4088,1718 4177,1718 4267,1718 4356,1712 4446,1712 4535,1712"/>
                <TextEquiv>
                    <Unicode>es ihm an.</Unicode>
                </TextEquiv>
            </TextLine>
            <TextLine id="tr_1_tl_8" custom="readingOrder {index:7;}">
                <Coords points="4482,1891 5725,1826 6054,1929 6253,1891 6256,1737 6178,1713 5725,1765 5568,1675 5280,1658 4488,1744"/>
                <Baseline points="4505,1862 4559,1856 4649,1856 4738,1856 4828,1850 4917,1850 5007,1844 5096,1844 5186,1844 5275,1844 5365,1832 5454,1832 5544,1826 5633,1826 5723,1820 5812,1820 5902,1820 5991,1814 6081,1814 6171,1814 6260,1820"/>
                <TextEquiv>
                    <Unicode>Der positive Typus ist vielfältig</Unicode>
                </TextEquiv>
            </TextLine>
            <TextLine id="tr_1_tl_9" custom="readingOrder {index:8;}">
                <Coords points="3957,2052 6023,1994 6058,1878 4948,1843 3961,1946"/>
                <Baseline points="3980,2029 4004,2029 4094,2023 4183,2023 4273,2017 4362,2017 4452,2017 4541,2011 4631,2005 4720,2005 4810,1999 4899,1999 4989,1993 5078,1993 5168,1993 5257,1987 5347,1987 5436,1981 5526,1981 5615,1975 5705,1975 5795,1969 5884,1969 5974,1969 6063,1975"/>
                <TextEquiv>
                    <Unicode>aber nicht kompliziert, reich at nicht</Unicode>
                </TextEquiv>
            </TextLine>
            <TextLine id="tr_1_tl_10" custom="readingOrder {index:9;}">
                <Coords points="3978,2210 4427,2254 5811,2141 5962,2251 6188,2261 6198,2004 4944,2008 4214,2111 3985,2049"/>
                <Baseline points="3998,2190 4052,2190 4141,2184 4231,2184 4320,2178 4410,2178 4499,2172 4589,2166 4678,2166 4768,2160 4858,2154 4947,2154 5037,2148 5126,2142 5216,2148 5305,2142 5395,2136 5484,2136 5574,2136 5663,2136 5753,2130 5842,2124 5932,2124 6021,2118 6111,2112 6200,2112"/>
                <TextEquiv>
                    <Unicode>prætzigte insam aber eingeordnet,</Unicode>
                </TextEquiv>
            </TextLine>
            <TextLine id="tr_1_tl_11" custom="readingOrder {index:10;}">
                <Coords points="3988,2416 4625,2323 5842,2316 5897,2165 3995,2258"/>
                <Baseline points="4010,2357 4022,2351 4112,2339 4201,2333 4291,2333 4380,2333 4470,2333 4559,2327 4649,2321 4738,2315 4828,2315 4917,2315 5007,2315 5096,2309 5186,2303 5275,2297 5365,2291 5454,2291 5544,2291 5633,2285 5723,2285 5812,2285 5902,2285"/>
                <TextEquiv>
                    <Unicode>gative Typus gesellig,aber isoliert.</Unicode>
                </TextEquiv>
            </TextLine>
            <TextLine id="tr_1_tl_12" custom="readingOrder {index:11;}">
                <Coords points="4495,2508 6164,2463 6167,2282 5862,2299 5718,2398 5554,2347 5348,2402 5242,2350 4749,2405 4499,2364"/>
                <Baseline points="4517,2482 4559,2470 4649,2470 4738,2470 4828,2464 4917,2464 5007,2458 5096,2458 5186,2458 5275,2452 5365,2452 5454,2452 5544,2446 5633,2446 5723,2440 5812,2440 5902,2434 5991,2434 6081,2429 6171,2429"/>
                <TextEquiv>
                    <Unicode>Für den positiven Typus ist der</Unicode>
                </TextEquiv>
            </TextLine>
            <TextLine id="tr_1_tl_13" custom="readingOrder {index:12;}">
                <Coords points="3988,2731 6116,2611 6208,2594 6212,2453 3995,2553"/>
                <Baseline points="4010,2655 4070,2649 4159,2649 4249,2643 4338,2643 4428,2637 4517,2631 4607,2631 4696,2631 4786,2631 4875,2625 4965,2625 5054,2619 5144,2614 5234,2614 5323,2608 5413,2608 5502,2608 5592,2602 5681,2602 5771,2602 5860,2596 5950,2590 6039,2590 6129,2578 6218,2572"/>
                <TextEquiv>
                    <Unicode>Raum bedeutungslos, da er ins Ewige und ins</Unicode>
                </TextEquiv>
            </TextLine>
            <TextLine id="tr_1_tl_14" custom="readingOrder {index:13;}">
                <Coords points="3981,2816 6328,2768 6335,2628 3985,2720"/>
                <Baseline points="4004,2810 4010,2810 4100,2805 4189,2799 4279,2799 4368,2799 4458,2793 4547,2787 4637,2787 4726,2787 4816,2781 4905,2781 4995,2781 5084,2775 5174,2769 5263,2763 5353,2757 5442,2757 5532,2757 5621,2757 5711,2751 5800,2751 5890,2751 5980,2751 6069,2745 6159,2739 6248,2733 6338,2733"/>
                <TextEquiv>
                    <Unicode>Unendliche wirkt. Rüxxxxxxxxxxxxx</Unicode>
                </TextEquiv>
            </TextLine>
            <TextLine id="tr_1_tl_15" custom="readingOrder {index:14;}">
                <Coords points="3988,3005 5102,2933 5222,3029 6171,2988 6273,2971 6280,2751 5102,2851 3995,2827"/>
                <Baseline points="4010,2978 4046,2972 4135,2960 4225,2954 4314,2954 4404,2948 4493,2948 4583,2942 4673,2942 4762,2942 4852,2936 4941,2936 5031,2930 5120,2924 5210,2924 5299,2918 5389,2918 5478,2912 5568,2912 5657,2906 5747,2906 5836,2906 5926,2900 6015,2900 6105,2894 6194,2894 6284,2888"/>
                <TextEquiv>
                    <Unicode>glük xxxkäitnett, da xxx daa 2 xxx</Unicode>
                </TextEquiv>
            </TextLine>
            <TextLine id="tr_1_tl_16" custom="readingOrder {index:15;}">
                <Coords points="3985,3132 5982,3142 6297,3097 6301,2953 5496,3032 5225,3029 5115,2936 4300,2960 3988,3036"/>
                <Baseline points="4004,3127 4064,3115 4153,3109 4243,3109 4332,3109 4422,3103 4511,3103 4601,3097 4690,3097 4780,3097 4869,3085 4959,3085 5049,3085 5138,3073 5228,3079 5317,3073 5407,3073 5496,3067 5586,3067 5675,3061 5765,3061 5854,3055 5944,3055 6033,3055 6123,3049 6212,3043 6302,3049"/>
                <TextEquiv>
                    <Unicode>Der negative Typus lebt ohne das Gefühl von</Unicode>
                </TextEquiv>
            </TextLine>
            <TextLine id="tr_1_tl_17" custom="readingOrder {index:16;}">
                <Coords points="3995,3351 4259,3279 4437,3341 6318,3245 6363,3111 4002,3138"/>
                <Baseline points="4016,3276 4040,3270 4129,3264 4219,3264 4308,3264 4398,3258 4488,3258 4577,3252 4667,3252 4756,3246 4846,3246 4935,3240 5025,3234 5114,3234 5204,3228 5293,3228 5383,3228 5472,3222 5562,3222 5651,3216 5741,3216 5830,3216 5920,3216 6009,3210 6099,3210 6188,3210 6278,3204 6367,3204"/>
                <TextEquiv>
                    <Unicode>Zusammenhänge, das Gestern ist tot für ihn, dss</Unicode>
                </TextEquiv>
            </TextLine>
            <TextLine id="tr_1_tl_18" custom="readingOrder {index:17;}">
                <Coords points="3978,3454 5753,3440 6078,3375 6082,3238 3981,3344"/>
                <Baseline points="3998,3425 4028,3425 4117,3419 4207,3425 4297,3419 4386,3419 4476,3419 4565,3407 4655,3407 4744,3401 4834,3401 4923,3395 5013,3395 5102,3389 5192,3389 5281,3383 5371,3383 5460,3377 5550,3371 5639,3371 5729,3371 5818,3371 5908,3371 5997,3365 6087,3377"/>
                <TextEquiv>
                    <Unicode>Morgen ungeboren, nur im Raume vermag er</Unicode>
                </TextEquiv>
            </TextLine>
            <TextLine id="tr_1_tl_19" custom="readingOrder {index:18;}">
                <Coords points="3998,3598 4615,3574 4862,3649 5431,3587 5602,3649 6071,3577 6075,3457 4002,3515"/>
                <Baseline points="4022,3586 4112,3580 4201,3574 4291,3574 4380,3568 4470,3568 4559,3562 4649,3562 4738,3556 4828,3556 4917,3556 5007,3551 5096,3551 5186,3545 5275,3539 5365,3539 5454,3539 5544,3533 5633,3527 5723,3527 5812,3521 5902,3521 5991,3515 6081,3521"/>
                <TextEquiv>
                    <Unicode>sich auszubreiten, er hat im wahren Sinn</Unicode>
                </TextEquiv>
            </TextLine>
            <TextLine id="tr_1_tl_20" custom="readingOrder {index:19;}">
                <Coords points="3981,3776 6318,3738 6431,3714 6434,3515 5691,3652 3988,3598"/>
                <Baseline points="4004,3736 4022,3730 4112,3730 4201,3736 4291,3730 4380,3730 4470,3724 4559,3718 4649,3718 4738,3712 4828,3712 4917,3706 5007,3706 5096,3706 5186,3706 5275,3706 5365,3694 5454,3694 5544,3694 5633,3694 5723,3694 5812,3694 5902,3694 5991,3694 6081,3688 6171,3688 6260,3682 6350,3676 6439,3682"/>
                <TextEquiv>
                    <Unicode>des Wortes keine Zeit, daher eine Einzelne</Unicode>
                </TextEquiv>
            </TextLine>
            <TextLine id="tr_1_tl_21" custom="readingOrder {index:20;}">
                <Coords points="4084,3968 6301,3920 6301,3817 5807,3697 5153,3837 4088,3820"/>
                <Baseline points="4106,3926 4159,3921 4249,3921 4338,3921 4428,3921 4517,3915 4607,3915 4696,3915 4786,3909 4875,3909 4965,3909 5054,3903 5144,3897 5234,3897 5323,3891 5413,3891 5502,3885 5592,3885 5681,3885 5771,3879 5860,3885 5950,3885 6039,3885 6129,3891 6218,3885 6308,3885"/>
                <TextEquiv>
                    <Unicode>Munte und unbedenklichkeit am</Unicode>
                </TextEquiv>
            </TextLine>
            <TextLine id="tr_1_tl_22" custom="readingOrder {index:21;}">
                <Coords points="4046,4074 4300,4146 4790,4043 5328,4105 5492,4046 5585,4098 5588,3916 4050,3978"/>
                <Baseline points="4064,4064 4070,4064 4159,4058 4249,4058 4338,4052 4428,4052 4517,4052 4607,4046 4696,4040 4786,4040 4875,4040 4965,4040 5054,4034 5144,4034 5234,4028 5323,4028 5413,4028 5502,4040 5592,4052"/>
                <TextEquiv>
                    <Unicode>der Mahl seiner Millel</Unicode>
                </TextEquiv>
            </TextLine>
        </TextRegion>
    </Page>
</PcGts>
