6888 4360
6089 357 6266 504 37
4098 525 6470 757 Gebiet, an das sie glauben, von dessen Existenz
4092 679 6398 916 sie überzeugt sind Sie fahren ins ungewisse,
5750 769 6212 880 we have in
4104 820 6353 1069 das ihnen nur durch den Glauben gewiss ist.
4585 976 6323 1228 Der Eroberer (Heerführer) und der
5188 1114 5591 1216 at take type
4110 1135 6422 1339 Staatsmann sind beide vor allem Führertypen,
4083 1276 6485 1492 wie der Eine der Führer des Reichs, der Andere
4185 1498 4942 1663 der des Heers
4140 1549 6449 1786 Der Abenteurer stellt die Karikatur des See-
4158 1693 6500 1940 fahrers dar,wie der Tyrann diejenige des Bro¬
4158 1982 4531 2123 berers.
4164 1904 6509 2252 Wir meinen hier myrann im Sinne von Herrsch -
4164 2156 6581 2396 süchtig aus Machtdünkel, aus Ehrgeiz,aus Eitel-
5528 2288 6173 2396 Le tue
4648 2345 5128 2453 Coutrês voir
4194 2348 6338 2573 keit. Eigentlich ist das Tyrannische keine
4188 2453 6431 2744 Geisteverfassung,sondern ein Seelenzustand.
6119 2507 6612 2672 4 yr & that
4588 2624 6618 2897 (Auf der rechten Seite der Mathematiker
4282 2750 6621 3060 (der Brückenbauer) entspricht dem Philosophen
4213 2900 6602 3222 Der Philosoph baut ein System,Gedankengerüste
4213 3063 6539 3369 er versucht Ordnung in die Unendlichkeit der
4216 3279 5537 3501 Erscheinungen zu bringen.
4228 3348 6615 3669 Der Natürforschher und der Historiker ergänzen
4243 3543 6557 3798 sich und sind sich ähnlich durch ihre Bezie-
