6840 4440
3822 723 5966 1098 Wenn also früher gesagt wurde, dass der
3874 1009 6045 1273 Staatsmann derjenige ist, dem das Wohl des
5861 1122 6049 1208 lue
3924 1165 6248 1365 Staates oberstes Gesetz bedeutet,so muss das
3890 1288 6295 1522 dahin ergänzt werden, dass das nur
3893 1482 6172 1722 riaktigxist,x für dieje nigen välle gilt,in
3890 1617 6276 1830 denen das Wohl des betreffenden Staates nicht
3902 1796 6122 2026 mit dem Wohl der Menschheit / in Widerspruch
3905 1919 6378 2134 steht.d.h. der wahrhaft grosse Staatsmann - & a
5021 2042 5864 2177 wenn es nicht kurz
3914 2057 6310 2337 müsste selbst mit einer Schädigung des eigenen
3893 2232 6132 2518 Staates, vielleicht sogar/ait dessen Unter-
3911 2346 6193 2626 gang rechnen können, wenn das Wohl des Staa-
3582 2503 3779 2728 P.
3921 2546 6202 2774 tes auf dem Spiele steht. An diesem Beispiel
5144 2684 5427 2804 this is
3890 2672 6328 2918 (sieht man am besten) dass es sich hier nicht um
3902 2844 6316 3072 Berufe handelt, sondern um Geistesverfassungen.
4290 3007 4683 3112 Mÿneke
3918 2995 6267 3256 Hier ist auch die Möglichkeit zu Konflikten
4809 3143 5234 3253 geborene
3927 3189 6221 3389 gegeben,an denen der Staatsmann zugrunde ge-
3924 3339 5178 3545 hen kann.) Hier zeigt im
3933 3521 6208 3678 Je höher ein Typus der positiven Seite ent-
3810 3635 6212 3868 /M wickelt ist, umso öfter sieht er sich tragi-
3927 3791 5366 3945 schen Konflikten gegenüber.
4440 3838 5658 4074 stochum - hem theilen
