6776 4504
6023 784 6286 918 59 b
3991 908 5934 1130 Schaden) Nicht-Feuilletonisten sind.
4239 1108 6128 1321 Es gibt natürlich keine spezifische
4007 1248 6321 1429 dilattentische Begabung.Es gibt nur spezifi-
4004 1384 6372 1591 sche Begabungen irgend welcher Art in Verbin¬
4502 1562 4715 1638 men.
4016 1549 6480 1778 dung mit dilettantischen Anlage und oder einem
4004 1727 6160 1915 dilettantischen Seelenzustand. (Man kann
4020 1880 6255 2035 den Beruf eines Feuilletonisten,aber nicht
4026 2035 6109 2197 den Beruf eines Dilettanten ergreifen).
5264 2153 5601 2251 or her.
4020 2149 6233 2346 Mitzä Stimmungen sind bekanntlich vorüber-
4023 2337 6156 2508 gehende Seelenzustände,die jenigen,die am
4045 2438 6258 2673 stärksten von äusse en Einflüssen abhänig
4032 2654 6109 2845 sind; Lustigkeit, Uebellaune.Bitterkeit
4051 2804 6296 2969 u. s. w. u. s.w. Stimmungen,die sich häufig wie-
4048 2975 6290 3127 derholen, auch ohne „genügenden Anlass“ deu-
4054 3108 6267 3280 ten auf eine vorhandene Anlage hin und oft
4045 3235 6182 3464 genug entwickeln sich unter dem Einfluss
4048 3381 6601 3620 äusserer Schicksale Stimmungen allmählig über'men
5404 3524 5667 3626 taruber
4051 3581 6328 3797 fliessenden Seelenzustände zu Eigenschaften.
4064 3724 6410 3937 die unausrottbar werden. (Kritizismus,Verbit-
4070 3893 6401 4115 terung, Miss trauen). Eine solche entwicklungs-
