<?xml version="1.0" encoding="UTF-8" standalone="yes"?>
<PcGts xmlns="http://schema.primaresearch.org/PAGE/gts/pagecontent/2013-07-15" xmlns:xsi="http://www.w3.org/2001/XMLSchema-instance" xsi:schemaLocation="http://schema.primaresearch.org/PAGE/gts/pagecontent/2013-07-15 http://schema.primaresearch.org/PAGE/gts/pagecontent/2013-07-15/pagecontent.xsd">
    <Metadata>
        <Creator>prov=READ-COOP:name=TrHtr:version=2.1.0:model_id=51170:date=28_07_2023_08:51</Creator>
        <Created>2023-05-10T11:17:14.644+02:00</Created>
        <LastChange>2023-07-28T08:51:44.370+02:00</LastChange>
        <TranskribusMetadata docId="1428141" pageId="55385563" pageNr="91" tsid="131327107" status="IN_PROGRESS" userId="64420" imgUrl="https://files.transkribus.eu/Get?id=LXYUTWCTMREPRIBCMDTEKADU&amp;fileType=view" xmlUrl="https://files.transkribus.eu/Get?id=MEJLWEAHDAVKZXOIAPZNIFAY" imageId="44660462"/>
    </Metadata>
    <Page imageFilename="1428141_0091.jpg" imageWidth="6744" imageHeight="4232">
        <ReadingOrder>
            <OrderedGroup id="ro_1711822833459" caption="Regions reading order">
                <RegionRefIndexed index="0" regionRef="tr_1"/>
            </OrderedGroup>
        </ReadingOrder>
        <TextRegion id="tr_1" custom="readingOrder {index:0;}">
            <Coords points="3844,797 6446,797 6446,3967 3844,3967"/>
            <TextLine id="tr_1_tl_1" custom="readingOrder {index:0;}">
                <Coords points="4357,898 4900,886 4988,924 5064,883 5337,892 5359,741 5152,744 5032,798 4734,792 4646,732 4536,770 4407,729 4357,760"/>
                <Baseline points="4375,847 4464,859 4554,853 4643,859 4733,853 4822,847 4912,853 5001,847 5091,847 5181,847 5270,847 5360,859 5366,859"/>
                <TextEquiv>
                    <Unicode>Der Geist im Wort.</Unicode>
                </TextEquiv>
            </TextLine>
            <TextLine id="tr_1_tl_2" custom="readingOrder {index:1;}">
                <Coords points="4329,955 4385,949 4426,961 4454,939 4483,958 4505,952 4505,902 4467,895 4451,911 4439,898 4404,905 4369,889 4329,892"/>
                <Baseline points="4345,931 4434,931 4512,931"/>
                <TextEquiv>
                    <Unicode>Lin</Unicode>
                </TextEquiv>
            </TextLine>
            <TextLine id="tr_1_tl_3" custom="readingOrder {index:2;}">
                <Coords points="4300,1033 6157,1015 6157,911 5887,842 5064,886 4903,964 4304,936"/>
                <Baseline points="4321,1014 4375,1014 4464,1020 4554,1014 4643,1014 4733,1008 4822,1008 4912,1008 5001,1008 5091,1008 5181,1002 5270,1002 5360,996 5449,996 5539,996 5628,990 5718,990 5807,990 5897,984 5986,984 6076,984 6165,978"/>
                <TextEquiv>
                    <Unicode>Mein Diogramm stellt,wie man sieht,</Unicode>
                </TextEquiv>
            </TextLine>
            <TextLine id="tr_1_tl_4" custom="readingOrder {index:3;}">
                <Coords points="3826,1200 4442,1184 5095,1288 5309,1184 6103,1159 6107,1068 5048,1037 4872,1115 4542,1024 4363,1125 3826,1115"/>
                <Baseline points="3844,1181 3873,1181 3963,1181 4052,1181 4142,1175 4232,1169 4321,1175 4411,1175 4500,1175 4590,1169 4679,1169 4769,1169 4858,1163 4948,1163 5037,1157 5127,1157 5216,1157 5306,1157 5395,1152 5485,1152 5575,1152 5664,1146 5754,1146 5843,1146 5933,1146 6022,1140 6112,1134"/>
                <TextEquiv>
                    <Unicode>zwei gegenständlycke Dreiecke, mit einer ge-</Unicode>
                </TextEquiv>
            </TextLine>
            <TextLine id="tr_1_tl_5" custom="readingOrder {index:4;}">
                <Coords points="3823,1382 4184,1341 4567,1363 4687,1322 4800,1363 4954,1344 4954,1253 4693,1231 4621,1269 3952,1291 3826,1250"/>
                <Baseline points="3844,1337 3885,1337 3975,1337 4064,1331 4154,1331 4243,1325 4333,1325 4423,1325 4512,1319 4602,1319 4691,1319 4781,1319 4870,1319 4960,1313"/>
                <TextEquiv>
                    <Unicode>meinsamen Basis dar.</Unicode>
                </TextEquiv>
            </TextLine>
            <TextLine id="tr_1_tl_6" custom="readingOrder {index:5;}">
                <Coords points="4310,1502 5902,1511 6308,1464 6352,1344 5372,1316 4310,1414"/>
                <Baseline points="4327,1480 4387,1480 4476,1474 4566,1474 4655,1474 4745,1468 4834,1468 4924,1468 5013,1468 5103,1468 5193,1462 5282,1462 5372,1462 5461,1456 5551,1456 5640,1456 5730,1456 5819,1450 5909,1450 5998,1450 6088,1444 6177,1438 6267,1438 6356,1432"/>
                <TextEquiv>
                    <Unicode>Das obere stellt die positive, ins Gött-</Unicode>
                </TextEquiv>
            </TextLine>
            <TextLine id="tr_1_tl_7" custom="readingOrder {index:6;}">
                <Coords points="3826,1671 5601,1674 6204,1618 6235,1511 3829,1561"/>
                <Baseline points="3844,1641 3915,1641 4005,1641 4094,1641 4184,1641 4273,1635 4363,1635 4452,1635 4542,1629 4631,1629 4721,1623 4810,1623 4900,1617 4990,1617 5079,1617 5169,1617 5258,1617 5348,1611 5437,1611 5527,1617 5616,1617 5706,1611 5795,1611 5885,1605 5974,1605 6064,1599 6154,1599 6243,1587"/>
                <TextEquiv>
                    <Unicode>liche, das untere die negative „ins Teuflische</Unicode>
                </TextEquiv>
            </TextLine>
            <TextLine id="tr_1_tl_8" custom="readingOrder {index:7;}">
                <Coords points="4938,1734 5051,1703 5073,1725 5111,1728 5133,1709 5218,1737 5302,1690 5425,1703 5428,1659 5343,1624 5312,1640 5258,1627 5240,1640 5177,1630 5149,1659 5114,1662 5061,1640 5001,1671 4938,1677"/>
                <Baseline points="4954,1707 4990,1701 5079,1695 5169,1695 5258,1689 5348,1683 5437,1683"/>
                <TextEquiv>
                    <Unicode>sder jetzte</Unicode>
                </TextEquiv>
            </TextLine>
            <TextLine id="tr_1_tl_9" custom="readingOrder {index:8;}">
                <Coords points="3835,1850 6012,1809 6251,1690 5661,1637 4973,1756 4574,1659 3839,1737"/>
                <Baseline points="3855,1808 3927,1796 4017,1796 4106,1796 4196,1796 4285,1790 4375,1790 4464,1784 4554,1772 4643,1778 4733,1778 4822,1772 4912,1778 5001,1778 5091,1772 5181,1772 5270,1772 5360,1766 5449,1766 5539,1760 5628,1760 5718,1754 5807,1760 5897,1760 5986,1754 6076,1754 6165,1748 6255,1736"/>
                <TextEquiv>
                    <Unicode>gerichtete Hälfte des menschlichen Gaistesge-</Unicode>
                </TextEquiv>
            </TextLine>
            <TextLine id="tr_1_tl_10" custom="readingOrder {index:9;}">
                <Coords points="4545,1891 5896,1841 5896,1787 5777,1772 4549,1803"/>
                <Baseline points="4566,1850 4649,1856 4739,1850 4828,1844 4918,1838 5007,1832 5097,1838 5187,1838 5276,1832 5366,1832 5455,1832 5545,1826 5634,1826 5724,1820 5813,1814 5903,1808"/>
                <TextEquiv>
                    <Unicode>unterhalb dassel der meer bliebe für</Unicode>
                </TextEquiv>
            </TextLine>
            <TextLine id="tr_1_tl_11" custom="readingOrder {index:10;}">
                <Coords points="3826,1992 6223,1966 6355,1834 3826,1872"/>
                <Baseline points="3844,1951 3849,1951 3939,1951 4029,1951 4118,1945 4208,1945 4297,1939 4387,1939 4476,1945 4566,1945 4655,1939 4745,1933 4834,1933 4924,1927 5013,1927 5103,1927 5193,1927 5282,1922 5372,1922 5461,1922 5551,1916 5640,1916 5730,1910 5819,1910 5909,1916 5998,1910 6088,1910 6177,1910 6267,1904 6356,1898"/>
                <TextEquiv>
                    <Unicode>bietes dar, insofern es sich durch das Wort kund-</Unicode>
                </TextEquiv>
            </TextLine>
            <TextLine id="tr_1_tl_12" custom="readingOrder {index:11;}">
                <Coords points="4734,2045 4995,2032 5054,2073 5224,2017 5475,2108 5673,2014 5965,2032 5965,1922 5208,1985 4734,1963"/>
                <Baseline points="4751,2005 4810,2005 4900,2005 4990,2011 5079,2011 5169,2005 5258,2011 5348,2005 5437,1999 5527,1999 5616,1999 5706,1993 5795,1993 5885,1993 5974,1981"/>
                <TextEquiv>
                    <Unicode>ins ich dezit de Worte kürzet.</Unicode>
                </TextEquiv>
            </TextLine>
            <TextLine id="tr_1_tl_13" custom="readingOrder {index:12;}">
                <Coords points="5601,2073 5648,2095 5748,2070 5789,2108 5997,2061 6179,2120 6261,2067 6364,2111 6392,2101 6396,2007 6163,1948 5943,2036 5714,2042 5604,2010"/>
                <Baseline points="5622,2065 5688,2059 5777,2065 5867,2059 5957,2059 6046,2059 6136,2053 6225,2047 6315,2047 6404,2041"/>
                <TextEquiv>
                    <Unicode>&amp; a von Helft. zu</Unicode>
                </TextEquiv>
            </TextLine>
            <TextLine id="tr_1_tl_14" custom="readingOrder {index:13;}">
                <Coords points="3832,2117 4027,2174 4058,2142 4150,2167 4250,2117 4636,2114 4636,2058 4545,2032 4407,2045 4291,1995 4190,2051 4074,2017 3993,2058 3949,2036 3832,2058"/>
                <Baseline points="3849,2107 3927,2107 4017,2107 4106,2107 4196,2101 4285,2101 4375,2101 4464,2095 4554,2101 4643,2095"/>
                <TextEquiv>
                    <Unicode>zugeben vermag.</Unicode>
                </TextEquiv>
            </TextLine>
            <TextLine id="tr_1_tl_15" custom="readingOrder {index:14;}">
                <Coords points="5541,2145 5623,2145 5645,2164 5686,2167 5723,2149 5770,2161 5792,2142 5858,2145 5858,2098 5814,2092 5789,2108 5720,2073 5695,2092 5651,2092 5607,2070 5588,2086 5541,2095"/>
                <Baseline points="5557,2118 5646,2124 5736,2130 5825,2130 5867,2130"/>
                <TextEquiv>
                    <Unicode>a bien</Unicode>
                </TextEquiv>
            </TextLine>
            <TextLine id="tr_1_tl_16" custom="readingOrder {index:15;}">
                <Coords points="4772,2193 5007,2164 5045,2186 5120,2142 5202,2145 5258,2177 5268,2061 5205,2064 5117,2108 5079,2070 5026,2070 4991,2032 4938,2051 4922,2029 4781,2083"/>
                <Baseline points="4793,2166 4822,2166 4912,2154 5001,2154 5091,2148 5181,2136 5270,2136"/>
                <TextEquiv>
                    <Unicode>Lince de</Unicode>
                </TextEquiv>
            </TextLine>
            <TextLine id="tr_1_tl_17" custom="readingOrder {index:16;}">
                <Coords points="4310,2274 6191,2268 6226,2111 4310,2183"/>
                <Baseline points="4327,2250 4351,2250 4440,2250 4530,2250 4619,2250 4709,2244 4799,2244 4888,2244 4978,2244 5067,2238 5157,2238 5246,2238 5336,2232 5425,2232 5515,2232 5604,2232 5694,2232 5783,2226 5873,2226 5963,2220 6052,2220 6142,2214 6231,2208"/>
                <TextEquiv>
                    <Unicode>Die eine Seite (linke Seite des obe¬</Unicode>
                </TextEquiv>
            </TextLine>
            <TextLine id="tr_1_tl_18" custom="readingOrder {index:17;}">
                <Coords points="3851,2431 6103,2456 6286,2428 6289,2299 3854,2343"/>
                <Baseline points="3867,2411 3879,2417 3969,2417 4058,2411 4148,2411 4237,2411 4327,2411 4417,2411 4506,2411 4596,2411 4685,2405 4775,2405 4864,2399 4954,2399 5043,2399 5133,2399 5222,2393 5312,2393 5401,2387 5491,2387 5580,2387 5670,2381 5760,2381 5849,2375 5939,2375 6028,2375 6118,2375 6207,2369 6297,2369"/>
                <TextEquiv>
                    <Unicode>ren Dreeckes) steigt auf vom Priester über den</Unicode>
                </TextEquiv>
            </TextLine>
            <TextLine id="tr_1_tl_19" custom="readingOrder {index:18;}">
                <Coords points="3845,2610 6264,2554 6220,2425 3848,2488"/>
                <Baseline points="3861,2566 3945,2572 4035,2572 4124,2572 4214,2572 4303,2566 4393,2560 4482,2560 4572,2560 4661,2560 4751,2560 4840,2554 4930,2554 5019,2548 5109,2548 5198,2548 5288,2542 5378,2548 5467,2542 5557,2542 5646,2542 5736,2542 5825,2542 5915,2536 6004,2530 6094,2530 6183,2524 6273,2524"/>
                <TextEquiv>
                    <Unicode>Saatsmann die andere vom Denker (Philosphen)</Unicode>
                </TextEquiv>
            </TextLine>
            <TextLine id="tr_1_tl_20" custom="readingOrder {index:19;}">
                <Coords points="5946,2629 6015,2636 6091,2604 6151,2614 6176,2598 6348,2629 6440,2610 6440,2494 6392,2497 6298,2554 6210,2535 6053,2566 6000,2538 5946,2566"/>
                <Baseline points="5963,2590 6052,2590 6142,2596 6231,2590 6321,2596 6410,2590 6446,2590"/>
                <TextEquiv>
                    <Unicode>intamied</Unicode>
                </TextEquiv>
            </TextLine>
            <TextLine id="tr_1_tl_21" custom="readingOrder {index:20;}">
                <Coords points="3861,2774 5909,2701 6122,2761 6185,2626 3861,2648"/>
                <Baseline points="3879,2721 3951,2727 4040,2727 4130,2721 4220,2727 4309,2721 4399,2721 4488,2721 4578,2715 4667,2715 4757,2715 4846,2715 4936,2709 5025,2709 5115,2709 5204,2703 5294,2703 5384,2703 5473,2703 5563,2697 5652,2697 5742,2692 5831,2692 5921,2686 6010,2692 6100,2692 6189,2680"/>
                <TextEquiv>
                    <Unicode>über den Geschichtsforscher (Historiker) zum</Unicode>
                </TextEquiv>
            </TextLine>
            <TextLine id="tr_1_tl_22" custom="readingOrder {index:21;}">
                <Coords points="5928,2890 6006,2915 6022,2906 6047,2915 6063,2903 6094,2915 6110,2906 6191,2912 6188,2837 6173,2837 6141,2811 6125,2824 6094,2821 6078,2833 6069,2824 6047,2840 6034,2837 6012,2859 5987,2843 5956,2862 5928,2855"/>
                <Baseline points="5945,2883 6034,2888 6124,2888 6195,2888"/>
                <TextEquiv>
                    <Unicode>not</Unicode>
                </TextEquiv>
            </TextLine>
            <TextLine id="tr_1_tl_23" custom="readingOrder {index:22;}">
                <Coords points="3845,2896 3886,2918 3917,2896 3936,2912 3989,2896 4018,2915 4055,2903 4115,2915 4137,2896 4175,2925 4203,2906 4285,2906 4285,2843 4197,2818 4168,2827 4118,2808 4087,2830 4046,2811 4021,2830 3886,2808 3845,2821"/>
                <Baseline points="3861,2888 3951,2883 4040,2888 4130,2883 4220,2883 4291,2888"/>
                <TextEquiv>
                    <Unicode>Dichter.</Unicode>
                </TextEquiv>
            </TextLine>
            <TextLine id="tr_1_tl_24" custom="readingOrder {index:23;}">
                <Coords points="4866,2956 4938,2946 4951,2959 5010,2937 5048,2959 5101,2934 5127,2950 5139,2937 5155,2940 5158,2859 5117,2859 5067,2827 5001,2859 4976,2884 4947,2887 4929,2871 4891,2890 4869,2887"/>
                <Baseline points="4882,2924 4894,2924 4984,2924 5073,2918 5163,2912"/>
                <TextEquiv>
                    <Unicode>en die</Unicode>
                </TextEquiv>
            </TextLine>
            <TextLine id="tr_1_tl_25" custom="readingOrder {index:24;}">
                <Coords points="4316,3056 5701,3022 6339,3104 6418,3091 6421,2884 4316,2968"/>
                <Baseline points="4333,3032 4363,3032 4452,3032 4542,3026 4631,3026 4721,3026 4810,3026 4900,3026 4990,3026 5079,3026 5169,3020 5258,3020 5348,3014 5437,3014 5527,3014 5616,3008 5706,3008 5795,3002 5885,3002 5974,3008 6064,3008 6154,3002 6243,3002 6333,3002 6422,3002"/>
                <TextEquiv>
                    <Unicode>Unten steigt es in analogor Ordnung ab,</Unicode>
                </TextEquiv>
            </TextLine>
            <TextLine id="tr_1_tl_26" custom="readingOrder {index:25;}">
                <Coords points="3839,3235 6326,3201 6330,3085 5755,3044 3842,3179"/>
                <Baseline points="3855,3235 3915,3235 4005,3229 4094,3229 4184,3223 4273,3217 4363,3217 4452,3211 4542,3205 4631,3199 4721,3193 4810,3187 4900,3181 4990,3181 5079,3175 5169,3175 5258,3169 5348,3169 5437,3169 5527,3169 5616,3169 5706,3163 5795,3163 5885,3163 5974,3157 6064,3157 6154,3157 6243,3157 6333,3145"/>
                <TextEquiv>
                    <Unicode>auf der linken Seite vom Pfaffen über den Poli-</Unicode>
                </TextEquiv>
            </TextLine>
            <TextLine id="tr_1_tl_27" custom="readingOrder {index:26;}">
                <Coords points="3851,3393 6279,3364 6301,3251 4696,3220 3851,3305"/>
                <Baseline points="3867,3354 3891,3354 3981,3360 4070,3360 4160,3354 4249,3354 4339,3348 4428,3348 4518,3348 4608,3342 4697,3342 4787,3342 4876,3336 4966,3336 5055,3336 5145,3336 5234,3336 5324,3330 5413,3324 5503,3324 5592,3318 5682,3318 5771,3318 5861,3318 5951,3318 6040,3312 6130,3312 6219,3312 6309,3306"/>
                <TextEquiv>
                    <Unicode>tiker,auf der anderen Seite vom Sophisten über</Unicode>
                </TextEquiv>
            </TextLine>
            <TextLine id="tr_1_tl_28" custom="readingOrder {index:27;}">
                <Coords points="5403,3421 5444,3424 5475,3402 5544,3430 5623,3415 5745,3415 5752,3342 5733,3342 5711,3320 5683,3349 5623,3330 5566,3358 5516,3327 5469,3358 5444,3339 5409,3336"/>
                <Baseline points="5419,3396 5485,3384 5575,3384 5664,3378 5754,3366"/>
                <TextEquiv>
                    <Unicode>i Achale</Unicode>
                </TextEquiv>
            </TextLine>
            <TextLine id="tr_1_tl_29" custom="readingOrder {index:28;}">
                <Coords points="3851,3521 4062,3590 4759,3493 6295,3506 6292,3383 3854,3443"/>
                <Baseline points="3867,3509 3885,3509 3975,3515 4064,3509 4154,3509 4243,3509 4333,3509 4423,3503 4512,3497 4602,3497 4691,3497 4781,3491 4870,3491 4960,3491 5049,3491 5139,3491 5228,3485 5318,3485 5407,3485 5497,3485 5586,3485 5676,3479 5766,3473 5855,3473 5945,3467 6034,3467 6124,3467 6213,3473 6303,3473"/>
                <TextEquiv>
                    <Unicode>den Tagschreiber (Journalisten) zum Literaten.</Unicode>
                </TextEquiv>
            </TextLine>
            <TextLine id="tr_1_tl_30" custom="readingOrder {index:29;}">
                <Coords points="4335,3685 6217,3672 6251,3534 5827,3603 5431,3524 5023,3537 4932,3603 4853,3550 4338,3581"/>
                <Baseline points="4351,3658 4375,3658 4464,3653 4554,3658 4643,3653 4733,3653 4822,3641 4912,3647 5001,3641 5091,3641 5181,3641 5270,3641 5360,3641 5449,3635 5539,3635 5628,3635 5718,3635 5807,3629 5897,3623 5986,3623 6076,3623 6165,3617 6255,3617"/>
                <TextEquiv>
                    <Unicode>In diesem Auf- und Absteigen und mit</Unicode>
                </TextEquiv>
            </TextLine>
            <TextLine id="tr_1_tl_31" custom="readingOrder {index:30;}">
                <Coords points="3917,3748 5456,3719 5588,3823 5924,3713 6191,3757 6195,3644 3920,3666"/>
                <Baseline points="3933,3736 4023,3742 4112,3736 4202,3736 4291,3736 4381,3736 4470,3736 4560,3730 4649,3730 4739,3730 4828,3724 4918,3724 5007,3718 5097,3724 5187,3718 5276,3718 5294,3712 5306,3712 5395,3712 5485,3712 5575,3712 5664,3706 5754,3706 5843,3706 5933,3700 6022,3700 6112,3700 6201,3694"/>
                <TextEquiv>
                    <Unicode>der Bezeichnung links und rechte wird keine</Unicode>
                </TextEquiv>
            </TextLine>
            <TextLine id="tr_1_tl_32" custom="readingOrder {index:31;}">
                <Coords points="3854,3861 4809,3867 5133,3801 5434,3851 5566,3820 5569,3732 3857,3738"/>
                <Baseline points="3873,3826 3963,3826 4052,3826 4142,3826 4232,3820 4321,3820 4411,3820 4500,3814 4590,3814 4679,3808 4769,3808 4858,3802 4948,3802 5037,3802 5127,3802 5216,3802 5306,3796 5395,3796 5485,3796 5575,3796"/>
                <TextEquiv>
                    <Unicode>Rangordnung und keine Gesinnung</Unicode>
                </TextEquiv>
            </TextLine>
            <TextLine id="tr_1_tl_33" custom="readingOrder {index:32;}">
                <Coords points="5953,3876 5994,3870 6015,3886 6025,3876 6069,3908 6094,3898 6135,3920 6179,3908 6151,3766 6119,3773 6091,3751 6041,3744 6022,3766 5997,3760 5975,3791 5937,3795"/>
                <Baseline points="5963,3849 6052,3867 6142,3885 6183,3891"/>
                <TextEquiv>
                    <Unicode>1.11</Unicode>
                </TextEquiv>
            </TextLine>
            <TextLine id="tr_1_tl_34" custom="readingOrder {index:33;}">
                <Coords points="4225,4002 4976,3971 5064,4015 5284,3939 5818,4008 5821,3826 5491,3879 5343,3829 5073,3905 4869,3848 4225,3901"/>
                <Baseline points="4243,3957 4303,3957 4393,3957 4482,3957 4572,3951 4661,3951 4751,3945 4840,3945 4930,3945 5019,3939 5109,3927 5198,3933 5288,3939 5378,3939 5467,3939 5557,3939 5646,3933 5736,3933 5825,3933"/>
                <TextEquiv>
                    <Unicode>so dass einer einle gegen bruder</Unicode>
                </TextEquiv>
            </TextLine>
        </TextRegion>
    </Page>
</PcGts>
