6696 4456
3782 578 6206 837 heit, aber auch wenn er sie für erreichbar hie-
3809 759 6140 1012 te, würde sie nicht das erstrebenswerte End-
3803 918 6158 1177 zielf für ihn bedeuten. Es käme ihm nur darauf
4881 1045 5366 1156 mogli tat
3812 1069 6203 1301 an, sich auf dem Wege dahin zu unterhalten, zu
3815 1250 6194 1466 wirken und zu blenden. Das schillernde Parado-
3815 1391 6004 1638 kon gehört ihm vor allem zu und für seine
3830 1563 6143 1801 Zwecke bedeuten ihn Wahrheit und Lüge durch-
3839 1741 5330 1987 aus gleichwertige Elemente.
