6824 4360
4621 519 4919 730 1.ut
5805 600 5988 805 33
4027 774 6358 1001 Der Priester, im Ursinn ist Spender der gött-
3580 917 3925 1112 # (vituelle)
4037 954 5774 1088 lichen Gnadenmittel / Die Vieldeuti
5876 957 6209 1103 eit die
4372 1081 5771 1184 Dier aber ist er in allen berißmäss. xi Jo en
5876 1072 6234 1175 Seite
3664 1091 3950 1287 reluy.
4027 1140 6364 1274 ses worts ergibt sich von selbst. Als-Typus e
5786 1246 6510 1395 ommt aengl d
4018 1268 6339 1423 innerhalb meines Diogramms ist er (vor allem
3810 1346 4876 1507 Beichtrete in ritwel to
4015 1436 6411 1576 Helfer, Tröster, Berater,Freund (des Hilfesuchen-
4015 1572 6342 1753 den im höchsten Sinn. Der priesterliche Beruf
4002 1715 6395 1917 legitimiert natürlich im hohen Grade zur Spen-
6081 1840 6554 1973 geant lui.
3996 1858 6495 2119 dung solcher Gnadenmittel, ob man (sie nun stelt
4009 2023 6184 2222 göttlich oder menschlich nennen will. Es
4002 2197 6209 2408 ist nicht durchaus nötig, dass der Priester
4444 2306 4711 2415 glants
3990 2349 6231 2551 ein Glaubender im religiösen einne ist, der
4528 2458 5295 2576 Bour 1er pladt de Ch
3984 2514 6212 2707 Priester kann ebenso ein Zweifler sein als
3981 2610 6268 2865 der Philosoph ein Glaubender sein kann.Denn
3974 2784 6318 3008 auch Glaube und Zweifel gehören nicht zu den
3984 2996 6299 3185 Geistesverfassungen, sondern xxx den Seelen zu-
3965 3080 6324 3337 ständen, da beide sich sowohl auf der positi-
3962 3278 6389 3468 ven als auf der negativen Seite finden können.
4236 3412 6293 3620 über den Brief der Seelenseidisch p al fürlemehr -
4242 3536 6131 3745 die eine tief eerste M. erfmerkam mach, wir
4431 3679 4804 3869 mete...
