6824 4360
6130 317 6321 553 24
4011 585 6250 776 Man vergasse nicht, dass innerhalb des Dia-
4033 693 6213 944 gramms der Geist im Wort jeder Typus eben
4036 867 6204 1095 den unwiderstehlichen Drang verspürt, sich
4045 1061 6064 1249 im Wort kundzugeben, dass ihm sozusagen
4053 1175 6133 1395 nichts anderes übrig bleibt, sein Wesen
4045 1375 6278 1537 auszudrücken, dass aber die spezifische Be-
4056 1492 6318 1734 gabung sowohl schriftstellerischer als poe-
4068 1609 6196 1863 tischer Natur in ihrer Quantität mit dem
4036 1791 6333 2071 Typus,dem spezifischen Typus direkt nichts
4082 1931 6355 2151 zu tun hat.Es kann geborene Dichter mit ge¬
4071 2119 6258 2311 ringerer dichterischer Begabung geben, als
4085 2239 6290 2487 etaa einen Histpriker und eine Historiker
4068 2425 6039 2644 mit grösserer dichterischer Begabung?
4253 2596 5842 2949 (vielleicht ein Rt.)
