6728 4472
742 2395 970 2557 Monsieur M.
814 2542 976 2742 P.S.
730 2697 1147 2922 G.C.F.K.P.
551 2853 1171 3075 G.C.H.F.P.S
581 2994 880 3224 G.C.F.P.
479 3598 674 3784 Je ne sais
3826 650 6107 949 Zum Wesen des Priesters und des Staatsmanns
5494 805 5928 910 rechten.)
3898 853 6119 1090 also der Typen auf der zufällig Seite des
3844 1018 6236 1254 preiecks, gehört es, dass sie sich als Erfüller
3856 1183 6074 1407 einer Sendung,einer göttlichen Aufgabe er-
3862 1287 6242 1578 scheinen, ein gewisser Grad von Intuition,der
3856 1446 6089 1706 Glaube an eine Mission, ist für sie charak-
3895 1605 6251 1856 teristisch und bedeutungsvoll.Der Philosoph
3889 1742 6278 2009 wie der Historiker, die Typen der rechten Sei-
3910 1955 6209 2164 te also, sind auf Tatsachen und Erkenntnisse
3892 2093 6227 2353 in höherem Grade angewiesen.Sie werden durch
3901 2260 6308 2479 Zweifel gefördert, während dem Priester und dem
3895 2401 6227 2623 Staatsmann Zweifel gefährlich werden können.
4446 2524 6236 2769 Wohl ist Philosoph und Historiker,
3955 2691 6146 2940 niemals aber Priester und Staatsmann ohne
3961 2832 6122 3084 mystischen Pinschlag zu denken, doch fehlt
3946 2952 6203 3251 es nicht an Priestern und Staatsmännern,die
