6819 4360
6411 352 6610 521 n
4632 391 5593 617 (in een cropt rep
5123 506 5761 704 is al & Febor
3880 533 4202 725 4 Rep.
3726 575 4915 816 Dresse représiste, de de
3735 608 6161 915 Er muss sich am meisten vor der sehnsucht nach
3772 759 5999 1084 dem positiven neich hüten, er feindet es am
3784 906 6104 1237 grimmigsten an for ist zusammen mit dem Poli-
4744 948 4942 1047 de
3416 867 3570 1171 1er4
4765 1072 5424 1207 (admis le seul)
3808 1096 6101 1361 tiker und Spekulanten das eigentlich saiani-
3805 1156 6201 1514 sche Element der Welt.Gerade innerhalb diesem
3817 1370 6020 1655 Repusx des journalistischen Berufs gibt es
4912 1505 5900 1662 imolut. Tag hierbei.. Tagesneur
3835 1556 5984 1839 Viele,die vom Urtypus überhaupt nichts an
3823 1695 6011 2008 sich haben, weil ja (dieser Beruf besonders
3853 1872 6116 2149 geeignet scheint alle möglichen Elemente in
3871 1999 6095 2282 sich aufzunehmen,die anderswo nichts errei-
3886 2294 6288 2625 (Im sinne dieses Diogramms lässt sich so wenig
3862 2336 4169 2459 chen.
3904 2453 6192 2775 von anständigen Journalisten als von anst än-
3919 2649 6080 2893 digen Politikern oder anständigen Pfaffen
3928 2760 6174 3094 sprechen.Solche Anständigkeit wird nur vor-
3922 2953 6167 3287 getäuscht durch Mangel an Begabung oder an
3919 3094 5370 3404 Energie oder an Frechheit.
3955 3242 6255 3525 Zuweilen kommt es vor, dass Vertreter der po-
3934 3386 6252 3693 sitiven Seite in den journalistischen Beruf
3985 3555 6116 3838 goraton. - ist in den heil von Vuhllem. nicht aus
5752 3666 5960 3769 wth
5123 3690 5427 3853 ,wyl
4184 3720 6074 4006 is abtiented Neußprindieter i Syne
4500 3726 6369 4021 Strelink; - (de un trad: it. tyam) - on tichter -
4070 3985 4762 4088 as in <gap/>
