5256 4200
3358 887 4322 1023 DERGEISTIM WORT
3184 1112 4585 1238 Dieses Diogramm (wie auch das andere),
3080 1212 4585 1304 stellt, wie man sieht, zwei gegenständige Drei¬
3086 1302 4322 1408 ecke mit einer gemeinsamen Basis dar.
3163 1370 4590 1482 Das obere Dreieck hat das positive, ins
3092 1465 4594 1559 Göttliche, das untere das negative, ins
3092 1561 4606 1648 Teu flische gerichtete Gebiet des menschlichen
3096 1638 4600 1740 Geistes zu bedeuten, insoweit er sich durch das
3092 1755 3992 1857 Wort kundzugeben vermag.
3163 1818 4617 1925 Die linke Seite des oberen Dreickes steigt
3090 1929 4600 2001 auf vom Priester über den Staatsmann, die
3092 2010 4579 2091 rechte vom Philosphen über den Histori¬
3092 2097 4260 2206 ker (Kontinualisten) zum Dichter.
3180 2186 4607 2280 Die linke Seite des unteren Dreiecks steigt
3103 2269 4613 2356 ab vom Pfaffen über den Politiker, die rechte
3116 2354 4607 2454 Seite vom Sophisten über den Journalisten
3122 2463 4102 2552 (Aktualisten) zum Literaten.
3175 2546 4615 2631 Zur Bezeichnung der Typen sind im allge-
3103 2620 4606 2712 meinen nicht die verhältnismäßig zutreffend-
3116 2733 4607 2809 sten, sondern die einprägsamsten Worte ge¬
3116 2799 4621 2914 wählt; doch sind bei einzelnen Typen Varianten
3103 2890 4613 2984 zum näheren Verständnis in Klammern beige¬
3128 2975 4615 3077 fügt oder werden auch nur im Text erwähnt.
