6792 4360
3947 515 6236 758 Eine Geistesverfassung wird niemals durch e
3947 725 6191 922 nen Seelenzustand bestimmt, aber der Seelen-
3947 881 6128 1084 zustand trägt zur Nuancierung der Geistes-
3965 988 6152 1243 verfassung bei manchmal in so hohem Masse,
4909 1144 5092 1237 run
3935 1174 5729 1321 dass die Diagnose-erschwert-wird.
3941 1288 6269 1506 xx Von den Seelenzuständen (vor allem von ih
3953 1498 6248 1674 rer höchsten Abart, den Charakteranlagen, wird
6035 1581 6304 1701 "Feyel
3953 1653 6188 1818 es manchmal abhängen, welche Bezeichnung wir
3938 1809 6143 1971 einem bestimmten Repräsentanten einer Gei-
4798 1902 5053 2001 geben
3941 1935 6263 2135 stesverfassung mühlen werden (unter den von
5708 2040 6260 2192 oh iue  "  B. in
3947 2117 5652 2282 mir angegebenen Bezeichnungen ).
3896 2213 6298 2429 (So wird es von den Charakteranlagen abhängen,
3995 2438 6325 2567 ob wir einen Repräsentanten des Typus, der im
3935 2558 6322 2701 Diogramm „Das Wort in der Tat“ auf der negati-
3959 2701 6206 2914 ven Seite die Spitze des Dreiecks einnimmt,
3938 2839 6310 3022 als Narrn,Schwindler oder Hochstapler bezeichnet.
3953 3010 5106 3262 nen werden.
