<?xml version="1.0" encoding="UTF-8" standalone="yes"?>
<PcGts xmlns="http://schema.primaresearch.org/PAGE/gts/pagecontent/2013-07-15" xmlns:xsi="http://www.w3.org/2001/XMLSchema-instance" xsi:schemaLocation="http://schema.primaresearch.org/PAGE/gts/pagecontent/2013-07-15 http://schema.primaresearch.org/PAGE/gts/pagecontent/2013-07-15/pagecontent.xsd">
    <Metadata>
        <Creator>prov=READ-COOP:name=TrHtr:version=2.1.0:model_id=51170:date=28_07_2023_08:51</Creator>
        <Created>2023-05-10T11:17:12.761+02:00</Created>
        <LastChange>2023-07-28T08:51:40.116+02:00</LastChange>
        <TranskribusMetadata docId="1428141" pageId="55385488" pageNr="77" tsid="131327092" status="IN_PROGRESS" userId="64420" imgUrl="https://files.transkribus.eu/Get?id=MUWCEWZUFTFOSURXYJEKPFDB&amp;fileType=view" xmlUrl="https://files.transkribus.eu/Get?id=BUJRTPTOZHZRQBNGGZOWSCMW" imageId="44660387"/>
    </Metadata>
    <Page imageFilename="1428141_0077.jpg" imageWidth="6872" imageHeight="4392">
        <ReadingOrder>
            <OrderedGroup id="ro_1711822811286" caption="Regions reading order">
                <RegionRefIndexed index="0" regionRef="tr_1"/>
            </OrderedGroup>
        </ReadingOrder>
        <TextRegion id="tr_1" custom="readingOrder {index:0;}">
            <Coords points="4427,421 6504,421 6504,3184 4427,3184"/>
            <TextLine id="tr_1_tl_1" custom="readingOrder {index:0;}">
                <Coords points="6029,516 6044,519 6057,506 6080,501 6100,521 6118,511 6140,511 6161,491 6173,501 6191,498 6196,364 6181,364 6158,342 6145,342 6123,359 6097,357 6077,372 6034,369"/>
                <Baseline points="6044,477 6104,471 6194,471"/>
                <TextEquiv>
                    <Unicode>31</Unicode>
                </TextEquiv>
            </TextLine>
            <TextLine id="tr_1_tl_2" custom="readingOrder {index:1;}">
                <Coords points="4410,686 6350,653 6393,519 6163,491 6026,567 5751,574 4997,531 4412,605"/>
                <Baseline points="4427,662 4517,656 4606,650 4696,650 4785,644 4875,644 4964,644 5054,638 5143,638 5233,632 5322,632 5412,632 5501,632 5591,632 5680,626 5770,626 5859,626 5949,626 6039,626 6128,626 6218,620 6307,620 6397,626"/>
                <TextEquiv>
                    <Unicode>Der Prophet sowohl wie der Tückehold</Unicode>
                </TextEquiv>
            </TextLine>
            <TextLine id="tr_1_tl_3" custom="readingOrder {index:2;}">
                <Coords points="4425,825 6434,820 6459,706 4425,708"/>
                <Baseline points="4439,799 4493,793 4582,793 4672,793 4761,793 4851,793 4941,793 5030,793 5120,793 5209,793 5299,787 5388,787 5478,787 5567,787 5657,787 5746,781 5836,781 5925,781 6015,781 6104,781 6194,775 6283,775 6373,781 6462,787"/>
                <TextEquiv>
                    <Unicode>bewegen sich in einem Bezirk des Wahns.</Unicode>
                </TextEquiv>
            </TextLine>
            <TextLine id="tr_1_tl_4" custom="readingOrder {index:3;}">
                <Coords points="4430,977 6345,989 6419,972 6419,827 6026,893 5143,840 4873,908 4430,891"/>
                <Baseline points="4445,936 4535,942 4624,948 4714,948 4803,948 4893,948 4982,948 5072,948 5161,942 5251,942 5340,942 5430,942 5519,942 5609,936 5698,936 5788,936 5877,936 5967,936 6056,936 6146,936 6235,936 6325,930 6414,930 6426,936"/>
                <TextEquiv>
                    <Unicode>Für den nationalisten wird der Prophet</Unicode>
                </TextEquiv>
            </TextLine>
            <TextLine id="tr_1_tl_5" custom="readingOrder {index:4;}">
                <Coords points="4420,1121 5756,1161 6272,1108 6272,1025 5374,992 4420,1045"/>
                <Baseline points="4433,1109 4487,1109 4576,1103 4666,1109 4756,1103 4845,1103 4935,1103 5024,1103 5114,1103 5203,1103 5293,1098 5382,1098 5472,1092 5561,1098 5651,1092 5740,1092 5830,1092 5919,1092 6009,1092 6098,1086 6188,1086 6277,1086"/>
                <TextEquiv>
                    <Unicode>stets ein religiös Wahnsinniger, der</Unicode>
                </TextEquiv>
            </TextLine>
            <TextLine id="tr_1_tl_6" custom="readingOrder {index:5;}">
                <Coords points="4438,1331 5103,1265 5422,1346 6153,1293 6411,1250 6414,1111 6150,1184 4440,1197"/>
                <Baseline points="4451,1265 4541,1259 4630,1259 4720,1259 4809,1259 4899,1259 4988,1253 5078,1259 5167,1259 5257,1253 5346,1253 5436,1253 5525,1253 5615,1253 5704,1247 5794,1247 5883,1247 5973,1247 6062,1247 6152,1241 6241,1241 6331,1241 6420,1235"/>
                <TextEquiv>
                    <Unicode>Tückehold ein pathologischer Bösewicht</Unicode>
                </TextEquiv>
            </TextLine>
            <TextLine id="tr_1_tl_7" custom="readingOrder {index:6;}">
                <Coords points="4420,1460 4450,1452 4471,1467 4503,1457 4524,1475 4569,1447 4605,1452 4637,1437 4708,1450 4706,1384 4673,1381 4630,1346 4597,1354 4582,1338 4572,1343 4536,1323 4483,1361 4417,1359"/>
                <Baseline points="4433,1420 4523,1414 4612,1414 4702,1426 4714,1426"/>
                <TextEquiv>
                    <Unicode>sein.</Unicode>
                </TextEquiv>
            </TextLine>
            <TextLine id="tr_1_tl_8" custom="readingOrder {index:7;}">
                <Coords points="4468,1594 6398,1589 6497,1558 6497,1437 5050,1521 4873,1457 4468,1470"/>
                <Baseline points="4481,1575 4535,1569 4624,1569 4714,1563 4803,1563 4893,1563 4982,1563 5072,1563 5161,1563 5251,1557 5340,1557 5430,1563 5519,1557 5609,1557 5698,1557 5788,1557 5877,1557 5967,1551 6056,1551 6146,1551 6235,1545 6325,1545 6414,1545 6504,1545"/>
                <TextEquiv>
                    <Unicode>Das Wirken und das Dasein dieser beiden</Unicode>
                </TextEquiv>
            </TextLine>
            <TextLine id="tr_1_tl_9" custom="readingOrder {index:8;}">
                <Coords points="4435,1796 4736,1733 6320,1766 6338,1624 4438,1660"/>
                <Baseline points="4451,1724 4463,1730 4553,1718 4642,1724 4732,1724 4821,1724 4911,1718 5000,1718 5090,1718 5179,1712 5269,1712 5358,1712 5448,1712 5537,1712 5627,1712 5716,1706 5806,1712 5895,1706 5985,1706 6074,1706 6164,1706 6253,1700 6343,1700"/>
                <TextEquiv>
                    <Unicode>Typen hat mit der Realität kaum mehr</Unicode>
                </TextEquiv>
            </TextLine>
            <TextLine id="tr_1_tl_10" custom="readingOrder {index:9;}">
                <Coords points="4435,1920 4574,1905 4655,1933 4764,1885 4865,1913 5065,1887 5111,1913 5133,1903 5136,1814 4987,1827 4934,1801 4878,1829 4724,1786 4559,1822 4519,1799 4438,1806"/>
                <Baseline points="4451,1879 4541,1873 4630,1873 4720,1873 4809,1873 4899,1867 4988,1873 5078,1873 5143,1885"/>
                <TextEquiv>
                    <Unicode>etwas zu tun.</Unicode>
                </TextEquiv>
            </TextLine>
            <TextLine id="tr_1_tl_11" custom="readingOrder {index:10;}">
                <Coords points="4443,2077 5953,2027 6386,2075 6434,1943 6269,1887 6049,1966 5518,1905 5331,1971 4445,1941"/>
                <Baseline points="4457,2028 4469,2028 4559,2028 4648,2028 4738,2028 4827,2022 4917,2022 5006,2022 5096,2022 5185,2022 5275,2022 5364,2022 5454,2022 5543,2016 5633,2016 5722,2022 5812,2016 5901,2016 5991,2022 6080,2016 6170,2011 6259,2011 6349,2011 6438,2011"/>
                <TextEquiv>
                    <Unicode>Daher bilden sie den Uebergang zu Gott</Unicode>
                </TextEquiv>
            </TextLine>
            <TextLine id="tr_1_tl_12" custom="readingOrder {index:11;}">
                <Coords points="4430,2201 4665,2229 4873,2191 4959,2229 5073,2196 5113,2231 5199,2234 5288,2204 5288,2105 5171,2087 5014,2130 4944,2105 4701,2138 4660,2102 4589,2135 4430,2128"/>
                <Baseline points="4445,2184 4535,2184 4624,2184 4714,2184 4803,2184 4893,2184 4982,2178 5072,2178 5161,2178 5251,2184 5293,2190"/>
                <TextEquiv>
                    <Unicode>resp.zum Teufel.</Unicode>
                </TextEquiv>
            </TextLine>
            <TextLine id="tr_1_tl_13" custom="readingOrder {index:12;}">
                <Coords points="4420,2350 4916,2419 5022,2343 5391,2429 5677,2355 6297,2355 6330,2242 5948,2274 5753,2221 5343,2295 5085,2209 4643,2307 4420,2249"/>
                <Baseline points="4433,2339 4457,2339 4547,2333 4636,2339 4726,2339 4815,2333 4905,2333 4994,2333 5084,2333 5173,2333 5263,2333 5352,2333 5442,2327 5531,2327 5621,2327 5710,2327 5800,2327 5889,2327 5979,2321 6068,2321 6158,2321 6247,2321 6337,2315"/>
                <TextEquiv>
                    <Unicode>Die Ahnung Gottes, des Teufels ist in</Unicode>
                </TextEquiv>
            </TextLine>
            <TextLine id="tr_1_tl_14" custom="readingOrder {index:13;}">
                <Coords points="4438,2535 4465,2535 4516,2507 4594,2522 4617,2505 4645,2512 4660,2497 4744,2538 4784,2535 4782,2454 4761,2462 4693,2419 4597,2424 4574,2439 4481,2398 4435,2411"/>
                <Baseline points="4451,2494 4541,2488 4630,2488 4720,2494 4791,2500"/>
                <TextEquiv>
                    <Unicode>ihnen.</Unicode>
                </TextEquiv>
            </TextLine>
            <TextLine id="tr_1_tl_15" custom="readingOrder {index:14;}">
                <Coords points="4465,2659 5141,2692 5353,2646 5536,2712 5649,2649 6242,2629 6181,2525 6064,2563 5968,2507 5429,2583 4468,2570"/>
                <Baseline points="4481,2643 4547,2643 4636,2643 4726,2643 4815,2643 4905,2643 4994,2643 5084,2637 5173,2637 5263,2637 5352,2637 5442,2637 5531,2637 5621,2631 5710,2631 5800,2631 5889,2631 5979,2631 6068,2625 6158,2625 6247,2631"/>
                <TextEquiv>
                    <Unicode>Sie sind beide im wahren Sinn des</Unicode>
                </TextEquiv>
            </TextLine>
            <TextLine id="tr_1_tl_16" custom="readingOrder {index:15;}">
                <Coords points="4438,2818 5022,2864 5437,2803 5705,2877 5849,2803 6373,2821 6376,2692 4438,2727"/>
                <Baseline points="4451,2798 4541,2798 4630,2798 4720,2798 4809,2792 4899,2792 4988,2792 5078,2792 5167,2792 5257,2792 5346,2786 5436,2786 5525,2786 5615,2786 5704,2786 5794,2786 5883,2786 5973,2786 6062,2786 6152,2786 6241,2786 6331,2792 6379,2798"/>
                <TextEquiv>
                    <Unicode>Worts besessen,daher verhältnismässig</Unicode>
                </TextEquiv>
            </TextLine>
            <TextLine id="tr_1_tl_17" custom="readingOrder {index:16;}">
                <Coords points="4438,2980 4969,3033 5708,2985 6080,3046 6080,2882 6006,2869 5189,2834 4878,2912 4663,2851 4438,2882"/>
                <Baseline points="4451,2959 4475,2953 4565,2953 4654,2953 4744,2947 4833,2947 4923,2947 5012,2947 5102,2947 5191,2947 5281,2947 5370,2947 5460,2947 5549,2947 5639,2941 5728,2941 5818,2947 5907,2941 5997,2941 6086,2953"/>
                <TextEquiv>
                    <Unicode>unfreier als die übrigen Typen.</Unicode>
                </TextEquiv>
            </TextLine>
            <TextLine id="tr_1_tl_18" custom="readingOrder {index:17;}">
                <Coords points="4774,3195 4858,3180 4885,3206 4921,3185 4956,3203 4997,3180 5014,3200 5078,3185 5133,3203 5305,3162 5404,3213 5429,3206 5434,3104 5240,3109 5111,3041 5060,3084 5030,3071 4928,3107 4873,3066 4779,3051"/>
                <Baseline points="4791,3168 4809,3174 4899,3174 4988,3168 5078,3168 5167,3162 5257,3162 5346,3156 5436,3156"/>
                <TextEquiv>
                    <Unicode>Thepl. Reberck</Unicode>
                </TextEquiv>
            </TextLine>
        </TextRegion>
    </Page>
</PcGts>
