5224 4184
817 548 2342 716 einer gewissen aristokratischen inneren Lebens¬
835 663 2344 800 haltung, einen spielerisch angelegten Geist, dem
837 753 2342 884 es weniger auf die. Vollendung eines Werkes an¬
829 825 2363 995 kommt als auf die Schaffens- oder Spielfreude
831 947 2347 1072 an sich. Manchmal wieder nennt man so irgend¬
837 1010 2336 1157 ein mäßig begabtes Individuum, das sich an Auf¬
848 1123 2347 1243 gaben heranwagt, denen es nicht gewachsen ist,
840 1182 2363 1339 und das durch seine unbegründeten Ambitionen
840 1289 1923 1432 kläglich oder lächerlich erscheint.
913 1345 2372 1484 Der Dilettantismus als Seelenzustand hat
846 1459 2355 1595 mit dem Grad der Begabung nichts zu tun.
932 1528 2361 1702 Literaten sind dilettantischen Seelenzustän¬
852 1614 2363 1769 den weniger unterworfen (und müssen sich auch
852 1717 2384 1857 mehr vor ihnen hüten) als Dichter. Es gibt
873 1807 2372 1931 eine Art von Dilettantismus, für den als rich-
867 1893 2384 2030 tigere Bezeichnung das aus der Pychopathologie
879 1996 2389 2114 geholte, in Laienkreisen wenig populäre Wort
877 2074 2382 2208 Matoidismus in Frage käme, ein Zustand, der
865 2145 2372 2305 sich in Kürze als eine Verbindung von Schwach-
877 2240 2365 2374 sinn mit irgendeiner spezifischen, meist künstle-
865 2336 2372 2472 rischen Begabung in wechselnden Mischungsver-
873 2418 2386 2550 hältnissen charakterisieren ließe. Es gibt Matoide,
860 2517 2391 2647 die gelegentlich wie bizarre Talente, andere
877 2590 2384 2750 (oder die gleichen bei anderer Gelegenheit), die
865 2706 2212 2833 wie Flachköpfe oder wie Narren wirken.
953 2777 2384 2903 Es gibt Dichter von hohem Rang, die zu
873 2834 2386 3014 manchen Epochen ihrer Existenz oder in Be¬
873 2938 2389 3104 ziehung auf das eine oder andere Werk dilettan-
879 3039 2378 3184 tisch eingestellt waren. Und es gibt auch Dich-
907 3117 2382 3264 ter, nicht nur Literaten von dichterischer Be¬
3004 533 4504 663 gabung, — die eine zweifellos matoide Anlage
3003 636 4513 758 aufweisen. (Manche der sogenannten „verkann¬
3022 730 3973 837 ten Genies“ gehören hierher.)
3075 810 4508 902 Der Seelenzustand des Feuilletonismus ge-
3008 905 4521 1007 hört (im Gegensatz zu dem des Dilettantismus)
3014 997 4521 1098 zu denjenigen, die eine Affinität wohl nur zu
3014 1070 4544 1190 den Typen des negativen Gebietes zeigen, und
3016 1165 4521 1270 zwar besteht eine besonders starke Affinität des
3016 1263 4519 1356 Seelenzustandes Feuilletonismus zur
3039 1348 4246 1446 Geistesverfassung Journalismus.
3087 1410 4531 1532 Das Charakteristische des feuilletonisti¬
3022 1517 4527 1614 schen Seelenzustandes: Mangel an Verantwor-
3022 1599 4525 1708 tungsgefühl, Gleichgültigkeit gegenüber dem
3022 1681 4513 1795 „Wesentlichen“, Unsachlichkeit, Oberflächlich-
3016 1759 4519 1874 keit; all dies prädisponiert natürlich bei Vorhan¬
3014 1847 4538 1988 densein einer spezifischen schriftstellerischen Be¬
3033 1937 4544 2053 gabung zur Anwendung resp. Beherrschung
3037 2044 4540 2153 jener künstlerischen Form, die wir Feuilleton
3025 2114 4546 2227 nennen. Es gibt Feuilletonisten von Beruf, es
3027 2193 4548 2326 gibt auch Feuilletonisten von Begabung, die
3037 2302 4548 2395 ihrem Seelenzustande nach (manchmal zu ihrem
3033 2370 4353 2491 Schaden) keineswegs Feuilletonisten sind.
3098 2460 4532 2573 Es gibt natürlich keine spezifische dil’et-
3033 2559 4552 2653 tantische Begabung. Es gibt nur spezifische
3043 2636 4546 2750 Begabungen irgendwelcher Art in Verbindung
3045 2733 4555 2840 mit einer dilettantischen Anlage oder einem
3025 2812 4565 2917 dilettantischen Seelenzustand. (Man kann den
3031 2901 4563 3029 Beruf eines Feuilletonisten, aber nicht den Beruf
3027 2995 3967 3127 eines Dilettanten ergreifen.)
3123 3052 4569 3197 Als Stimmungen bezeichnen wir Seelen.
