6760 4488
3712 789 4467 987 sehr häufig zur
3997 821 6194 1115 meistens als fliessende Seelenzustände zu
3991 1048 4780 1242 werten. Raxxx
4307 1181 6089 1364 Tapferkeit und Feigheit z.B. sind
4008 1315 6336 1527 viel seltener ursprüngliche Charakteranlagen
4005 1501 6316 1666 als man denkt. Es gibt wenige geborene Feig-
4005 1654 6078 1811 linge und noch weniger geborene Helden.
5701 1681 6417 1823 nicht allgeheit
4328 1805 6237 1971 Auch Glaube und Zweifel sind kann je
4023 1933 6356 2148 als Charakteranlage vorhanden.Gerade sie sind
4023 2104 6237 2310 fliessende Seelenzustände kat exkochen und
5285 2191 5724 2299 Mai rui
4034 2270 6264 2432 häufig genug kommen sie als stimmungen vor.
4026 2392 6200 2566 Immerwieder hört man von Gläubigen,die an
4037 2580 6310 2731 ihrem Gott irre wurden, Zweifler,die sich zu
4043 2708 6362 2911 einem Glauben hakakxam oder ganz allgemein
4029 2876 5161 3059 zum Glauben bekehren.
4400 3004 6226 3219 Es kann in derselben Menschenseele
4046 3164 6362 3367 eine bestimmte Figenschaft zugleich als Bega-
4101 3341 6356 3515 bung und aIe Charakteranlage und als flies-
4064 3498 6252 3698 sender Seelenzustand vorhanden sein,z.B.
4049 3651 6339 3855 gibt es zuweilen kritische Begabung im Ver-
4072 3799 6356 4023 ein mit einer Art kritizistischer Charakter-
