6776 4264
5850 572 6033 736 13
5168 717 5695 872 Repraes-
4034 755 4511 938 beveuleur
3721 796 6128 1046 Ein grosser Anlass kann den negativen Typ, für
3724 989 6254 1194 beschränkte Dauer, natürlich immer nur scheinbar.
3740 1131 6179 1390 in seinen positiven Gegentyp verwandeln; merk-
3730 1276 6242 1529 würdige Zeitumstände,eine persönliche,tiefgehen-
3746 1431 6077 1687 de Erfahrung,ein nehes Beispiel, eine heftige
3765 1595 6081 1845 Leidenschaft, manchmal auch ein (kanz) äusse er
3743 1731 6223 2012 Zwang wird solche scheinbare Wandlungen herbei-
4928 1864 5503 1987 Cul Steruh
3756 1917 6147 2142 führen.Auch irgend ein sekundäres Talent kann
4975 2025 5307 2129 wirke
3756 2069 4542 2173 2. du stend Ormond
3753 2037 6229 2293 hiezu Anlass geben. So wird jz.R. ein stark rhe-
5098 2151 5897 2277 indem abel. Stegen
3781 2227 6204 2416 torisch begabter Politiker in öffentlicher Re-
3762 2306 6267 2555 de, die ein Staatsmann auf der Kanzel eine rede-
4634 2524 4842 2603 we
3781 2514 6125 2729 gewandter Pfaff, die ein Priester,ein Literat
3772 2663 6273 2897 unter der Einwirkung eines starken persönlichen
3765 2814 6311 3023 Erlebnisses in irgend einem Werk wie ein Dichter
3800 2979 6276 3187 wirken. Niemals wird ein solcher Trug lange wäh-
5698 3089 5954 3193 erste
3790 3121 6172 3336 ren und der Kenner durchschaut ihn (oft im Au-
3806 3298 6115 3554 genblicke selbst. mit einigen
4514 3468 5297 3652 de ce justielle.
3923 3509 4160 3661 not
