6856 4376
4002 200 4625 432 J'ai siapon
4412 448 5331 710 Sept. Bescheid
5921 490 6092 687 17
5179 671 5515 858 jufert.
3789 732 6318 1022 Es ist die Frage, ob wir es versuchen sollen, die
3818 861 6298 1142 einzelnen hier aufgestellten Typen zu de-inie-
3828 1084 6224 1325 ren.ja ob solche definitionen überhaupt im Be-
5450 1174 6240 1274 My Kis Cheiall
5163 1222 5370 1309 wir
5357 1242 6076 1364 am Reprae e
3831 1251 6424 1451 reich der Möglichkeit liegen, und die Feilen
3764 1413 6150 1606 (Schon der Umstand, dass die Bezeichnungen, die
3841 1529 6240 1748 hier gewählt sind durchaus oder beinahe durch-
4005 1729 4218 1819 allé
3841 1693 6208 1916 aus auch in ganz exakten einn) zur Bezeichnung
4196 1870 4528 1964 vendit
3857 1809 6256 2025 von Berufen dienen, lässt die Schwierigkeit ah-
3851 1980 6318 2251 nen., die darin liegt, die Typen resp.Kategorien,
3851 2135 6260 2374 die Geistesverfassungen zu definieren, die wir
3851 2283 6163 2525 mit dem gleichen Wort bezeichnet haben, ohne
3847 2441 6292 2732 dass sich der Typ und der Beruf zu decken ver-
3864 2661 4257 2841 mögen.)
3909 2706 6150 2999 Ja, man muss vielmehr immer wieder betonen,
3876 2941 6221 3115 dass in m nohen Fällen Geistesverfassung und
3876 3096 6389 3338 gewählter Beruf überhaupt nichts miteinander zu
3893 3302 4460 3489 tun haben.
