5192 4056
911 455 2416 615 Geist und Seele genau so unfaßbar wie vor-
919 590 2433 698 her (ebenso wie durch die Tatsache, daß die
925 689 2422 812 Fähigkeit des Sehens an das Vorhandensein und
907 780 2410 898 die Funktionstüchtigkeit des Nervus opticus ge¬
913 877 2426 980 bunden ist, die Tatsache des Sehens als solche
900 953 1743 1065 keineswegs enträtselt ist).
917 1115 1145 1193 G.C.F.P.P
985 1208 2422 1326 Wir können allgemeine und spezifische
902 1299 1790 1414 Begabungen unterscheiden.
974 1383 2412 1509 Die allgemeinen Begabungen könnte
913 1476 2391 1596 man auch als allgemeine Anlagen intel-
907 1554 2399 1680 lektueller Natur bezeichnen, wie z. B. Fleiß
907 1655 2405 1762 Phantasie, Scharfsinn — im Gegensatz zu den
890 1746 2405 1859 Anlagenethischer Natur, den eigentlichen
896 1826 2399 1942 Charakteranlagen; wie z. B. Güte, Gerech-
894 1910 1724 2034 tigkeit, Grausamkeit usw.
968 2005 2405 2104 Bei manchen allgemeinen Anlagen wird es
902 2093 2405 2188 sich schwer entscheiden lassen, ob sie eher den
883 2163 2399 2273 Anlagen intellektueller oder den Anlagen edhi-
896 2262 2409 2386 scher Natur zuzuzählen sind (z. B. Schlauheit).
961 2353 2405 2456 Die allgemeinen Begabungen sind in
883 2443 2399 2563 Hinsicht auf die Gesamtpersönlichkeit oft bedeu¬
907 2540 2391 2648 tungsvoller als die spezifischen Begabun-
890 2618 2410 2728 gen und je nach ihrem Grade auch mehr oder
883 2719 2386 2823 minder bestimmend für die Entwicklungsmög
883 2791 2399 2915 lichkeiten einer spezifischen Begabung. So wird
881 2884 2412 3000 z. B. die Phantasie fördernd auf die dichterische,
883 2985 2410 3088 der Scharfsinn auf die philosophische Begabung
900 3069 1298 3179 wirken usw.
3031 521 4439 693 Eine allgemeine Begabung darf nicht
2947 656 4444 761 verwechselt werden mit einer vielseitigen
2953 729 4439 856 Begabung, worunter wir bekanntlich das Vor-
2945 833 4439 946 kommen mehrerer verschiedenartiger spezifischer
2953 925 4444 1060 Begabungen in einem und demselben Individuum
2966 1016 3299 1130 verstehen:
3019 1098 4450 1216 Bestimmte allgemeine Begabungen zei¬
2936 1195 4450 1292 gen geradeso wie bestimmte spezifische Begabun-
2936 1261 4450 1395 gen Affinitäten zu bestimmten Geistes-
2947 1362 4458 1474 verfassungen. So wird z. B. die sogenannte
2953 1446 4463 1543 diplomatische Begabung sich besonders häufig
2966 1514 4229 1636 beim Staatsmann und Politiker finden.
3008 1611 4452 1741 Als Beispiele für spezifische Begabun
4604 1672 5005 1847 reçu
2947 1703 4450 1817 gen sei für hundert andere hier vorläufig nur
2947 1788 4469 1895 die dichterische, schriftstellerische, rhetorische
2960 1899 4471 1996 staatsmännische, politische angeführt. Man
2960 1954 4452 2076 merkt hier nicht zum erstenmal, daß für manche
2951 2049 4450 2169 Arten von spezifischer Begabung gleiche Be¬
2953 2138 4456 2258 zeichnungen gebraucht werden, wie sie für
2977 2226 4450 2325 Typen von Geistesverfassungen angewen-
2960 2327 4456 2431 det wurden. Und gerade der Umstand, daß wir
2947 2401 4450 2527 für eine bestimmte spezifische Begabung und
2941 2475 4452 2605 für eine bestimmte Geistesverfassung häufig das
2953 2559 4452 2686 gleiche Wort haben, gibt zu Irrtümern und Fehl-
2947 2646 4444 2772 diagnosen oft verhängnisvollen Anlaß. Aber dich
2960 2755 4461 2871 terische Geistesverfassung und dichterische
2960 2829 4461 2947 Begabung, journalistische Geistesverfassung
2966 2926 4450 3042 und journalistische Begabung usw. sind keines-
2960 3021 4452 3124 wegs dasselbe, und gerade so wie Geistesver-
2966 3071 4458 3234 fassungen und Berufsarten müssen auch
