6840 4344
3989 497 6299 718 Im Wesen bestimmter Seelenzustände liegt es,
4010 679 6278 895 dass sie mit bestimmten Geistesverfassungen
4010 799 6039 1005 dauernd oder zeitweise verbunden sind.
4007 985 6275 1212 Kritizistische Anlage z.B. kann sich ebenso
4016 1140 6314 1320 sehr beim Historiker, als bei seinem Gegentyp
4016 1236 6293 1475 dem Journalisten finden.Dilettantische Sula
4010 1436 6224 1622 ge ebenso beim Dichter,wie beim Literaten,
4034 1628 5937 1816 beim Philosophon,wie beim Sophisten,
4046 1757 6296 1945 (Gerade Kritizismus kommt sowohl als Charak
4046 1885 6248 2146 teranlage wie als fliesseder Seelenzustand
4103 2119 4336 2256 vor.
4088 2143 6260 2388 Aehnliches gilt für den Dilettantismus (Es
4046 2337 6197 2553 gibt sogenannte (rettungslose Dilettanten,
4058 2499 6320 2696 andererseits gibt es z.B. Dichter von hohem
4049 2675 6278 2870 Rang, die zu manchen Epochen ihrer Existenz
4067 2816 6287 3028 in Beziehung auf das eine oder andere Werk
4070 2990 5719 3181 dilettantisch eingestellt sind.
4058 3115 6464 3307 Eine Geistesverfassung kann,wie schon gesagt,
4064 3262 6308 3525 niemals durch einen Seelenzustand bestimmt
4079 3414 6281 3663 werden, aber sie wird dadurch nuanciert, am
4067 3576 6446 3780 stärksten durch Charakteranlagen und Begabun¬
