6856 4440
5956 453 6124 598 52
4104 589 6333 943 Auch in Hinsicht auf dieses Diogramm behal¬
4139 789 6342 1091 ten die allgemeinen, auf das erste Diogramm
4139 917 6388 1228 bezüglichen allgemeinen Sätze ihre Geltung,
4206 1080 6417 1350 vor allem also dass die positiven Typen ei-
6237 1146 6441 1248 alhen
4032 1248 6371 1550 4/ nen Tropfen höllischen Geistes kaum entbeh
4180 1376 6278 1712 ren können,um ihre Wirksamkeit überhaupt
4191 1541 6272 1820 entfalten zu können dass es aber Ueber-
4194 1649 6446 2000 gänge zwischen der paitiven und der negati-
4229 1913 5846 2136 ven Seite (überhaupt) nicht gibt.
4899 1994 6380 2218 Auch hier findet sich in den
4243 2168 6415 2476 negativen Typen häufig genug ein Streben
4696 2296 6534 2577 positiven Seite hin, in der gleichen
4267 2458 6383 2737 Weise, wie wir es im Diogramm des Geistes
4693 2508 5283 2633 précipité
4255 2450 4711 2604 nach der
4418 2554 4705 2664 eodem locum
4278 2604 6409 2917 gesehen haben doch in jedem Falle weniger
4304 2914 4725 3091 bewusst.
4969 2937 6235 3193 Ain t-d Kopiffel
