6888 4392
4769 260 5490 466 (and a p
6077 191 6250 384 30
3901 353 4146 551 at
4274 402 6334 636 Der positive Typus gibt in seiner höch-
1949 430 2148 569 -2
4285 546 6208 837 sten Vollendung jederzeit sein Leben
4282 798 5186 984 an sein Werk hin.
4293 930 5446 1133 Sie verschwenden sich
4293 997 6291 1306 Sie können irren, aber auch ihre Irrtü-
4305 1179 6216 1465 mer sind fruchtbar, denn in ihnen ist
4321 1360 6072 1550 die Wahrheit ihre Persönlichkeit.
4334 1468 6134 1754 Sie sind gläubig in jenem höchsten
4336 1640 6219 1885 Sinn, dass sie nicht für sich, für die
4359 1800 6203 2019 kurze erist eines Einzeldaseins auf
4344 1952 6260 2230 die Welt gekommen sind.Sie wirken in
4372 2106 6273 2377 jedem Fall mit Hinblick auf die Ewig
4380 2253 6327 2516 keit,die für jeden einzelnen Menschen
4375 2402 6013 2670 in seiner Sterbestunde beginnt.
4398 2547 6371 2832 Sie haben kein Interesse daran als In-
4393 2686 6448 3008 dividuen bei dem Sieg ihres Werks dabei
4411 2969 4859 3113 zu sein.
4406 3046 6304 3257 Nicht auf persönlichen wachruhm,son-
4416 3201 6286 3412 dern auf Unsterblichkeit im höchsten
4429 3399 5660 3592 Sinn kommt es ihnen an.
4421 3474 6497 3726 Erst für die Dahingeschwundenen hat die
4406 3672 5688 3842 Ewigkeit überhaupt Sinn.
