6888 4360
6023 422 6192 705 42
6355 598 6558 745 1
4889 622 5232 774 atceit
4078 718 6525 884 Der Historiker ist nach dem Sprachgebrauch der
4098 897 6441 1037 Gesch ichts forscher, auch irgend einer, der ein
4085 1010 6325 1226 ganz streng umschriebenes Spezialgebiet für
4078 1183 6235 1333 seine studien gewählt hat wird Historiker
6315 1233 6564 1423 tyme
4557 1310 5913 1443 Je diese sieur entmeint du conseil. du été
6033 1320 6235 1419 de ce
3792 1346 6458 1532 Juli genannt. Der Typus, den wir meinen, Ist der Ge-
3829 1439 4331 1546 in der Meerin
5139 1452 5986 1572 Triblecte  geb in St
3756 1496 6415 1695 Wurde schichtsfühler, der Ahmer von Zusammenhängen,
3929 1559 4131 1755 July
4092 1629 6664 1825 in jedem wall der Wissende der Kontinuität.
6249 1795 6561 1918 u.e.u
4414 1825 6358 1974 (Im Allgemeinen bedeutet den meisten
3663 1798 3892 2047 4è T
4052 1951 6395 2140 Menschen Geschichte einen schattenhaften Zug
4068 2117 6242 2327 von Genspenster, der ihnen reignisse vor-
4062 2273 6285 2480 führt,deren Ausgang nicht nur den Zuschau-
4062 2446 6245 2612 ern, sondern auch den handelnden Personen
4042 2546 6368 2779 schon irgendwie bekannt ist. Wenige, für die
4038 2689 6322 2951 die Renaissance etwas anderes bedeutete als
4038 2875 4956 3074 ein Kostümstück).
4028 3021 6332 3234 Historisch aber empfindet nur der, der fähig
4035 3221 6315 3400 ist das vergangene sich durchaus als Gegen-
4371 3314 4623 3407 in the
5022 3327 5524 3430 in du Sine.
4032 3364 6262 3536 wart vorzustellen, so dass er auch das Ende
4038 3526 6299 3669 eines ihm völlig bekannten Freignisses,wäh-
4032 3620 6076 3723 rend ihm die Entwicklung vor Augen trit
4032 3663 6305 3889 als etwas vorläufig, Ungewisses zu empfinden
4035 3772 4427 3909 vermag.
4055 3869 4527 4045 HICUwe
