6872 4344
4257 334 4446 637 8.4
4507 408 5655 653 at type in ure Heerin d.
3974 608 6199 781 Historiker/ist also nicht ursprünglich ein
5855 698 6346 826 de St alen
3987 775 6173 968 Forscher, wenn auch die Einstellung dieses
3980 903 6244 1103 Typus zur Geschichte, (notwendig) zum Forschen
4450 1038 4822 1186 déprouvé
3967 1048 4623 1254 führen muss.
3938 1173 6221 1408 (Der Mensch sieht vergangene Epochen ös.o.)
3967 1341 6263 1553 entweder als Kostümstücke oder gespenstisch
3987 1524 6334 1688 vor sich, nur theoretisch weiss er,dass Leute,
3604 1585 3852 1861 41
3967 1675 6334 1823 die heute verwest sind, einmal genau so und im
3967 1807 5977 2006 gleichen einne lebendig waren wie er.)
3958 1987 6289 2144 Empfindung für Zusammenhänge, für Kontinuität
3951 2132 6256 2344 ist überhaupt ein Charakteristikon der posi-
3951 2296 6086 2463 tiven Typen. Beim Historiker aber wird es
5842 2392 6295 2511 des trur
3958 2431 6536 2611 wieder Leidenschaft die Zusammenhänge zu se- Ablaut
5250 2562 5729 2746 S. beston
3958 2611 4212 2758 hen.
4832 2672 5610 2816 par dès remer de
3938 2710 6244 2958 Dies gilt auch auf der positiven Seite für
3945 2877 6272 3090 die Einstellung dem eigenen Leben gegenüber.
3951 3038 6215 3218 Hier Zusammenhang, auf der anderen Seite nur
3926 3238 6173 3427 siolierte Momente. Wer aber nur die Gegen-
3951 3363 6317 3553 wart hat, hat nur den Augenblick, somit eigent-
3951 3517 4623 3733 lich nichts )
4038 3816 4777 4051 nichts vom zum
