5192 4104
753 533 2256 687 käme dem Wesen dieser Geistesverfassung am
753 635 2268 772 nächsten. Er ist in Tagesinteressen befangen,
769 738 2254 835 vom Gegenwärtigen benommen, ja berauscht:
753 809 2262 951 Dem Journalisten wird auch der bedeutungs-
753 896 2264 1022 vollste Vorgang im Innersten gleichgültig sein,
753 1006 2249 1107 wenn er nicht zugleich aktuell oder gar sensatio-
751 1077 2268 1187 nell ist; das Nichtigste aber gewinnt Bedeutung
771 1183 2270 1278 für ihn, wenn es als sensationell oder wenigstens
771 1254 2251 1366 aktuell gelten kann. Die Repräsentanten dieses
771 1364 2239 1444 Typus sind unter allen Repräsentanten des nega
765 1425 2258 1537 tiven Gebietes am un rettbarsten im Tagver-
771 1524 2264 1621 wurzelt. Sie wissen nichts von Zusammen¬
753 1600 2256 1735 hang, sondern nur von Bezug. Alle Charakteri-
765 1691 2254 1821 stika des negativen  sind bei den Re-
322 1727 651 1937 Gesichte
771 1792 2243 1897 präsentanten dieses Typus am stärksten ausge-
759 1880 2254 1975 sprochen. Und nirgends leuchtet die innige Ver-
771 1948 2254 2081 bindung der Begriffsreihe, die wir als charak-
765 2039 2249 2137 teristisch für das negative Dreieck auf-
285 2011 713 2175 mit
763 2117 2256 2249 gezeichnet haben, so völlig ein, wie in ihrer Affi¬
411 2180 698 2336 den
771 2215 1589 2334 nität zu diesem Typus
831 2298 2268 2422 Bedeutende Repräsentanten dieses negativen
270 2319 731 2485 immalit
776 2401 2270 2496 Typus leiden besonders oft unter der Sehnsucht
753 2483 2266 2585 nach dem positivem Gebiet; und sie feinden esam
771 2557 2254 2671 grimmigsten an. Mit dem Politiker und Spe-
771 2646 2254 2755 kulanten (den wir im Diogramm der Tat fin-
771 2734 2262 2858 den werden) zusammen stellt der Typus des
771 2814 2268 2956 Journalisten das eigentlich satanische Ele¬
753 2926 1398 3031 ment der Welt dar.
843 3000 2270 3105 Unter den Berufsjournalisten gibt es
765 3086 2268 3215 viele, die vom Urtypus weniges oder nichts an
2970 527 4492 672 sich haben, wie ja gerade der Journalismus als
2995 641 4498 746 Beruf besonders geeignet scheint die verschieden-
2972 729 4486 824 artigsten Elemente in sich aufzunehmen. Anderer-
2972 835 4482 925 seits ist es leicht zu verstehen, daß die Geistesver¬
2981 904 4486 995 fassung des Journalismus (Aktualismus) zum Be¬
2977 995 4486 1086 ruf des Journalisten ganz besonders disponiert.
2972 1077 4486 1183 Der sogenannte große Journalist wird der
2981 1168 4498 1267 Geistesverfassung nach kaum jemals den
2972 1259 4492 1368 Urtypus Journalist, sondern häufig den Typus
2972 1341 4480 1429 Historiker (Kontinualist), manchmal den Typus
2977 1421 4488 1537 Staatsmann den Typus Dichter, gelegentlich
4621 1385 4927 1528 I Sir
2983 1520 4480 1613 auch den Typus Politiker (also einen anderen
2983 1608 4439 1689 Typus des negativen Gebietes) repräsentieren.
3044 1863 4480 1971 Der Dichter ist Gestalter und Bewahrer aus
2960 1954 4486 2068 innerer Notwendigkeit. In seinen schöpferischen
2977 2032 4480 2150 Momenten ist ihm die ganze Welt Material für
2972 2117 4486 2234 sein Werk. In seinen unfruchtbaren verliert die
2977 2201 4475 2321 ganze Welt für ihn ihren Glanz oder erlischt
2970 2304 4482 2395 geradezu. Keiner ist so sehr wie er Mensch von
2977 2384 3957 2496 Gnaden des Augenblicks.
3055 2468 4480 2572 Er ist der fließende Spiegel der Welt und
2972 2549 4486 2665 bleibt es, auch wenn der Spiegel sich zeitweilig
2977 2643 4050 2768 bis zur Undurchsichtigkeit trübt.
3044 2724 4475 2840 Dem Literaten ist die Welt nicht a priori
2977 2800 4477 2928 material für sein Werk. Er ist vielmehr auf
2977 2918 4488 3004 Stoffe aus. Er betrachtet seine Erlebnisse, seine
2970 2995 4482 3101 Beziehungen, seine Stimmungen darauf hin, wie
2966 3095 4458 3223 er sie etwa zugunsten seiner Produktion verwen
