<?xml version="1.0" encoding="UTF-8" standalone="yes"?>
<PcGts xmlns="http://schema.primaresearch.org/PAGE/gts/pagecontent/2013-07-15" xmlns:xsi="http://www.w3.org/2001/XMLSchema-instance" xsi:schemaLocation="http://schema.primaresearch.org/PAGE/gts/pagecontent/2013-07-15 http://schema.primaresearch.org/PAGE/gts/pagecontent/2013-07-15/pagecontent.xsd">
    <Metadata>
        <Creator>prov=READ-COOP:name=TrHtr:version=2.1.0:model_id=51170:date=28_07_2023_08:52</Creator>
        <Created>2023-05-10T11:17:24.200+02:00</Created>
        <LastChange>2023-07-28T08:52:01.776+02:00</LastChange>
        <TranskribusMetadata docId="1428141" pageId="55385874" pageNr="153" tsid="131327186" status="IN_PROGRESS" userId="64420" imgUrl="https://files.transkribus.eu/Get?id=JBKHFUWEGRZIGJBEFWSDCPLQ&amp;fileType=view" xmlUrl="https://files.transkribus.eu/Get?id=FNSQTIQULNEGCZMKEIHHFOKX" imageId="44660773"/>
    </Metadata>
    <Page imageFilename="1428141_0153.jpg" imageWidth="6856" imageHeight="4424">
        <ReadingOrder>
            <OrderedGroup id="ro_1711822939671" caption="Regions reading order">
                <RegionRefIndexed index="0" regionRef="tr_1"/>
            </OrderedGroup>
        </ReadingOrder>
        <TextRegion id="tr_1" custom="readingOrder {index:0;}">
            <Coords points="3886,415 6400,415 6400,3508 3886,3508"/>
            <TextLine id="tr_1_tl_1" custom="readingOrder {index:0;}">
                <Coords points="4652,536 4694,560 4964,485 5083,518 5197,494 5257,527 5338,515 5338,389 5030,389 4913,353 4841,413 4742,365 4652,380"/>
                <Baseline points="4668,477 4716,477 4806,471 4895,471 4985,471 5074,477 5164,471 5253,471 5343,465"/>
                <TextEquiv>
                    <Unicode>in Aulquell</Unicode>
                </TextEquiv>
            </TextLine>
            <TextLine id="tr_1_tl_2" custom="readingOrder {index:1;}">
                <Coords points="5781,590 5808,599 5844,581 5910,596 6044,539 6128,539 6143,290 6110,293 6053,266 5934,323 5883,296 5799,335"/>
                <Baseline points="5803,495 5868,483 5958,477 6047,471 6137,471"/>
                <TextEquiv>
                    <Unicode>( 22 )</Unicode>
                </TextEquiv>
            </TextLine>
            <TextLine id="tr_1_tl_3" custom="readingOrder {index:2;}">
                <Coords points="3871,844 5332,814 5559,730 6008,742 6014,638 5763,581 4925,698 3880,695"/>
                <Baseline points="3886,835 3958,835 4047,829 4137,829 4226,817 4316,817 4406,805 4495,800 4585,794 4674,788 4764,782 4853,776 4943,770 5032,764 5122,758 5212,752 5301,746 5391,740 5480,734 5570,728 5659,722 5749,716 5838,710 5928,710 6018,698"/>
                <TextEquiv>
                    <Unicode>Es mag auf den ersten Blick scheinen, als</Unicode>
                </TextEquiv>
            </TextLine>
            <TextLine id="tr_1_tl_4" custom="readingOrder {index:3;}">
                <Coords points="3886,1000 6197,925 6209,757 3895,886"/>
                <Baseline points="3904,979 3970,985 4059,979 4149,979 4238,973 4328,967 4418,961 4507,955 4597,949 4686,943 4776,931 4865,931 4955,925 5044,919 5134,913 5224,907 5313,901 5403,895 5492,889 5582,883 5671,877 5761,871 5850,871 5940,865 6030,853 6119,847 6209,847"/>
                <TextEquiv>
                    <Unicode>wenn mit den hier aufgestellten Typen nichts</Unicode>
                </TextEquiv>
            </TextLine>
            <TextLine id="tr_1_tl_5" custom="readingOrder {index:4;}">
                <Coords points="3901,1150 5329,1126 6080,1033 6086,940 5266,919 4296,1066 3910,1009"/>
                <Baseline points="3916,1140 3940,1140 4029,1140 4119,1128 4209,1128 4298,1122 4388,1116 4477,1104 4567,1104 4656,1098 4746,1092 4835,1086 4925,1080 5015,1074 5104,1074 5194,1062 5283,1056 5373,1050 5462,1050 5552,1038 5641,1038 5731,1026 5821,1026 5910,1020 6000,1008 6089,1003"/>
                <TextEquiv>
                    <Unicode>sämmtliche Geistesverfassungen aufgezählt</Unicode>
                </TextEquiv>
            </TextLine>
            <TextLine id="tr_1_tl_6" custom="readingOrder {index:5;}">
                <Coords points="3901,1299 4051,1347 5835,1189 5907,1245 6146,1189 6152,1093 5760,1048 5425,1135 3907,1180"/>
                <Baseline points="3916,1295 4006,1295 4095,1289 4185,1283 4274,1271 4364,1265 4453,1265 4543,1259 4632,1253 4722,1247 4812,1241 4901,1235 4991,1229 5080,1223 5170,1217 5259,1217 5349,1211 5438,1206 5528,1200 5618,1194 5707,1188 5797,1182 5886,1176 5976,1170 6065,1164 6155,1158"/>
                <TextEquiv>
                    <Unicode>wären und manche werden in diesem Diogramm</Unicode>
                </TextEquiv>
            </TextLine>
            <TextLine id="tr_1_tl_7" custom="readingOrder {index:6;}">
                <Coords points="3910,1458 6068,1377 6293,1338 6299,1248 5122,1242 4527,1377 3916,1362"/>
                <Baseline points="3928,1444 3976,1444 4065,1438 4155,1438 4244,1432 4334,1426 4424,1420 4513,1420 4603,1408 4692,1403 4782,1397 4871,1391 4961,1385 5050,1379 5140,1373 5229,1373 5319,1367 5409,1361 5498,1349 5588,1343 5677,1337 5767,1337 5856,1331 5946,1325 6035,1325 6125,1313 6215,1307 6304,1301"/>
                <TextEquiv>
                    <Unicode>Typen wie z.B. den Satyriker, den writ iker, den</Unicode>
                </TextEquiv>
            </TextLine>
            <TextLine id="tr_1_tl_8" custom="readingOrder {index:7;}">
                <Coords points="4242,1377 4260,1380 4284,1359 4317,1365 4329,1353 4374,1371 4410,1338 4458,1359 4485,1350 4518,1374 4556,1365 4559,1308 4542,1311 4530,1296 4509,1308 4467,1305 4449,1281 4413,1272 4350,1314 4320,1311 4299,1293 4263,1320 4248,1317"/>
                <Baseline points="4262,1349 4298,1349 4388,1337 4477,1337 4567,1325"/>
                <TextEquiv>
                    <Unicode>Secting</Unicode>
                </TextEquiv>
            </TextLine>
            <TextLine id="tr_1_tl_9" custom="readingOrder {index:8;}">
                <Coords points="3919,1635 5877,1491 6200,1542 6317,1527 6323,1422 6113,1359 5275,1470 3928,1479"/>
                <Baseline points="3934,1606 4000,1594 4089,1594 4179,1588 4268,1582 4358,1576 4447,1570 4537,1564 4626,1564 4716,1558 4806,1552 4895,1546 4985,1534 5074,1534 5164,1528 5253,1522 5343,1516 5432,1510 5522,1504 5612,1498 5701,1492 5791,1486 5880,1480 5970,1480 6059,1468 6149,1468 6238,1462 6328,1456"/>
                <TextEquiv>
                    <Unicode>Dilettanten, den Fanatiker, den Feuilletonisten,</Unicode>
                </TextEquiv>
            </TextLine>
            <TextLine id="tr_1_tl_10" custom="readingOrder {index:9;}">
                <Coords points="3922,1790 5826,1662 5856,1548 3931,1659"/>
                <Baseline points="3940,1755 3976,1755 4065,1749 4155,1743 4244,1737 4334,1731 4424,1731 4513,1719 4603,1713 4692,1707 4782,1701 4871,1701 4961,1683 5050,1683 5140,1683 5229,1671 5319,1665 5409,1659 5498,1653 5588,1653 5677,1647 5767,1641 5856,1635"/>
                <TextEquiv>
                    <Unicode>den Gläubigen, den Zweifler vermissen</Unicode>
                </TextEquiv>
            </TextLine>
            <TextLine id="tr_1_tl_11" custom="readingOrder {index:10;}">
                <Coords points="4434,1802 5985,1682 6068,1733 6206,1671 6215,1551 5859,1659 4440,1742"/>
                <Baseline points="4453,1785 4513,1785 4603,1779 4692,1773 4782,1767 4871,1755 4961,1749 5050,1749 5140,1743 5229,1737 5319,1731 5409,1725 5498,1719 5588,1713 5677,1701 5767,1695 5856,1683 5946,1677 6035,1671 6125,1659 6215,1665"/>
                <TextEquiv>
                    <Unicode>dien i, oi hein ryper, + seistesorify</Unicode>
                </TextEquiv>
            </TextLine>
            <TextLine id="tr_1_tl_12" custom="readingOrder {index:11;}">
                <Coords points="4362,1913 5784,1799 6041,1841 6287,1811 6293,1706 5176,1742 4991,1820 4904,1766 4371,1802"/>
                <Baseline points="4382,1880 4418,1880 4507,1874 4597,1868 4686,1862 4776,1856 4865,1850 4955,1844 5044,1844 5134,1832 5224,1826 5313,1820 5403,1814 5492,1809 5582,1809 5671,1803 5761,1797 5850,1797 5940,1785 6030,1779 6119,1773 6209,1761 6298,1743"/>
                <TextEquiv>
                    <Unicode>Darauf wäre zu erwidern,dass die Per-</Unicode>
                </TextEquiv>
            </TextLine>
            <TextLine id="tr_1_tl_13" custom="readingOrder {index:12;}">
                <Coords points="3961,2072 5586,2021 6299,1940 6305,1850 3970,1946"/>
                <Baseline points="3976,2059 3982,2059 4071,2053 4161,2047 4250,2041 4340,2035 4429,2035 4519,2029 4609,2023 4698,2011 4788,2011 4877,2006 4967,2000 5056,1994 5146,1988 5235,1982 5325,1976 5415,1970 5504,1964 5594,1958 5683,1952 5773,1946 5862,1940 5952,1934 6041,1928 6131,1922 6221,1916 6310,1898"/>
                <TextEquiv>
                    <Unicode>sönlichkeit des Geistesmenschen (worunter na-</Unicode>
                </TextEquiv>
            </TextLine>
            <TextLine id="tr_1_tl_14" custom="readingOrder {index:13;}">
                <Coords points="3964,2236 6329,2126 6338,1976 5380,1982 4395,2126 3973,2075"/>
                <Baseline points="3982,2203 4012,2209 4101,2203 4191,2203 4280,2197 4370,2191 4459,2185 4549,2179 4638,2173 4728,2167 4818,2161 4907,2155 4997,2149 5086,2143 5176,2137 5265,2131 5355,2125 5444,2119 5534,2113 5624,2107 5713,2101 5803,2095 5892,2089 5982,2083 6071,2083 6161,2077 6250,2071 6340,2059"/>
                <TextEquiv>
                    <Unicode>türlich nicht nur grosse Geister zu verstehen</Unicode>
                </TextEquiv>
            </TextLine>
            <TextLine id="tr_1_tl_15" custom="readingOrder {index:14;}">
                <Coords points="3964,2398 6221,2287 6233,2126 3973,2239"/>
                <Baseline points="3982,2364 3994,2364 4083,2364 4173,2358 4262,2352 4352,2346 4441,2340 4531,2334 4621,2328 4710,2322 4800,2322 4889,2316 4979,2304 5068,2298 5158,2298 5247,2286 5337,2280 5427,2274 5516,2268 5606,2262 5695,2262 5785,2250 5874,2244 5964,2244 6053,2232 6143,2226 6233,2214"/>
                <TextEquiv>
                    <Unicode>sind) nicht allein durch die Geistesverfas-</Unicode>
                </TextEquiv>
            </TextLine>
            <TextLine id="tr_1_tl_16" custom="readingOrder {index:15;}">
                <Coords points="3973,2530 6326,2473 6362,2293 3979,2425"/>
                <Baseline points="3988,2519 4035,2519 4125,2519 4215,2513 4304,2507 4394,2501 4483,2489 4573,2483 4662,2477 4752,2471 4841,2465 4931,2465 5021,2459 5110,2453 5200,2447 5289,2441 5379,2435 5468,2429 5558,2423 5647,2417 5737,2412 5827,2406 5916,2400 6006,2394 6095,2388 6185,2382 6274,2376 6364,2364"/>
                <TextEquiv>
                    <Unicode>sung,sondern überdies durch die Seelenzustän-</Unicode>
                </TextEquiv>
            </TextLine>
            <TextLine id="tr_1_tl_17" custom="readingOrder {index:16;}">
                <Coords points="4000,2706 5784,2634 6257,2563 6263,2488 5658,2461 5404,2536 5287,2461 4009,2566"/>
                <Baseline points="4018,2668 4029,2668 4119,2662 4209,2662 4298,2656 4388,2650 4477,2644 4567,2638 4656,2632 4746,2626 4835,2620 4925,2614 5015,2609 5104,2609 5194,2603 5283,2591 5373,2591 5462,2585 5552,2579 5641,2573 5731,2561 5821,2561 5910,2555 6000,2543 6089,2543 6179,2537 6268,2519"/>
                <TextEquiv>
                    <Unicode>de bestimmt wird und so erscheint e notwen-</Unicode>
                </TextEquiv>
            </TextLine>
            <TextLine id="tr_1_tl_18" custom="readingOrder {index:17;}">
                <Coords points="4000,2877 5278,2766 5449,2853 5874,2721 6227,2730 6233,2623 4012,2697"/>
                <Baseline points="4018,2823 4089,2829 4179,2817 4268,2817 4358,2806 4447,2800 4537,2794 4626,2788 4716,2782 4806,2776 4895,2776 4985,2770 5074,2758 5164,2758 5253,2752 5343,2746 5432,2740 5522,2734 5612,2728 5701,2722 5791,2716 5880,2710 5970,2704 6059,2704 6149,2692 6238,2686"/>
                <TextEquiv>
                    <Unicode>dig an dieser Stelle einen Absatz über das</Unicode>
                </TextEquiv>
            </TextLine>
            <TextLine id="tr_1_tl_19" custom="readingOrder {index:18;}">
                <Coords points="4000,3009 4988,3009 5110,2916 5506,2955 5796,2868 6137,2925 6389,2880 6398,2772 4006,2901"/>
                <Baseline points="4018,2973 4071,2979 4161,2973 4250,2967 4340,2967 4429,2961 4519,2949 4609,2943 4698,2943 4788,2937 4877,2931 4967,2919 5056,2919 5146,2907 5235,2907 5325,2901 5415,2895 5504,2889 5594,2883 5683,2877 5773,2865 5862,2865 5952,2859 6041,2853 6131,2847 6221,2847 6310,2841 6400,2835"/>
                <TextEquiv>
                    <Unicode>einzuschalten,was wir unter Seelenzuständen zu</Unicode>
                </TextEquiv>
            </TextLine>
            <TextLine id="tr_1_tl_20" custom="readingOrder {index:19;}">
                <Coords points="5634,2976 5694,2958 5706,2970 5745,2961 5790,2979 5817,2955 5856,2988 5868,2976 5886,2979 5892,2904 5850,2898 5802,2871 5718,2913 5676,2886 5640,2895"/>
                <Baseline points="5653,2955 5713,2955 5803,2949 5892,2943"/>
                <TextEquiv>
                    <Unicode>to Ben</Unicode>
                </TextEquiv>
            </TextLine>
            <TextLine id="tr_1_tl_21" custom="readingOrder {index:20;}">
                <Coords points="5012,3009 5173,3021 5206,2997 5263,2991 5266,2934 5239,2943 5188,2940 5158,2955 5104,2922 5047,2958 5015,2958"/>
                <Baseline points="5027,2985 5092,2985 5182,2985 5271,2979"/>
                <TextEquiv>
                    <Unicode>Beny</Unicode>
                </TextEquiv>
            </TextLine>
            <TextLine id="tr_1_tl_22" custom="readingOrder {index:21;}">
                <Coords points="4012,3170 5523,3122 6047,3021 6227,3090 6302,3078 6311,2934 4826,3042 4021,3012"/>
                <Baseline points="4029,3134 4077,3134 4167,3128 4256,3122 4346,3116 4435,3110 4525,3104 4615,3104 4704,3092 4794,3092 4883,3086 4973,3080 5062,3074 5152,3074 5241,3068 5331,3056 5421,3050 5510,3044 5600,3038 5689,3032 5779,3032 5868,3020 5958,3015 6047,3009 6137,3003 6227,2997 6316,2985"/>
                <TextEquiv>
                    <Unicode>verstehen haben und was sie von den Geistes-</Unicode>
                </TextEquiv>
            </TextLine>
            <TextLine id="tr_1_tl_23" custom="readingOrder {index:22;}">
                <Coords points="4033,3302 6083,3215 6200,3173 6206,3084 6062,3036 5916,3125 4039,3221"/>
                <Baseline points="4053,3283 4059,3289 4149,3283 4238,3277 4328,3271 4418,3271 4507,3265 4597,3259 4686,3253 4776,3247 4865,3241 4955,3229 5044,3229 5134,3223 5224,3217 5313,3212 5403,3206 5492,3200 5582,3194 5671,3194 5761,3188 5850,3176 5940,3158 6030,3140 6119,3140 6209,3140"/>
                <TextEquiv>
                    <Unicode>Verfassungen unterscheidet. in welst Be¬</Unicode>
                </TextEquiv>
            </TextLine>
            <TextLine id="tr_1_tl_24" custom="readingOrder {index:23;}">
                <Coords points="4521,3455 4751,3383 4916,3440 5041,3353 5194,3386 5281,3353 5383,3407 5491,3371 5497,3254 5335,3287 5287,3260 5212,3299 5110,3260 4859,3338 4530,3344"/>
                <Baseline points="4543,3397 4603,3391 4692,3385 4782,3373 4871,3367 4961,3361 5050,3355 5140,3349 5229,3349 5319,3343 5409,3337 5498,3337"/>
                <TextEquiv>
                    <Unicode>ne a et debe</Unicode>
                </TextEquiv>
            </TextLine>
            <TextLine id="tr_1_tl_25" custom="readingOrder {index:24;}">
                <Coords points="4688,3545 4877,3491 5044,3518 5101,3479 5212,3521 5473,3482 5607,3500 5619,3338 5368,3407 5287,3359 5161,3383 5044,3353 4913,3440 4703,3389"/>
                <Baseline points="4710,3492 4722,3498 4812,3492 4901,3486 4991,3474 5080,3468 5170,3462 5259,3456 5349,3444 5438,3438 5528,3426 5618,3426"/>
                <TextEquiv>
                    <Unicode>&amp;c weverts - in</Unicode>
                </TextEquiv>
            </TextLine>
        </TextRegion>
    </Page>
</PcGts>
