6840 4408
5150 448 5661 678 by.. ben:
5321 595 5637 717 wunsch
3857 705 6038 926 Der Dilettantismus als Seelenzustand wird
3860 872 6199 1102 sich sowohl auf der positiven als auf dar po-
3866 1019 4263 1129 gativen
3875 1013 6181 1258 sitiven Seite finden (Es ist ums o schwerer zu
3857 1171 6244 1404 definieren als das Wort Dilettantismus zu den-
3866 1329 6232 1512 jenigen gehört, mit welchen der Sprachgebrauch
4117 1467 4517 1577 willkerli.
3863 1464 6268 1724 am übelsten verfahren ist.Als Dilettanten hört
3869 1610 6256 1843 man ebenso oft einen Künstler von einer gewis-
3869 1810 6094 2020 sen aristokratischen inneren Lebenshaltung
3884 1915 6160 2142 bezeichnen, dem es auf äussere Erfolge nicht
3890 2073 6277 2273 übermässig viel ankommt,einen spielerisch an-
3884 2235 6265 2450 gelegten Geist, dem weniger die Vollendung sei-
5246 2372 5431 2474 eyn
3887 2420 6148 2641 nes Werks am Herzen liegt als die Freude am
3896 2542 6211 2826 Schaffen, als ein mässig begabtes Individuum
3943 2746 6313 2946 das sich an Aufgaben herausagt, denen es nicht
3902 2892 6259 3086 gewachsen ist und den seine unbegründeten Am-
3902 3050 5342 3232 bitionen lächerlich machen.
4523 3253 6498 3561 Es gibt komen, das zweyfrai von der Cettantröder.
