6824 4328
5809 501 6006 723 35
4061 489 5641 787 Das Werkheit gibt der Stil
3956 723 6358 904 Der Staatsmann (nach Heyne):der Staatsangele-
3959 853 6231 1123 genheiten zu leiten versteht, dem sie anver-
4867 999 5945 1190 D. Verleitung war unser
3981 1075 4597 1253 traut sind.
5466 1136 5815 1266 mais en
3975 1148 6247 1453 Man spürt die Ungenauigkeit dieser Defini-
3969 1396 4286 1545 tion.
3956 1463 6339 1704 Dass auch dem Politiker, dem negativen Wider-
3962 1662 6247 1850 part des Staatsmanns, Staatsangelegenheiten
5701 1770 5910 1872 V. R.
3981 1827 6151 2002 anvertraut zu werden pflegen,ist
4835 1945 4994 2049 14.
4001 1942 6177 2157 .Auch Politiker verstehen Staatsangelegen-
4023 2100 6212 2341 heiten zu leiten (sowie auch der Pfaff zu
3988 2240 6082 2475 predigen/ und die Beichte abzunehmen ver
4467 2427 6104 2497 dort d'unteri brtet et de, in wilt sicu
3988 2459 6098 2620 steht), aber der Politiker leitet sieeben
4483 2456 6364 2684 serblich, - mit der Büske auf in dortst seit, -
3994 2636 6044 2798 in einem anderen, einne.
4895 2671 5967 2824 zu seiner gilt; dat
3966 2738 6205 2969 Der Staatsmann als Typus (ist der jenige, den
3975 2877 6231 3115 das Wohl des Staates oberstes Gesetz bedeu-
3994 3033 6247 3290 tet, er ist der Gesetzgeber nicht der Diplo-
3975 3258 4261 3429 mat.
4007 3353 6148 3572 Doch si plomatisches Verständnis und Ge-
3975 3471 6389 3693 schick gehört mit zum Begriff des Staatsmanns.
3959 3604 6516 3931 Der grosse Staatsmann ist ohne Diplomatische Leleel
3988 3839 4886 4051 nicht zu denken.
