6712 4472
5947 574 6129 756 23
4046 703 6191 888 fallenen Engel des Geistes, ist innerhalb
4043 888 5611 1075 des Satanischen beschlossen.
4393 1120 6121 1383 Da es sich in meinem piagramm um
4049 1352 6163 1529 Urtypen von Geiste sverfassungen handelt,
4035 1537 6213 1702 verbietet sich eine sogenannte definition
4035 1660 6289 1826 von selbst. Nur Beschreibungen
4046 1842 6236 1977 darf ich versuchen, die wohl auf nichts an-
4032 1960 6062 2181 deres hinauskommen werden als auf eine
4024 2094 6264 2299 beiläufige Ch rakterisierung individueller
4021 2302 5572 2464 Repräsentanten jener Urtypen.
4382 2439 6157 2621 Beispiele für die einzelnen Typen
4007 2596 6112 2794 werden sich à dermann, nicht nur aus der
4021 2752 6233 2904 Geschichte, sondern aus persönlicher Erfah-
4010 2904 6177 3058 rung aufdrängen. Doch hüte ich mich solche
3996 3044 6194 3223 Beispiele anzuführen, die doch nur verwir-
3990 3206 6160 3410 ren würden,da kein Individuum den Typus
3982 3343 6143 3556 rein dartustellen vermag. (Hierin spricht
3990 3500 6149 3688 sich eine gewisse Beschränkung alles Men-
3982 3662 6166 3867 schnentums,zugle ich aber dessen nie zu er-
