<?xml version="1.0" encoding="UTF-8" standalone="yes"?>
<PcGts xmlns="http://schema.primaresearch.org/PAGE/gts/pagecontent/2013-07-15" xmlns:xsi="http://www.w3.org/2001/XMLSchema-instance" xsi:schemaLocation="http://schema.primaresearch.org/PAGE/gts/pagecontent/2013-07-15 http://schema.primaresearch.org/PAGE/gts/pagecontent/2013-07-15/pagecontent.xsd">
    <Metadata>
        <Creator>prov=READ-COOP:name=TrHtr:version=2.1.0:model_id=51170:date=28_07_2023_08:52</Creator>
        <Created>2023-05-10T11:17:40.925+02:00</Created>
        <LastChange>2023-07-28T08:52:35.705+02:00</LastChange>
        <TranskribusMetadata docId="1428141" pageId="55386419" pageNr="267" tsid="131327325" status="IN_PROGRESS" userId="64420" imgUrl="https://files.transkribus.eu/Get?id=NHYGVMJZLACLWLGAYSKZTKEL&amp;fileType=view" xmlUrl="https://files.transkribus.eu/Get?id=CTITMKQVZVSQPKTOFLTPUJYM" imageId="44661316"/>
    </Metadata>
    <Page imageFilename="1428141_0267.jpg" imageWidth="6776" imageHeight="4616">
        <ReadingOrder>
            <OrderedGroup id="ro_1711823146609" caption="Regions reading order">
                <RegionRefIndexed index="0" regionRef="tr_1"/>
            </OrderedGroup>
        </ReadingOrder>
        <TextRegion id="tr_1" custom="readingOrder {index:0;}">
            <Coords points="3923,899 6210,899 6210,4124 3923,4124"/>
            <TextLine id="tr_1_tl_1" custom="readingOrder {index:0;}">
                <Coords points="5906,976 5937,990 5960,988 5974,1002 6017,979 6039,993 6051,982 6096,988 6130,974 6133,866 6053,886 6045,877 6008,880 5983,869 5949,874 5932,857 5909,855"/>
                <Baseline points="5923,955 5959,955 6049,955 6138,949"/>
                <TextEquiv>
                    <Unicode>65 b</Unicode>
                </TextEquiv>
            </TextLine>
            <TextLine id="tr_1_tl_2" custom="readingOrder {index:1;}">
                <Coords points="3951,1177 5252,1107 5943,1149 6031,1135 6031,1010 5668,976 4933,1064 3951,1013"/>
                <Baseline points="3965,1104 3977,1104 4066,1110 4156,1104 4245,1104 4335,1104 4424,1104 4514,1104 4604,1104 4693,1104 4783,1104 4872,1104 4962,1104 5051,1098 5141,1104 5231,1098 5320,1098 5410,1098 5499,1098 5589,1092 5678,1092 5768,1092 5858,1092 5947,1092 6037,1086"/>
                <TextEquiv>
                    <Unicode>(Man hüte sich insbesondere die -eistes-</Unicode>
                </TextEquiv>
            </TextLine>
            <TextLine id="tr_1_tl_3" custom="readingOrder {index:2;}">
                <Coords points="3951,1282 6130,1307 6133,1169 4780,1214 4474,1149 3954,1217"/>
                <Baseline points="3965,1259 3988,1259 4078,1259 4168,1259 4257,1259 4347,1259 4436,1259 4526,1259 4616,1259 4705,1259 4795,1259 4884,1254 4974,1254 5063,1259 5153,1259 5243,1254 5332,1254 5422,1254 5511,1254 5601,1254 5690,1248 5780,1254 5870,1248 5959,1248 6049,1248 6138,1248"/>
                <TextEquiv>
                    <Unicode>verfassung Führer (Feldherr) und Tyrann zu</Unicode>
                </TextEquiv>
            </TextLine>
            <TextLine id="tr_1_tl_4" custom="readingOrder {index:3;}">
                <Coords points="5748,1339 5799,1341 5827,1356 5838,1341 5847,1341 5884,1375 5903,1370 5901,1262 5864,1259 5847,1274 5824,1265 5793,1268 5785,1276 5745,1271"/>
                <Baseline points="5762,1331 5852,1337 5911,1337"/>
                <TextEquiv>
                    <Unicode>as</Unicode>
                </TextEquiv>
            </TextLine>
            <TextLine id="tr_1_tl_5" custom="readingOrder {index:4;}">
                <Coords points="3942,1455 6008,1446 6065,1302 5884,1375 5680,1310 5111,1373 4808,1299 3942,1358"/>
                <Baseline points="3959,1409 4012,1415 4102,1415 4192,1415 4281,1415 4371,1415 4460,1415 4550,1409 4639,1409 4729,1409 4819,1403 4908,1415 4998,1409 5087,1409 5177,1409 5266,1415 5356,1409 5446,1403 5535,1403 5625,1397 5714,1403 5804,1403 5893,1397 5983,1403 6073,1397"/>
                <TextEquiv>
                    <Unicode>verwechseln.Der Tyrann als Typus (als der</Unicode>
                </TextEquiv>
            </TextLine>
            <TextLine id="tr_1_tl_6" custom="readingOrder {index:5;}">
                <Coords points="5402,1503 5581,1489 5640,1511 5765,1489 5799,1508 5813,1491 5878,1491 5878,1438 5745,1418 5688,1432 5623,1398 5552,1421 5504,1412 5453,1432 5434,1415 5400,1429"/>
                <Baseline points="5416,1468 5505,1468 5595,1474 5684,1474 5774,1474 5864,1468 5881,1468"/>
                <TextEquiv>
                    <Unicode>Feldherr.</Unicode>
                </TextEquiv>
            </TextLine>
            <TextLine id="tr_1_tl_7" custom="readingOrder {index:6;}">
                <Coords points="3931,1593 5077,1571 5465,1641 5592,1576 6206,1599 6206,1477 3931,1503"/>
                <Baseline points="3947,1570 3971,1570 4060,1570 4150,1570 4239,1570 4329,1564 4418,1564 4508,1564 4598,1564 4687,1570 4777,1570 4866,1564 4956,1558 5045,1564 5135,1558 5225,1564 5314,1558 5404,1558 5493,1564 5583,1558 5672,1558 5762,1558 5852,1558 5941,1558 6031,1558 6120,1558 6210,1558"/>
                <TextEquiv>
                    <Unicode>negative Ge entypus des Führer„Organisator.</Unicode>
                </TextEquiv>
            </TextLine>
            <TextLine id="tr_1_tl_8" custom="readingOrder {index:7;}">
                <Coords points="3934,1769 6059,1732 6045,1624 3937,1650"/>
                <Baseline points="3953,1713 4006,1713 4096,1713 4186,1719 4275,1713 4365,1713 4454,1713 4544,1713 4633,1719 4723,1719 4813,1719 4902,1713 4992,1713 5081,1707 5171,1707 5260,1707 5350,1707 5440,1707 5529,1707 5619,1701 5708,1701 5798,1701 5887,1701 5977,1701 6067,1689"/>
                <TextEquiv>
                    <Unicode>ist zuweilen nicht tyranny der Charak-</Unicode>
                </TextEquiv>
            </TextLine>
            <TextLine id="tr_1_tl_9" custom="readingOrder {index:8;}">
                <Coords points="3942,1879 6065,1893 6065,1794 5929,1772 4752,1820 3942,1763"/>
                <Baseline points="3959,1869 4012,1875 4102,1875 4192,1875 4281,1875 4371,1869 4460,1875 4550,1875 4639,1875 4729,1869 4819,1863 4908,1863 4998,1863 5087,1863 5177,1869 5266,1869 5356,1875 5446,1869 5535,1869 5625,1863 5714,1863 5804,1863 5893,1857 5983,1857 6073,1845"/>
                <TextEquiv>
                    <Unicode>teranlage nach, sondern eigentlich nur pe-</Unicode>
                </TextEquiv>
            </TextLine>
            <TextLine id="tr_1_tl_10" custom="readingOrder {index:9;}">
                <Coords points="4808,1947 4839,1964 4859,1950 4873,1961 4952,1947 4975,1958 4995,1944 5046,1956 5077,1936 5131,1967 5176,1953 5176,1896 5153,1902 5134,1885 5105,1905 5020,1888 4992,1902 4969,1885 4921,1910 4882,1893 4870,1902 4808,1890"/>
                <Baseline points="4825,1940 4914,1934 5004,1934 5093,1934 5183,1940"/>
                <TextEquiv>
                    <Unicode>en ai son</Unicode>
                </TextEquiv>
            </TextLine>
            <TextLine id="tr_1_tl_11" custom="readingOrder {index:10;}">
                <Coords points="3925,2043 6053,2074 6053,1967 5745,1910 5456,1978 3925,1967"/>
                <Baseline points="3941,2018 4030,2030 4120,2030 4209,2024 4299,2024 4389,2024 4478,2024 4568,2024 4657,2024 4747,2024 4836,2024 4926,2030 5016,2024 5105,2024 5195,2024 5284,2018 5374,2018 5463,2018 5553,2018 5643,2006 5732,2012 5822,2012 5911,2012 6001,2012 6061,2018"/>
                <TextEquiv>
                    <Unicode>dantisch und hart Dagegen ist der Führer,</Unicode>
                </TextEquiv>
            </TextLine>
            <TextLine id="tr_1_tl_12" custom="readingOrder {index:11;}">
                <Coords points="3962,2239 4655,2176 5935,2207 5935,2108 5796,2074 4879,2131 3962,2091"/>
                <Baseline points="3977,2179 4060,2179 4150,2179 4239,2179 4329,2179 4418,2179 4508,2179 4598,2173 4687,2173 4777,2173 4866,2173 4956,2173 5045,2167 5135,2173 5225,2173 5314,2167 5404,2173 5493,2167 5583,2167 5672,2167 5762,2167 5852,2167 5941,2167"/>
                <TextEquiv>
                    <Unicode>(Organisator,Feldherr) der Anlage nach</Unicode>
                </TextEquiv>
            </TextLine>
            <TextLine id="tr_1_tl_13" custom="readingOrder {index:12;}">
                <Coords points="3925,2366 6101,2372 6167,2256 3925,2270"/>
                <Baseline points="3941,2334 4024,2334 4114,2334 4203,2334 4293,2334 4383,2328 4472,2328 4562,2334 4651,2328 4741,2328 4830,2328 4920,2328 5010,2328 5099,2328 5189,2328 5278,2328 5368,2322 5457,2328 5547,2328 5637,2322 5726,2322 5816,2322 5905,2322 5995,2322 6084,2322 6174,2316"/>
                <TextEquiv>
                    <Unicode>nicht selten tyrannisch, manchmal tyranny</Unicode>
                </TextEquiv>
            </TextLine>
            <TextLine id="tr_1_tl_14" custom="readingOrder {index:13;}">
                <Coords points="3931,2519 6076,2544 6124,2414 3931,2425"/>
                <Baseline points="3947,2478 3977,2484 4066,2490 4156,2484 4245,2490 4335,2484 4424,2484 4514,2484 4604,2484 4693,2484 4783,2484 4872,2484 4962,2478 5051,2478 5141,2478 5231,2478 5320,2478 5410,2472 5499,2472 5589,2472 5678,2478 5768,2472 5858,2478 5947,2478 6037,2472 6126,2466"/>
                <TextEquiv>
                    <Unicode>bis zur Grausamkeit, wenn es die Notwendig-</Unicode>
                </TextEquiv>
            </TextLine>
            <TextLine id="tr_1_tl_15" custom="readingOrder {index:14;}">
                <Coords points="3920,2666 6093,2672 6167,2649 6167,2524 3920,2564"/>
                <Baseline points="3935,2639 4024,2639 4114,2639 4203,2639 4293,2639 4383,2639 4472,2639 4562,2639 4651,2633 4741,2633 4830,2633 4920,2633 5010,2633 5099,2633 5189,2633 5278,2627 5368,2627 5457,2633 5547,2633 5637,2633 5726,2627 5816,2627 5905,2627 5995,2627 6084,2627 6174,2621"/>
                <TextEquiv>
                    <Unicode>keit gebietet.Der negative Typus Tyrann ist</Unicode>
                </TextEquiv>
            </TextLine>
            <TextLine id="tr_1_tl_16" custom="readingOrder {index:15;}">
                <Coords points="5674,2734 5705,2737 5722,2722 5753,2737 5813,2717 5858,2725 5878,2711 5901,2731 5915,2728 5954,2711 5954,2649 5926,2652 5909,2640 5878,2660 5847,2646 5813,2666 5776,2643 5759,2657 5734,2657 5708,2680 5674,2666"/>
                <Baseline points="5690,2717 5780,2711 5870,2711 5959,2711"/>
                <TextEquiv>
                    <Unicode>theil</Unicode>
                </TextEquiv>
            </TextLine>
            <TextLine id="tr_1_tl_17" custom="readingOrder {index:16;}">
                <Coords points="3925,2853 5920,2841 5980,2688 5688,2751 5303,2663 5054,2739 4803,2688 3928,2745"/>
                <Baseline points="3941,2800 4012,2794 4102,2794 4192,2794 4281,2794 4371,2794 4460,2794 4550,2788 4639,2788 4729,2788 4819,2788 4908,2788 4998,2788 5087,2788 5177,2788 5266,2788 5356,2782 5446,2776 5535,2776 5625,2776 5714,2782 5804,2782 5893,2782 5983,2770"/>
                <TextEquiv>
                    <Unicode>grausam aus Eitelkeit.Böshaftigkelt.Die</Unicode>
                </TextEquiv>
            </TextLine>
            <TextLine id="tr_1_tl_18" custom="readingOrder {index:17;}">
                <Coords points="3925,2977 6150,2974 6118,2853 4839,2906 3928,2850"/>
                <Baseline points="3941,2949 4006,2949 4096,2949 4186,2943 4275,2943 4365,2943 4454,2943 4544,2937 4633,2943 4723,2937 4813,2937 4902,2937 4992,2943 5081,2937 5171,2943 5260,2943 5350,2937 5440,2937 5529,2937 5619,2943 5708,2937 5798,2937 5887,2937 5977,2937 6067,2937 6156,2932"/>
                <TextEquiv>
                    <Unicode>wahre mührernatur wird sich niemals auf der</Unicode>
                </TextEquiv>
            </TextLine>
            <TextLine id="tr_1_tl_19" custom="readingOrder {index:18;}">
                <Coords points="3914,3116 6150,3141 6150,3042 5994,3000 3914,3039"/>
                <Baseline points="3929,3099 4006,3099 4096,3099 4186,3099 4275,3099 4365,3099 4454,3099 4544,3099 4633,3099 4723,3093 4813,3093 4902,3099 4992,3099 5081,3099 5171,3099 5260,3093 5350,3093 5440,3093 5529,3093 5619,3087 5708,3087 5798,3087 5887,3093 5977,3093 6067,3087 6156,3075"/>
                <TextEquiv>
                    <Unicode>negativen Seite finden.Da aber d-i tyranni-</Unicode>
                </TextEquiv>
            </TextLine>
            <TextLine id="tr_1_tl_20" custom="readingOrder {index:19;}">
                <Coords points="3942,3303 5935,3297 6167,3277 6167,3155 3942,3172"/>
                <Baseline points="3959,3248 4024,3260 4114,3254 4203,3254 4293,3254 4383,3254 4472,3254 4562,3254 4651,3254 4741,3254 4830,3254 4920,3254 5010,3254 5099,3248 5189,3254 5278,3254 5368,3248 5457,3248 5547,3248 5637,3248 5726,3248 5816,3248 5905,3248 5995,3248 6084,3242 6174,3236"/>
                <TextEquiv>
                    <Unicode>schen Charakteranlagen sich sehr häufig bei</Unicode>
                </TextEquiv>
            </TextLine>
            <TextLine id="tr_1_tl_21" custom="readingOrder {index:20;}">
                <Coords points="3908,3461 5335,3399 6045,3453 6076,3328 3908,3356"/>
                <Baseline points="3923,3409 3935,3409 4024,3409 4114,3409 4203,3403 4293,3403 4383,3397 4472,3397 4562,3397 4651,3397 4741,3397 4830,3403 4920,3403 5010,3403 5099,3403 5189,3403 5278,3397 5368,3397 5457,3397 5547,3397 5637,3403 5726,3403 5816,3403 5905,3403 5995,3397 6084,3391"/>
                <TextEquiv>
                    <Unicode>diassax dem posjtiven Typus vorfinden ist</Unicode>
                </TextEquiv>
            </TextLine>
            <TextLine id="tr_1_tl_22" custom="readingOrder {index:21;}">
                <Coords points="4242,3498 5558,3478 5558,3433 5360,3413 5122,3450 4242,3427"/>
                <Baseline points="4257,3469 4347,3469 4436,3463 4526,3463 4616,3469 4705,3469 4795,3469 4884,3469 4974,3475 5063,3475 5153,3475 5243,3475 5332,3469 5422,3469 5511,3469 5565,3469"/>
                <TextEquiv>
                    <Unicode>nicht aus dem gegen Führer.</Unicode>
                </TextEquiv>
            </TextLine>
            <TextLine id="tr_1_tl_23" custom="readingOrder {index:22;}">
                <Coords points="3908,3594 5988,3611 6036,3489 3908,3504"/>
                <Baseline points="3923,3559 3983,3565 4072,3565 4162,3565 4251,3565 4341,3565 4430,3570 4520,3565 4610,3559 4699,3559 4789,3559 4878,3565 4968,3570 5057,3559 5147,3565 5237,3559 5326,3559 5416,3559 5505,3559 5595,3553 5684,3559 5774,3553 5864,3559 5953,3559 6043,3553"/>
                <TextEquiv>
                    <Unicode>für den negativen Typ zur Vermeidung von</Unicode>
                </TextEquiv>
            </TextLine>
            <TextLine id="tr_1_tl_24" custom="readingOrder {index:23;}">
                <Coords points="4562,3656 4636,3620 4684,3654 4703,3642 4766,3662 4941,3656 4969,3671 5023,3659 5018,3591 4950,3600 4819,3569 4786,3594 4726,3571 4672,3594 4616,3566 4556,3574"/>
                <Baseline points="4574,3606 4663,3624 4753,3636 4842,3636 4932,3642 5022,3642 5028,3642"/>
                <TextEquiv>
                    <Unicode>inzielleicht</Unicode>
                </TextEquiv>
            </TextLine>
            <TextLine id="tr_1_tl_25" custom="readingOrder {index:24;}">
                <Coords points="3920,3778 4556,3806 4769,3713 6124,3758 6152,3637 3920,3656"/>
                <Baseline points="3935,3714 4006,3720 4096,3720 4186,3720 4275,3720 4365,3720 4454,3720 4544,3720 4633,3714 4723,3720 4813,3708 4902,3714 4992,3714 5081,3714 5171,3714 5260,3714 5350,3714 5440,3708 5529,3714 5619,3714 5708,3714 5798,3720 5887,3714 5977,3714 6067,3714 6156,3708"/>
                <TextEquiv>
                    <Unicode>Verwechslung die Bezeichnung Feldwebel oder</Unicode>
                </TextEquiv>
            </TextLine>
            <TextLine id="tr_1_tl_26" custom="readingOrder {index:25;}">
                <Coords points="4644,3789 4771,3818 4800,3798 4868,3815 4958,3795 5193,3809 5190,3750 5119,3733 5046,3744 5006,3719 4975,3744 4876,3753 4811,3747 4766,3710 4740,3733 4641,3741"/>
                <Baseline points="4657,3768 4747,3779 4836,3785 4926,3785 5016,3791 5105,3791 5195,3785 5201,3785"/>
                <TextEquiv>
                    <Unicode>fondere</Unicode>
                </TextEquiv>
            </TextLine>
            <TextLine id="tr_1_tl_27" custom="readingOrder {index:26;}">
                <Coords points="3925,3934 4259,3880 5170,3908 5145,3812 4613,3823 4307,3775 4163,3823 3925,3772"/>
                <Baseline points="3941,3875 4012,3875 4102,3875 4192,3875 4281,3875 4371,3875 4460,3875 4550,3869 4639,3869 4729,3869 4819,3869 4908,3869 4998,3869 5087,3869 5177,3869"/>
                <TextEquiv>
                    <Unicode>Komissknopf vorzuziehen.</Unicode>
                </TextEquiv>
            </TextLine>
            <TextLine id="tr_1_tl_28" custom="readingOrder {index:27;}">
                <Coords points="4333,3965 6113,3959 6113,3886 6019,3866 4333,3886"/>
                <Baseline points="4347,3947 4418,3953 4508,3947 4598,3947 4687,3947 4777,3947 4866,3947 4956,3947 5045,3947 5135,3947 5225,3947 5314,3953 5404,3947 5493,3947 5583,3947 5672,3947 5762,3941 5852,3941 5941,3941 6031,3941 6120,3941"/>
                <TextEquiv>
                    <Unicode>Geradeso wie im Diogramm des Worts</Unicode>
                </TextEquiv>
            </TextLine>
            <TextLine id="tr_1_tl_29" custom="readingOrder {index:28;}">
                <Coords points="3937,4055 5991,4067 6172,4044 6175,3934 3937,3973"/>
                <Baseline points="3953,4048 4030,4030 4120,4030 4209,4030 4299,4030 4389,4030 4478,4030 4568,4030 4657,4024 4747,4024 4836,4030 4926,4024 5016,4024 5105,4024 5195,4024 5284,4024 5374,4024 5463,4024 5553,4024 5643,4024 5732,4018 5822,4024 5911,4024 6001,4024 6090,4024 6180,4024"/>
                <TextEquiv>
                    <Unicode>geht auch hier von der Spitze des positiven</Unicode>
                </TextEquiv>
            </TextLine>
            <TextLine id="tr_1_tl_30" custom="readingOrder {index:29;}">
                <Coords points="3937,4149 5303,4177 5683,4140 5719,4055 3939,4053"/>
                <Baseline points="3953,4114 4018,4108 4108,4108 4197,4114 4287,4114 4377,4108 4466,4108 4556,4108 4645,4108 4735,4114 4825,4114 4914,4114 5004,4108 5093,4108 5183,4108 5272,4108 5362,4108 5452,4102 5541,4102 5631,4102 5720,4096"/>
                <TextEquiv>
                    <Unicode>preiecks eine imaginäre Linie über</Unicode>
                </TextEquiv>
            </TextLine>
        </TextRegion>
    </Page>
</PcGts>
