<?xml version="1.0" encoding="UTF-8" standalone="yes"?>
<PcGts xmlns="http://schema.primaresearch.org/PAGE/gts/pagecontent/2013-07-15" xmlns:xsi="http://www.w3.org/2001/XMLSchema-instance" xsi:schemaLocation="http://schema.primaresearch.org/PAGE/gts/pagecontent/2013-07-15 http://schema.primaresearch.org/PAGE/gts/pagecontent/2013-07-15/pagecontent.xsd">
    <Metadata>
        <Creator>prov=READ-COOP:name=TrHtr:version=2.1.0:model_id=51170:date=28_07_2023_08:52</Creator>
        <Created>2023-05-10T11:17:42.184+02:00</Created>
        <LastChange>2023-07-28T08:52:38.068+02:00</LastChange>
        <TranskribusMetadata docId="1428141" pageId="55386454" pageNr="276" tsid="131327334" status="IN_PROGRESS" userId="64420" imgUrl="https://files.transkribus.eu/Get?id=NXEHGEJVJYIDJFYQXARYBMRD&amp;fileType=view" xmlUrl="https://files.transkribus.eu/Get?id=IDCWUATPLSLNEYBCQXRUNLUD" imageId="44661351"/>
    </Metadata>
    <Page imageFilename="1428141_0276.jpg" imageWidth="6808" imageHeight="4616">
        <ReadingOrder>
            <OrderedGroup id="ro_1711823161900" caption="Regions reading order">
                <RegionRefIndexed index="0" regionRef="tr_1"/>
            </OrderedGroup>
        </ReadingOrder>
        <TextRegion id="tr_1" custom="readingOrder {index:0;}">
            <Coords points="4060,869 6341,869 6341,2488 4060,2488"/>
            <TextLine id="tr_1_tl_1" custom="readingOrder {index:0;}">
                <Coords points="6141,947 6166,949 6177,961 6208,966 6216,975 6233,969 6247,980 6266,966 6275,975 6289,975 6297,855 6272,855 6233,815 6199,821 6180,841 6146,835"/>
                <Baseline points="6156,925 6210,925 6299,919"/>
                <TextEquiv>
                    <Unicode>74</Unicode>
                </TextEquiv>
            </TextLine>
            <TextLine id="tr_1_tl_2" custom="readingOrder {index:1;}">
                <Coords points="4080,1173 6300,1100 6300,1008 5836,975 5429,1044 4083,1019"/>
                <Baseline points="4096,1110 4156,1104 4245,1104 4335,1098 4424,1098 4514,1098 4604,1098 4693,1098 4783,1092 4872,1092 4962,1092 5051,1092 5141,1086 5231,1086 5320,1092 5410,1092 5499,1092 5589,1092 5678,1086 5768,1080 5858,1086 5947,1086 6037,1086 6126,1086 6216,1086 6305,1080"/>
                <TextEquiv>
                    <Unicode>je bedeutender die Persönlichkeit ist, die</Unicode>
                </TextEquiv>
            </TextLine>
            <TextLine id="tr_1_tl_3" custom="readingOrder {index:2;}">
                <Coords points="4094,1299 6049,1293 6303,1257 6333,1156 4094,1187"/>
                <Baseline points="4108,1248 4192,1248 4281,1254 4371,1254 4460,1254 4550,1248 4639,1254 4729,1254 4819,1254 4908,1254 4998,1254 5087,1254 5177,1248 5266,1248 5356,1248 5446,1248 5535,1248 5625,1248 5714,1248 5804,1248 5893,1248 5983,1242 6073,1242 6162,1236 6252,1236 6341,1224"/>
                <TextEquiv>
                    <Unicode>in Frage steht ;und Ausschlag gebend für de-</Unicode>
                </TextEquiv>
            </TextLine>
            <TextLine id="tr_1_tl_4" custom="readingOrder {index:3;}">
                <Coords points="4094,1433 6054,1455 6157,1435 6157,1315 5909,1346 5761,1268 5512,1346 5247,1285 4094,1357"/>
                <Baseline points="4108,1403 4192,1409 4281,1409 4371,1409 4460,1409 4550,1409 4639,1403 4729,1403 4819,1403 4908,1403 4998,1403 5087,1403 5177,1403 5266,1403 5356,1397 5446,1403 5535,1403 5625,1403 5714,1403 5804,1397 5893,1397 5983,1397 6073,1397 6162,1397"/>
                <TextEquiv>
                    <Unicode>die ihm in der</Unicode>
                </TextEquiv>
            </TextLine>
            <TextLine id="tr_1_tl_5" custom="readingOrder {index:4;}">
                <Coords points="4105,1625 5431,1555 6082,1608 6280,1575 6280,1449 5236,1514 4820,1435 4666,1508 4105,1511"/>
                <Baseline points="4120,1564 4138,1558 4227,1558 4317,1558 4406,1558 4496,1558 4586,1564 4675,1558 4765,1558 4854,1558 4944,1558 5034,1558 5123,1558 5213,1558 5302,1558 5392,1552 5481,1552 5571,1558 5661,1558 5750,1558 5840,1552 5929,1552 6019,1552 6108,1558 6198,1552 6288,1540"/>
                <TextEquiv>
                    <Unicode>geistigen Entwicklung der Menschheit ange-</Unicode>
                </TextEquiv>
            </TextLine>
            <TextLine id="tr_1_tl_6" custom="readingOrder {index:5;}">
                <Coords points="4069,1729 6238,1748 6238,1656 5540,1589 5390,1662 4069,1664"/>
                <Baseline points="4084,1713 4096,1713 4186,1713 4275,1713 4365,1719 4454,1713 4544,1713 4633,1713 4723,1713 4813,1713 4902,1713 4992,1713 5081,1713 5171,1713 5260,1713 5350,1713 5440,1713 5529,1713 5619,1707 5708,1707 5798,1707 5887,1707 5977,1707 6067,1707 6156,1707 6246,1701"/>
                <TextEquiv>
                    <Unicode>wiesen ist, ob sie nun durch das Wort oder</Unicode>
                </TextEquiv>
            </TextLine>
            <TextLine id="tr_1_tl_7" custom="readingOrder {index:6;}">
                <Coords points="4074,1899 6236,1893 6236,1812 5898,1762 5431,1815 5113,1754 4934,1829 4074,1787"/>
                <Baseline points="4090,1869 4180,1869 4269,1869 4359,1863 4448,1869 4538,1863 4627,1869 4717,1869 4807,1863 4896,1869 4986,1869 5075,1869 5165,1863 5254,1869 5344,1869 5434,1869 5523,1869 5613,1869 5702,1863 5792,1869 5881,1869 5971,1863 6061,1863 6150,1863 6240,1857"/>
                <TextEquiv>
                    <Unicode>durch die Tat an ihr teilnimmt, wird stets</Unicode>
                </TextEquiv>
            </TextLine>
            <TextLine id="tr_1_tl_8" custom="readingOrder {index:7;}">
                <Coords points="4080,2052 6283,2039 6244,1935 4080,1941"/>
                <Baseline points="4096,2000 4186,2006 4275,2006 4365,2006 4454,2000 4544,2006 4633,2012 4723,2012 4813,2012 4902,2012 4992,2018 5081,2018 5171,2018 5260,2018 5350,2018 5440,2018 5529,2018 5619,2018 5708,2024 5798,2024 5887,2024 5977,2024 6067,2024 6156,2024 6246,2012 6288,2006"/>
                <TextEquiv>
                    <Unicode>(nicht Berufswahl, ja nicht einmal spezifi-</Unicode>
                </TextEquiv>
            </TextLine>
            <TextLine id="tr_1_tl_9" custom="readingOrder {index:8;}">
                <Coords points="4069,2181 4968,2175 5236,2273 5434,2175 6230,2189 6227,2078 5443,2120 5236,2041 5152,2100 4066,2111"/>
                <Baseline points="4084,2155 4174,2155 4263,2155 4353,2149 4442,2155 4532,2161 4621,2167 4711,2167 4801,2167 4890,2167 4980,2167 5069,2167 5159,2173 5248,2167 5338,2173 5428,2173 5517,2173 5607,2173 5696,2173 5786,2173 5875,2179 5965,2179 6055,2179 6144,2179 6234,2173"/>
                <TextEquiv>
                    <Unicode>sche Begabung sondern die Geistesverfas-</Unicode>
                </TextEquiv>
            </TextLine>
            <TextLine id="tr_1_tl_10" custom="readingOrder {index:9;}">
                <Coords points="4052,2321 6144,2348 6144,2268 5951,2245 5783,2301 5605,2237 4052,2273"/>
                <Baseline points="4066,2310 4156,2310 4245,2310 4335,2316 4424,2316 4514,2316 4604,2322 4693,2322 4783,2316 4872,2316 4962,2316 5051,2322 5141,2322 5231,2322 5320,2328 5410,2328 5499,2334 5589,2334 5678,2328 5768,2334 5858,2334 5947,2334 6037,2334 6126,2334 6150,2328"/>
                <TextEquiv>
                    <Unicode>sung sein, als deren repräsentant sie zu</Unicode>
                </TextEquiv>
            </TextLine>
            <TextLine id="tr_1_tl_11" custom="readingOrder {index:10;}">
                <Coords points="4044,2591 4200,2566 4370,2477 4499,2508 4552,2483 4697,2505 4694,2435 4569,2393 4496,2418 4446,2388 4323,2413 4267,2376 4041,2413"/>
                <Baseline points="4060,2472 4150,2466 4239,2472 4329,2466 4418,2472 4508,2472 4598,2478 4687,2472 4705,2478"/>
                <TextEquiv>
                    <Unicode>gelten hat.</Unicode>
                </TextEquiv>
            </TextLine>
        </TextRegion>
    </Page>
</PcGts>
