6760 4440
5844 470 6070 686 53
3889 605 6173 978 Für die Typen dieses Diogramme:Der Geist in
5168 790 5534 906 ".
3911 809 6108 1091 der Tat sind die (verhältnismässig) treffen-
3535 890 3861 1056 Ao: & hee
3917 931 6286 1235 den Bezeichnungen noch schwerer zu finden als
3535 1015 3795 1219 n'une
3917 1081 6286 1426 für die Typen des ersten Diogramms: Der Geist
3927 1254 6145 1595 im Wort. Ich habe auch hier immer die ein-
3949 1404 6180 1705 prägsamsten und nicht immer die zutreffend-
3939 1554 5873 1861 sten Bezeichnungen gewählt. (klarz
3964 1702 6246 2034 Auch hier ahn handelt es sich, wie immer sie-
5675 1830 6108 1952 m in Bail
3958 1896 6352 2150 der betont werden mues, nicht um Berufstypen, m
5647 2002 6004 2118 is. Beqch
3983 2081 6506 2310 sondern um Typen von Coistesverfassungen, die
3983 2156 6352 2454 zu einem bestimmten Beruf disponieren,mit dem
4152 2244 4394 2347 Nun
3983 2313 6296 2614 die Geistesverfassung die Bezeichnung teilt.
3986 2466 6177 2789 Doch besteht hier noch weniger die innere
4011 2617 6177 2927 oder äussere Notwendigkeit, dass der indi
4021 2786 6252 3112 viduelle Repräsentant daax eines bestimmten
4005 2946 6167 3193 Typus auch den Beruf ergreift, der mit dem
4174 3168 4353 3265 and
4014 3124 5594 3450 gleichen Wort bezeichnet wird.
