6872 4136
5927 294 6111 532 12
4302 447 6279 679 Es hat seinen einn innerhalb des Dia-
3917 612 6297 829 gramms,dass Priester und Philosoph,wenn auch
3911 759 6294 1031 auf der gleichen Ebene, am weitesten voneinan-
3911 933 6371 1154 der entfernt, Staatsmann und Historiker einander
3911 1111 6224 1362 gleichfalls auf derselben Ebene einander nä-
3917 1282 4425 1463 her sind.
4397 1294 6157 1613 Auch dass Priester und Pfaff sich
3960 1530 6267 1784 (durch die unüberschreitbare Linie getrennt)
3938 1726 6322 1946 näher steheh als Staatsmann und Politiker und
3929 1839 6386 2093 dass Literat und Dichter am weitesten voneinan-
3938 2069 4559 2255 der stehen.
1004 2200 1190 2399 aab
722 2393 1022 2616 ffent
