6872 4392
5734 551 5990 700 xx
4047 493 5222 737 künstler) zum Helden.
4047 670 6175 923 Und wieder,über diesem Breieck, gleichsam
4047 834 6315 1029 schwebend, geradeso wie über dem andern der
4077 971 6489 1221 Prophet, von wo aus die Linie sich zu Gott fort-
4053 1188 4406 1355 setzt.
4065 1239 6376 1462 Auf der negativen Seite aber finden wir wie-
4062 1416 6510 1644 der die negentypen. Als Gegentyp des Entdeckens
5926 1486 6580 1626 Tulckaussetors.)
4077 1583 6346 1803 den Abenteurer, als Gegenstück des Eroberers
4096 1696 6498 1915 (Feldherrn) den Tyrannen (Feldwebel), als Gegen
4102 1873 6461 2125 typ des Mathematikers (Brückenbauers) den Spe
4083 2022 6440 2250 kulanten (den Erbauer von Luftschlössern), als
4080 2156 6364 2384 Gegentyp des Naturforschers den Quacksalber
4114 2314 6528 2524 (im Verbrecherischen bis zum Giftmischer gestei
4108 2567 4424 2759 gert).
4150 2607 6492 2859 An der Spitze dieses Dreieckes,dem Helden ge
4114 2783 6355 3039 genüber,den Schwindler (Narrn,Hochstapler).
4153 2926 6340 3191 Ueber diesem negativen preieck wieder den
4114 3091 6452 3322 Tückehold, von dem sich die Linie bis zum Teu¬
4117 3313 4878 3508 fel fortsetzt.
