6840 4344
1486 3487 1938 3665 Monsieur
1182 3499 1382 3671 12.3
1087 3615 2379 3865 cda ai b, meebl tnia. ellin
2203 3761 2948 3972 W redolfaane
1131 3796 2081 4037 Omnev idem Jdo im
4615 450 5121 679 (not 13)
3951 601 6232 935 Der Prophet sowohl wie der Tückehold bewegt
3957 872 5624 1090 sich in einem Bezirk des Wahns.
3966 994 6232 1242 Das Wirken und das Dasein dieser beiden Ty-
3987 1167 6306 1385 pen hat mit Realität kann mehr etwas zu tun.
3969 1280 6303 1557 Die Ahnung Gottes, die Ähnung des Teufels ist
4011 1545 4511 1703 in ihnen.
4037 1608 6274 1861 Sie sind beide besessen im wahren Sinn des
4002 1739 6330 2025 Wortes, da er unfreier als die übrigen Typen.
3972 1903 6372 2197 Der Prophet hat das Gefühl einer Mission, aber
4014 2102 6232 2305 diese Mission muss an sich keineswegs eine
4032 2263 6259 2483 grosse sein, doch der Prophet ist überzeugt
4046 2516 4487 2653 von ihr.
4076 2581 6193 2778 Das Charakteristische des Propheten ist
4058 2707 6384 2933 kein swegs die Grossartigkeit seiner vision,
4055 2867 5705 3171 sondern seine Besessenheit.
4425 3088 5988 3379 du Beyil on    tous tre c
5157 3832 5514 4070 our
4690 3886 4934 4097 nen
