6728 4280
3794 867 6027 1091 Das Reich des Geistes, ein graphischer Ver-
3821 1045 4260 1251 Versuch.
3794 1164 6087 1388 Das Reich des Geistes,insbesondere das Ver-
3809 1285 6151 1530 hältnis,in dem seine Wortführer und Bewahrer
3818 1460 6142 1685 zubeinander stehen, stellt sich mir graphisch
3833 1654 6124 1851 in der Form zweier gegenständiger Pyramiden
3818 1827 5542 2009 dar mit einer gemeinsamen Basis.
3830 1951 6269 2133 Die obere Pyramide stellt die positive,frucht-
5612 2024 5945 2121 untere
3851 2091 6263 2285 bare, ins Göttliche gerichtete, die andere Hälf-
3845 2227 4266 2333 Pyramide
3842 2227 6218 2472 te die negative, unfruchtbare,ins (Teuflische)
3836 2397 6057 2612 gerichtete Hälfte dieses Geis Reiches dar.
3836 2554 5936 2772 Auf der einen Seite der oberen Pyramide
3836 2721 6069 2921 steigt die Linie auf vom Priester über den
3848 2882 6057 3085 Staatsmann,auf der anderen Seite vom Phi
3863 3009 5945 3230 sophen über den historiker zum Dichter.
3848 3178 6178 3409 Auf der unteren Pyramide in analoger Ordnung
3851 3339 6190 3539 geht es auf der einen Seite vom Pfaffen über
3875 3469 6184 3681 den Politiker, auf der anderen Seite vom So -
3860 3627 6108 3830 phisten über den Jurnalisten zum Literaten
