6792 4424
4207 482 6408 700 Um ihnen wie es den früher Tage ein 5 Er als we¬
4078 672 6334 853 Inuerhalb des negativen Gebietes finden wir
4060 767 6279 1007 die entsprechenden Gegentypen wie in jenen
4048 942 5969 1175 früheren Diogramm. an einele¬
4048 1050 6349 1295 Als regentyp des Entdeckers (Geefahrers) ha¬
6098 1203 6404 1295 vous était
4066 1240 6536 1461 ben wir den Abenteurer, als Cegentyp des Feld-Korn
4048 1378 6223 1620 herrn den (Tyrannen ) (Feldnebel), (von Ihm
4048 1568 6116 1771 Auf der anderer Seite als Gegentyp des
4069 1694 6309 1906 Mathematikers (Brückenbauers) den Spekulan-
4640 1854 4839 1943 gri n
4042 1881 5852 2081 ten (Erbauers von Luftschlössern).
4072 1970 6312 2213 Als Cegentyp des Naturforschers (Heilkünst-
4072 2160 5913 2360 ler) den Guacksalber (Giftmischer).
4057 2302 6282 2526 An der Spitze dieses Dreiecks, als Gegentyp
4066 2495 6309 2658 des Helden also, den Schw indler (Narrn,Hoch-
4066 2624 4763 2848 stapler). )
4060 2783 6230 2964 Ueber diesem negativen Dreieck wieder,wie
4054 2903 6285 3139 im anderen Diogramm, der Tückehold, über den
4072 3084 6177 3280 sich die Linie bis zum Teufel fortsetzt.
5333 3210 5511 3302 is in
4342 3234 6162 3486 The present ist ainsi a Vaun
4517 3400 4956 3560 . M eerl
