6840 4392
4222 491 6428 688 (Wir sehen also, dass die Typen Prophet und
4270 613 6640 875 Tückehold zum Geist im Wort in gleichen Bezie-
4240 777 6509 968 hungen stehen wie zum Geist in der Tat. Und
4237 974 6583 1105 wirklich lehrt die Erfahrung,dass der Prophet
4219 1102 6491 1298 ebenso wie der Tückehold sich ebenso gut im
4216 1239 6482 1414 Wort, als in der Tat kundgeben kann, dass der
4210 1393 6488 1557 Tückehold dem Schwindler genau so nahesteht
4207 1539 6458 1706 wie dem Literaten,der Prophet dem Helden so
4210 1679 5321 1828 nahe wie dem Dichter.
4192 1855 6527 2004 Wir sehen auch, je höher das preieck ansteigt,
4180 1956 6446 2194 die Beziehungen zwischen den entsprechenden
4177 2168 6381 2302 Typen der Dreiecke Geist im Wort und Geist
4189 2293 5756 2436 in der Tat immer näher werden.
4758 2391 5374 2504 draurt uil en
4168 2439 6378 2644 Ganz auffallend die Beziehung, die zwischen
4160 2614 6417 2769 den entsprechenden Typen der Wort-un d der
4163 2751 6419 2912 Tatseite besteht,so dass sich die Typen auf
4148 2900 6539 3085 den graphisch entsprechenden Punkten gewisser-
5982 3046 6172 3126 ntr
4133 3076 6399 3266 massen zu ergänzen scheinen. Der Seefahrer,
4133 3189 6491 3379 ebenso wie der Priester bedürfen des Glaubens
4177 3368 6485 3558 an die Existenz einer jenseitigen,noch uner-
4157 3481 6277 3790 forschten Welt. (Sie suchen sich ein neues
