<?xml version="1.0" encoding="UTF-8" standalone="yes"?>
<PcGts xmlns="http://schema.primaresearch.org/PAGE/gts/pagecontent/2013-07-15" xmlns:xsi="http://www.w3.org/2001/XMLSchema-instance" xsi:schemaLocation="http://schema.primaresearch.org/PAGE/gts/pagecontent/2013-07-15 http://schema.primaresearch.org/PAGE/gts/pagecontent/2013-07-15/pagecontent.xsd">
    <Metadata>
        <Creator>prov=READ-COOP:name=TrHtr:version=2.1.0:model_id=51170:date=28_07_2023_08:52</Creator>
        <Created>2023-05-10T11:17:24.035+02:00</Created>
        <LastChange>2023-07-28T08:52:01.495+02:00</LastChange>
        <TranskribusMetadata docId="1428141" pageId="55385868" pageNr="152" tsid="131327185" status="IN_PROGRESS" userId="64420" imgUrl="https://files.transkribus.eu/Get?id=TZBHAXHJHXOXKXYQINQHGPOO&amp;fileType=view" xmlUrl="https://files.transkribus.eu/Get?id=NZKTYLCFVZSBNBNISOLDNTLH" imageId="44660767"/>
    </Metadata>
    <Page imageFilename="1428141_0152.jpg" imageWidth="6872" imageHeight="4472">
        <ReadingOrder>
            <OrderedGroup id="ro_1711822937984" caption="Regions reading order">
                <RegionRefIndexed index="0" regionRef="tr_1"/>
            </OrderedGroup>
        </ReadingOrder>
        <TextRegion id="tr_1" custom="readingOrder {index:0;}">
            <Coords points="3677,379 6251,379 6251,2010 3677,2010"/>
            <TextLine id="tr_1_tl_1" custom="readingOrder {index:0;}">
                <Coords points="5767,473 5842,509 5885,491 5924,506 5948,488 6047,539 6068,527 6125,539 6143,325 6110,307 6077,322 6020,310 5903,361 5776,334"/>
                <Baseline points="5785,453 5875,453 5964,441 6054,435 6143,429"/>
                <TextEquiv>
                    <Unicode>1 00 1</Unicode>
                </TextEquiv>
            </TextLine>
            <TextLine id="tr_1_tl_2" custom="readingOrder {index:1;}">
                <Coords points="4632,566 4768,548 4876,590 4985,533 5015,551 5048,530 5135,578 5358,545 5361,379 5225,394 5114,325 4966,376 4635,361"/>
                <Baseline points="4651,477 4740,477 4830,471 4919,471 5009,477 5098,477 5188,471 5278,471 5367,465"/>
                <TextEquiv>
                    <Unicode>Zue Anlaubel</Unicode>
                </TextEquiv>
            </TextLine>
            <TextLine id="tr_1_tl_3" custom="readingOrder {index:2;}">
                <Coords points="5863,768 5879,768 5897,756 5918,765 5933,759 5957,771 5975,759 6020,771 6026,620 6008,617 5984,638 5975,635 5966,644 5948,638 5939,647 5903,626 5870,632"/>
                <Baseline points="5881,746 5940,746 6030,740"/>
                <TextEquiv>
                    <Unicode>50</Unicode>
                </TextEquiv>
            </TextLine>
            <TextLine id="tr_1_tl_4" custom="readingOrder {index:3;}">
                <Coords points="3654,1204 4383,1141 4714,1014 6071,960 6089,759 4656,837 4259,984 3669,1035"/>
                <Baseline points="3677,1140 3755,1134 3845,1110 3934,1092 4024,1086 4113,1074 4203,1062 4292,1056 4382,1044 4472,1032 4561,1032 4651,1020 4740,1015 4830,1009 4919,997 5009,991 5098,979 5188,967 5278,967 5367,955 5457,949 5546,937 5636,931 5725,925 5815,913 5904,907 5994,895 6084,895"/>
                <TextEquiv>
                    <Unicode>(Der Dichter hat das Bedürfnis die Welt aus</Unicode>
                </TextEquiv>
            </TextLine>
            <TextLine id="tr_1_tl_5" custom="readingOrder {index:4;}">
                <Coords points="3865,1297 5198,1123 5671,1138 5845,1090 5857,966 3877,1171"/>
                <Baseline points="3886,1241 3976,1235 4065,1229 4155,1218 4245,1212 4334,1206 4424,1194 4513,1188 4603,1176 4692,1170 4782,1164 4872,1152 4961,1146 5051,1140 5140,1128 5230,1122 5319,1116 5409,1104 5498,1098 5588,1086 5678,1080 5767,1074 5857,1062"/>
                <TextEquiv>
                    <Unicode>sich heraus neu erstehen zu lassen. Er</Unicode>
                </TextEquiv>
            </TextLine>
            <TextLine id="tr_1_tl_6" custom="readingOrder {index:5;}">
                <Coords points="3877,1457 6089,1234 6101,1105 3892,1297"/>
                <Baseline points="3898,1391 3952,1397 4042,1385 4131,1379 4221,1367 4310,1361 4400,1349 4489,1343 4579,1337 4669,1325 4758,1319 4848,1307 4937,1301 5027,1295 5116,1283 5206,1277 5295,1265 5385,1259 5475,1253 5564,1241 5654,1235 5743,1229 5833,1223 5922,1212 6012,1206 6101,1194"/>
                <TextEquiv>
                    <Unicode>schafft stets mit Notwendigkeit und bringt</Unicode>
                </TextEquiv>
            </TextLine>
            <TextLine id="tr_1_tl_7" custom="readingOrder {index:6;}">
                <Coords points="3907,1631 4611,1487 6240,1391 6252,1231 3922,1460"/>
                <Baseline points="3934,1540 4012,1540 4101,1534 4191,1522 4280,1516 4370,1504 4460,1504 4549,1492 4639,1486 4728,1480 4818,1468 4907,1462 4997,1456 5086,1444 5176,1438 5266,1426 5355,1415 5445,1409 5534,1397 5624,1391 5713,1385 5803,1379 5893,1367 5982,1367 6072,1355 6161,1343 6251,1331"/>
                <TextEquiv>
                    <Unicode>immer sich selbst dar, auch wo er matt und un-</Unicode>
                </TextEquiv>
            </TextLine>
            <TextLine id="tr_1_tl_8" custom="readingOrder {index:7;}">
                <Coords points="3907,1725 4109,1695 4223,1722 4355,1668 4377,1689 4419,1668 4455,1704 4614,1646 4717,1665 4723,1580 4476,1568 4232,1619 3916,1634"/>
                <Baseline points="3928,1695 4012,1695 4101,1689 4191,1677 4280,1671 4370,1665 4460,1653 4549,1647 4639,1641 4728,1635"/>
                <TextEquiv>
                    <Unicode>zulänglich ist.</Unicode>
                </TextEquiv>
            </TextLine>
            <TextLine id="tr_1_tl_9" custom="readingOrder {index:8;}">
                <Coords points="3913,1881 6213,1713 6225,1592 5316,1571 4786,1722 3922,1782"/>
                <Baseline points="3934,1844 3988,1850 4077,1844 4167,1832 4257,1827 4346,1815 4436,1809 4525,1797 4615,1791 4704,1779 4794,1773 4883,1773 4973,1761 5063,1749 5152,1743 5242,1737 5331,1725 5421,1719 5510,1713 5600,1701 5690,1695 5779,1689 5869,1683 5958,1671 6048,1659 6137,1653 6227,1641"/>
                <TextEquiv>
                    <Unicode>Es gibt mehr bedeutende Literaten als bedeu-</Unicode>
                </TextEquiv>
            </TextLine>
            <TextLine id="tr_1_tl_10" custom="readingOrder {index:9;}">
                <Coords points="3940,2083 4277,2110 4939,1917 5936,1878 6137,1845 6143,1782 6002,1698 5054,1782 4855,1875 3955,1893"/>
                <Baseline points="3964,1994 4000,2000 4089,1994 4179,1988 4268,1976 4358,1970 4448,1964 4537,1952 4627,1952 4716,1934 4806,1928 4895,1922 4985,1910 5075,1904 5164,1898 5254,1892 5343,1880 5433,1874 5522,1862 5612,1856 5701,1856 5791,1850 5881,1844 5970,1832 6060,1827 6149,1815"/>
                <TextEquiv>
                    <Unicode>tende Dichter, aber kein Literat ist gross.</Unicode>
                </TextEquiv>
            </TextLine>
        </TextRegion>
    </Page>
</PcGts>
