5144 4088
798 505 2326 679 Architekt, der Ingenieur meist dem Typus Ma¬
812 655 2324 765 thematiker (Brückenbauer) zuzuzählen sein; der
810 739 2347 856 Kaufmann als Geistesmensch kann den Typus
817 828 2345 962 Spekulant, Politiker, in besonderen Fällen auch
810 885 2321 1020 den Tyrus Staatsmann repräsentieren. Dem Er¬
817 994 2328 1123 finder mögen wir unter dem Typus des Ma-
835 1088 2347 1191 thematoders, des Naturforschers, des Spekulanten
824 1172 2338 1296 (Projektemachers), vielleicht auch des Dichters
835 1285 1172 1397 begegnen.
901 1315 2338 1460 Das Wesentliche aber für die Beurteilung
821 1425 2345 1537 und Erkenntnis des Geistesmenschen und
821 1514 2356 1636 ausschlaggebend für die Rolle, die ihm in der
828 1603 2356 1713 Geistesgeschichte der Menschheit zugewiesen
840 1675 2363 1802 ist, — ob er nun durch das Wort oder durch
833 1771 2375 1919 die Tat, ob er als positiver oder negativer Typus
840 1858 2368 1994 an ihr teilnimmt — wird nicht der Beruf, nicht
840 1949 2366 2064 die Begabung, werden auch nicht die Seelen-
840 2026 2375 2157 zustände; — das Wesentliche wird stets die an-
852 2127 2354 2258 geborene, einheitliche, unveränderliche Gei¬
835 2235 2375 2331 stesverfassung sein, als deren Repräsentant
854 2303 2366 2417 er in der Welt der Erscheinungen auftritt; —
859 2410 2387 2513 wenn auch gerade die Geistesverfassung als das
866 2478 2389 2630 tiefste Element der Persönlichkeit sich
863 2569 2377 2689 auch dem Blick des Menschenkenners für kür¬
859 2649 2530 2815 zere oder längere Dauer zu verbergen vermag-
786 2728 2665 2895 over gar, in seltten Fällen, erst historiter
1563 2817 2080 2930 entlecft
779 2836 1729 2995 Bekenntnis
2359 3117 2555 3290 d
4212 1699 4362 1806 LEIPZIO
2993 1715 3613 1816 DRUK DER SPAMERSCHI
