6744 4488
3866 821 6241 1022 Gegenteil zu verkehren scheint (wie wenn z.B.
3933 1028 6164 1203 ein milder, besonnener Mensch sich in einen
3889 1172 6221 1380 jährzornigen,bösartigen,ein Geihofs in einen
3903 1303 5447 1491 Verschwender verwandelt u.s.w
5102 1357 5963 1538 emperement
4305 1444 4881 1608 au incapile
3538 1447 3832 1648 Von
4422 1497 6198 1695 Die Charakteranlage wenn auch ange-
3521 1615 3889 1745 we imptie
3906 1588 6097 1869 boren,xxat beeinflussbar nicht nur von aus-
3518 1695 3846 1853 die w.
3896 1779 6130 1983 sen, sondern auch von innen her.Eine Charak
5079 1816 6278 1983 everter aussi erin - vidnamt
3541 1819 3812 1997 temps
3511 1966 6208 2134 nannte teranlage lässt sich früher entwickelh, lärst
4720 2074 4908 2161 and
3906 2070 6228 2305 sich bekämpfen auch durch den eigenen Willen,
3903 2224 6117 2449 der allerdings wieder an sich eine Charak-
3896 2452 5022 2640 teranalage vorstellt.
4459 2492 6174 2760 Eine Geistesverfassung kann wohl
3889 2673 6234 2955 durch eine Gehirnkrankheit zerstört, aber nie-
3896 2841 6161 3038 mals verändert werden. (Kein Sophist ist je
3903 2992 6164 3246 durch eine Gehirnkrankheit zum Phibosphen,
3899 3142 6181 3390 kein Priester zum Pfaffen, kein Kontinual ist
3906 3296 5548 3574 zum Aktualisten geworden k. nr. /
4499 3548 6090 3846 An dieser Stelle verdient die
3889 3796 6275 3983 Tatsache Erwähnung, dass freilich in sehr sel-
