5224 4152
914 541 2420 697 verfassung dar; alle diese und andere scheinbar
914 676 2418 794 in das Diogramm gehörige Bezeichnungen haben
902 758 2425 872 nicht auf Geistesverfassungen, sondern auf Be¬
920 843 2433 977 gabungen und Seelenzustände Bezug, durch
914 940 2412 1039 welche die Persönlichkeit des Geistesmen
908 1036 2431 1133 schen gleichfalls in geringerem und höherem
912 1119 2191 1249 Mabe mit bedingt und bestimmt wird.
986 1363 2423 1502 Absolut feste, unverrückbare Beziehungen
914 1475 2429 1584 sind nicht gegeben, doch besteht zweifellos eine
929 1550 2420 1683 gewisse von Gesetzmäßigkeit ziemlich weit ent-
914 1664 2412 1774 fernte Affinität zwischen bestimmten Geistes
931 1738 2425 1854 verfassungen und bestimmten Begabungen, sel¬
923 1820 2429 1951 tener zwischen bestimmten Geistesverfassungen
931 1909 2444 2012 und bestimmten Seelenzuständen; kaum jemals
914 1988 2437 2111 zwischen bestimmten Begabungen und bestimm-
925 2077 2431 2197 ten Seelenzuständen. Bestimmte Geistesver-
925 2163 2441 2271 fassungen bilden zuweilen die Voraussetzung für
925 2260 2448 2364 das Vorhandensein bestimmter Begabungen und
920 2359 2448 2456 bestimmter Seelenzustände; das Umgekehrte ist
914 2444 1355 2557 nie der Fall.
1015 2532 2443 2650 Während die Geistesverfassungen stets
925 2614 2443 2713 etwas a priori Gegebenes, Fixes, Einheit-
931 2694 2446 2808 liches und Kernhaftes, daher Unabänder-
950 2779 2441 2888 liches vorstellen, kommt den Seelenzustän-
937 2861 2452 3004 den und selbst den Begabungen dieses Kri-
950 2966 2458 3076 terium der Unveränderlichkeit im gleichen
937 3052 2450 3160 Sinne und in gleichem Maße keineswegs zu.
1009 3158 2437 3280 Es ist nicht unwahrscheinlich, daß die Gei¬
2951 512 4460 663 stesverfassungen an bestimmte, anato-
2953 615 4459 737 misch-histologische Verhältnisse gebun-
2972 741 4472 832 den sind; bis zu einem schwer zu bestimmen¬
2960 815 4478 923 den Grade dürfte das auch für die Begabungen,
2958 878 4476 1003 insbesondere für die spezifischen Begabun¬
2958 958 4485 1125 gen, zutreffen; die Seelenzustände jedoch
2995 1039 4483 1159 — nicht nur die fließenden, sondern auch die
2966 1150 4472 1264 scheinbar fixen: Charakteranlagen, Tempera-
2951 1247 4476 1359 mente, Eigenschaften — sind höchstwahrschein¬
2958 1327 4483 1435 lich durch physikalisch-chemische, größtenteils
2977 1426 4478 1529 wohl innersekretorische Vorgänge regelmäßiger
2953 1510 4485 1605 oder wechselnder Natur bedingt, zu denen eine
2977 1614 4167 1692 Disposition angeboren zu sein pflegt.
3038 1673 4478 1784 Mit dieser Annahme sind natürlich weder
2976 1750 4491 1875 Geistesverfassungen noch Begabungen und
2972 1837 4489 1970 Seelenzustände materialistisch erklärt. Es soll
2972 1946 4497 2050 damit nur eine zweifellos vorhandene, in ihrem
2977 2020 4493 2142 Wesen keineswegs durchsichtige (und vielleicht
2977 2106 4481 2225 nicht immer Abhängigkeit bedeutende) Be-
2970 2220 4485 2321 ziehung zwischen Geistesverfassungen,
2995 2311 4483 2401 Begabungen und Seelenzuständen einer-
2977 2391 4476 2481 seits und deren körperlichen Korrelater
2970 2479 4495 2589 andererseits festgestellt werden. Auch wenn es
2983 2549 4508 2656 uns gelänge, eine Geistesverfassung (vielleicht
2977 2627 4502 2759 auch eine spezifische Begabung) mit Sicherheit
2983 2722 4493 2854 an einer bestimmten Stelle des Gehirns zu loka-
2989 2823 4493 2943 lisieren oder einen Seelenzustand mit der Funk-
2989 2894 4487 3010 tion eines bestimmten Nerven oder einer be-
2995 2985 4510 3097 stimmten Drüse in ursächliche Beziehung zu
3000 3080 4506 3234 bringen, so bliebe das eigentliche Wesen von
