6664 4168
585 576 908 756 hinab.
573 649 2932 884 Vom Dichter,also der Spitze der oberen Pyra-
582 811 2913 1067 mide hinaus, führt der Weg über den Propheten
591 1030 1237 1201 bis zu Gott.
579 1054 2886 1326 Auf der unteren Pyramide geht die Linie vom
585 1274 2755 1484 literaten in die Tiefe über den Tückehold
616 1402 2923 1661 (Lausbub ist das gangbarere wort,Gamin kommt
606 1588 2136 1798 der Sache näher) zum Teufel.
3538 265 3855 570 and
3751 381 5918 658 Priester und Pfaff stehen einander auf dem
3812 628 6031 838 einen Seite gegenüber, Philosoph und Sophia
3779 783 6211 1006 auf der anderen, scheinbar nicht allzu weit und
3770 942 6043 1170 doch durch eine unüberschreitbare Linie von
3764 1100 5738 1292 einander getrennt.
3761 1246 6068 1460 Ebenso stehen sich gegenüber Staatsmann und
3773 1402 6049 1603 Politiker, Historiker und Journalist und in
3785 1551 6049 1807 äusserster Entfernung Literat und Dichter.
3773 1722 6144 1926 So sind immer die jenigen Wortführer des Geis-
3785 1865 6165 2084 tes ei nander gegenübergestellt, zwischen de-
3797 2024 6077 2228 men es oberflächliche Analogien gibt, deren
3791 2194 6171 2408 Handwerkzeug das gleiche scheint und manchmal
3785 2316 6177 2514 ist und die sich in ihrer Wirksamkeit manch -
3785 2481 6135 2679 mal nur durch ihre Vorzeichen plus und minus
4711 2627 5312 2749 freileit geringer
3791 2612 6247 2856 unterscheiden, (die sie freilich zu Gegensätzen)
3797 2807 4117 2907 macht.
3785 2788 6147 2971 Es gibt keine Hobergänge, es gibt nur Elemen-
3797 2959 5973 3169 te des einen im andern (des Literaten im
5418 3105 5827 3285 noch als.
3785 3121 5050 3313 Dichter etc.).
3770 3267 6122 3474 Was für die positive Pyramide, für das peich
3791 3401 6214 3614 Gottes der Begriff. Wahrheit (badeutet bedeutet
3791 3581 5988 3858 für die andere Pyramide, für das peich der
