6776 4344
3765 716 5956 950 Vom Dichter,also von der Spitze de oberen
3750 874 6095 1124 preiecks führt eine imaginäre Linie über den
3772 997 5861 1329 Propheten zu Gott. Vom Literaten an der
3797 1177 6000 1433 spitze des unteren Dreiecks eine Linie vom
3784 1373 4911 1603 Tückehold zum Teufel.
3788 1487 6019 1733 Der Prophet ebenso wieder Tückehold (für
3791 1619 6032 1913 den auch banalere Bezeichnungen »Wie Gamin
3816 1736 6170 2029 oder Lausbub sich darbieten,) stehen zum Dia-
3813 1906 6167 2168 gramm der Tat in derselben Beziehung wie zum
3819 2130 4842 2364 Diogramm des Worts.
3825 2247 6098 2481 Die Repräsentanten dieser Typen, des positi-
3838 2415 6082 2667 ven wie des negativen, sind (am losesten) mit
4731 2544 5211 2648 to it, but
3838 2509 6376 2781 der Realität in Zusammenhang, ja, sie entfalten
5972 2635 6227 2724 merk.
3854 2702 6196 3008 sich häufig genug in einem Bezirk des Wahns.
3860 2853 6085 3137 Und so wie der Prophet oft als visionäreja
3882 3030 6249 3270 als Besessener wirkt, wirkt der Tückehold als
3870 3178 5476 3431 pathologischer Bösewicht. 7
3876 3339 6148 3573 Für Gott und Teufel gibt es natürlich über-
3895 3507 6016 3759 haupt keine Repräsentanten mehr. Sie sind
5549 3541 6505 3696 deven & present ist.
3936 3623 6341 3888 höchste Begriffe, sind Ideen, die sich in einem
3926 3813 6038 4024 menschlichen Wesen nicht mehr verkörpern
