5256 4168
909 560 2416 693 wohl erst im Laufe der letzten Jahrzehnte wei¬
909 672 2414 775 teren Kreisen durch den Sprachgebrauch deut¬
926 768 2423 882 lich geworden. Daß aber zwischen Historiker
926 852 2421 958 und Journalisten, zutreffender; zwischen
920 930 2421 1057 Kontinalisten und Aktualisten eine völ-
909 1021 2423 1162 lige Gegensätzlichkeit besteht, so sehr, daß wir
909 1120 2427 1217 den einen unter die Menschen, den andern
926 1210 2433 1309 unter die Un-Menschen einreihen, wird doch
924 1307 2440 1408 erst durch einige erläuternde Bemerkungen
914 1396 1457 1509 klarer werden.
991 1621 2433 1760 Der Priester im Ursinn des Wortes ist Spen¬
924 1741 2421 1863 der der göttlichen (religiösen, rituellen) Gnaden-
926 1804 2440 1943 mittel. Doch diese definition nimmt auf den
932 1899 2438 2012 Beruf Bezug, nicht auf die Geistesverfas-
914 1981 2448 2118 sung. Als Typus innerhalb unseres Diogramms
945 2097 2444 2206 bedeutet er den Helfer, Tröster, Berater, Weg-
926 2164 2431 2294 weiser, Freund. Der priesterliche Beruf legiti¬
939 2233 2446 2370 miert natürlich besonders zur Spendung solcher
939 2345 2450 2457 Gnadenmittel, ob man sie nun göttliche oder
316 2387 469 2478 G.C.H.F.P
937 2436 2446 2537 menschliche nennen will; keineswegs ist es un-
933 2537 2452 2631 erläßliche Voraussetzung, daß der Priester fromm
939 2627 2457 2717 in religiösem oder gar dogmatischem Sinne sei.
1004 2703 2452 2810 Der Pfaffe (die Bezeichnung bekam schon
939 2785 2454 2892 frühzeitig, bei Luther, ihren verächtlichen Bei¬
932 2867 2436 2987 sinn) verhält sich zum Priester fast gleichungs-
951 2960 2446 3101 haft genau wie der Politiker zum Staats-
951 3040 2419 3164 mann und der Sophist zum Philosphen.
1017 3149 2452 3263 Daß es unter den Angehörigen des priester-
3008 547 4534 686 lichen Berufes mehr Pfaffen als Priester gibt, ist
3023 674 4528 770 ebenso natürlich, wie daß es unter den Leuten,
3040 747 4528 859 die in den Staatsdienst treten, mehr Politiker
3040 840 4521 973 gibt als Staatsmänner. Zahlenmäßig überwie¬
3023 924 4530 1055 gen unter den Geistesmenschen die Repräsen-
4684 968 4957 1116 in
3021 1023 4528 1114 tanten des negativen Typus in einem Ver¬
3035 1088 4536 1217 hältnis, das wahrteheinlich einem biologischen
4618 1132 5115 1318 mogliche
3040 1200 3620 1345 Gesetz entspricht.
4507 1269 4963 1421 were
3088 1427 4530 1554 Den Staatsmann definiert das Deutsche
3040 1530 4517 1657 Wörterbuch von Heyne als einen Mann, der
3016 1625 4521 1749 Staatsangelegenheiten zu leiten versteht, dem
3023 1722 3656 1844 sie anvertraut sind
3107 1781 4530 1934 Auf den Urtypus im Diogramm trifft diese
3035 1892 4530 2006 an sich etwas beiläufige definition nur in be¬
3040 1979 3818 2082 scheidenem Ausmaß zu.
3107 2057 4536 2181 Auch dem Politiker, dem negativen Gegen-
3040 2145 4547 2254 typus des Staatsmannes, werden bekanntlich
3046 2242 4547 2368 Staatsangelegenheiten anvertraut; und es ist
3040 2305 4536 2433 nicht zu leugnen, daß auch der Politiker manch-
3035 2423 4551 2541 mal Staatsangelegenheiten zu leiten weiß;—so
3033 2486 4547 2610 wie der Pfaffe berufsmäßig zu predigen und die
3046 2581 4559 2705 Beichte abzunehmen versteht. Und wie der
3059 2671 4557 2795 Pfaffe jeder Religion zugunsten seiner Kirche
3071 2785 4572 2875 wirkt, weil die Vergrößerung ihrer Macht zu
3052 2844 4562 2974 gleicher Zeit eine Erhöhung der seinen oder
3059 2941 4564 3056 doch seines Machtgefühles oder Machtdünkels
3052 3023 4551 3139 bedeutet, so fördert auch der Politiker die In-
3071 3122 4559 3254 teressen seiner Partei vor allem, wenn auch manch-
