6728 4488
5865 539 6032 772 29
3907 736 6017 979 Dem Staatsmann ist das Wohl seines Staa-
3940 847 6176 1075 des oberstes Gesetz. Doch als Trzpar Staats-
5580 1012 5895 1108 lesseurs
3916 1048 6173 1254 mann im höchsten Sinne müsste einer gelten,
5685 1165 6203 1356 s tünde als
3907 1174 5622 1413 dem das Wohl der Menschheit höher,
3916 1242 6329 1542 das seines eigenen Staates. So
5329 1467 5874 1587 dire sur les
4793 1488 5143 1605 geschehen.
3934 1485 6230 1706 es immer wieder dass gerade/g-res-se Repräsen-
3940 1617 6131 1856 tanten dieses Typus in ihren eigenen Lande
5946 1703 6290 1859 Seletin
3934 1802 6233 2048 als Hochverräter gelten (so wie die wahrxx
5526 1919 6200 2036 gekriegigt und
3919 1949 6188 2194 Priester als Ketzer verfolgt oder auch ver-
3925 2182 4763 2323 brannt wurden).
3931 2215 6218 2548 Hierzeigt es sich am eindringstlicheten,dass
3946 2437 6182 2626 ein Repääsentant des positiven Tragi¬
3952 2542 6020 2850 schen vonflikten umso eher gegenüberge-
3952 2709 6173 2961 stellt sein wird,in je vollendeteren Masse
3970 2886 5766 3149 er den Urtypus repräsentiert.
5308 3114 5925 3281 eigentlicher
4428 3188 6320 3452 Der Philosoph im Wortsinn bedeutet
3976 3362 5374 3610 einen Freund der Weisheit.
3961 3416 6170 3763 Als Typus in Diogramm bedeutet er den Den-
3988 3652 6296 3943 ker schlechtweg, den, den den Drang, den Zwang
