5272 4088
1016 561 2440 676 Ebenso hat es seine Bedeutung, daß Priester
940 656 2432 767 und Pfaffe, wenn auch durch die unüber¬
940 746 2442 863 schreitbare Linie getrennt, daß auch Philo¬
945 836 2440 966 soph und Sophist einander näherstehen, als
940 924 2440 1035 Staatsmann einer- und Politiker anderer¬
943 1039 2429 1133 seits, Historiker einer- und Journalist an¬
938 1098 2446 1215 dererseits — und daß am weitesten voneinander
945 1196 2203 1311 entfernt Literat und Dichter stehen.
1014 1443 2446 1558 Vom Dichter, also von der Spitze des oberen
940 1564 2448 1657 Dreiecks, führt eine imaginäre Linie über
951 1634 2434 1734 den Propheten zu Gott; vom Literaten
940 1730 2442 1820 also von der Spitze des unteren Dreiecks, eine
957 1805 2354 1933 Linie über den Tückehold zum Teufel.
1012 1910 2429 2006 Der Prophet ebenso wie der Tückehold (Böse-
945 1988 2448 2076 wicht, für dessen niedere Erscheinungsformen
951 2057 2444 2168 banalere Bezeichnungen, wie Gamin oder Laus¬
957 2172 2450 2268 bub sich darbieten) stehen zum Diogramm „Der
957 2260 2453 2352 Geist in der Tat“ in derselben Beziehung wie
945 2323 2212 2457 zum Diogramm „Der Geist im Wort“.
1012 2438 2448 2524 Die Repräsentanten dieser Typen, Prophet
951 2499 2463 2620 und Tückehold, entfalten ihr Wesen häufig
951 2608 2446 2718 genug in den Bezirken des Wahns. Und so
957 2685 2465 2788 wie der Prophet als Visionär und manchmal
951 2777 2459 2878 als Besessener wirkt, erscheint der Tückehold
945 2863 2452 2970 nicht selten (insbesondere über dem Diogramm
379 2836 788 3096 Auflicht
957 2953 1877 3058 der Tat) als „Bösewicht“,
1028 3035 2465 3133 Für Gott und Teufel gibt es natürlich
951 3123 2476 3263 keine Repräsentanten mehr, sie können auch
551 3401 936 3598 /del
2874 478 4375 691 nicht mehr als Typen gelten. Sie sind höchsté
4673 501 4936 687 Pap
2874 637 4390 762 Begriffe, sind Ideen, denen es versagt ist, in
2863 721 3960 867 irdischer Erscheinung aufzutreten.
4532 727 5087 955 e Reveswegs
2964 951 4381 1125 Es gibt eine Reihe von ethischen Begriffen,
2880 1064 4398 1200 die nur innerhalb des positiven, eine Reihe an-
2880 1139 4388 1286 derer, die nur innerhalb des negativen Drei-
2876 1225 4411 1372 ecks Geltung, Sinn und Realität gewinnen. Die
2886 1315 4417 1462 einzelnen Glieder dieser Reihen, der positiven
2894 1414 4409 1535 einer-, der negativen andererseits, stehen gerade-
2886 1485 4413 1629 so wie die positiven und die negativen Typen in
2886 1586 4407 1703 einem unüberbrückbaren Gegensatz zu¬
2899 1703 3204 1822 einander.
2966 1715 4438 1887 Das positive Dreieck stellt das Reich der
2911 1824 4427 1979 Wahrheit, das negative das der Lüge dar.
2976 1942 4417 2061 In gleicher Weise stehen einander gegen-
2917 2009 4419 2145 über die Begriffe Dämonie und Satanie, Alt-
2909 2076 4438 2237 ruismus und Egoismus, Opferwilligkeit und
2911 2170 4419 2314 Herzensträgheit, Erlebnis und Neusation, Weg
2909 2262 4449 2407 und Karriere, Folge und Erfolg, Humor und
2941 2344 4451 2497 Witz, Sachlichkeit und Opportunismus, Stolz
2936 2442 4451 2564 und Überheblichkeit, Verantwortungsgefühl und
2934 2545 4013 2679 Leichtfertigkeit und andere mehr.
3008 2637 4438 2754 Doch ist natürlich nicht bei jedem Re¬
2945 2706 4444 2869 präsentanten des positive Typus eine Affi-
2941 2788 4457 2938 nität zu allen für das positive Gebiet charakte-
2940 2871 4467 3024 ristischen ethischen Begriffen; — nicht bei
2953 2987 4469 3119 jedem Repräsentanten des negativen Typus
2953 3081 4469 3207 eine Affinität zu allen für das negative Ge-
