6728 4504
924 937 1527 1209 G.C.H.F.P.
2432 1167 2600 1291 G.C.F.P.
554 1871 934 2030 V.H.F.P.
5571 733 6015 931 14
3674 885 6277 1132 je- Die allgemeine Kulturatmosphäre wird ebenso
3923 1089 6196 1297 ,vielleicht in noch höherem Masse durch die
5434 1177 5872 1278 als durch
3897 1193 6261 1446 pepräsentanten des negativen,wie die des po-
3923 1378 6093 1592 sitiven lypus bestimmt.Erregend,belebend,
3907 1560 6161 1719 öfter freilich noch beunruhigend, nicht nur
3914 1702 6161 1890 durch seine Leistungen, sondern schon du roh
3907 1822 6102 2027 sein Da-Sein wirkt manchmal der Repräsen-
3927 2017 6102 2237 tant des negativen Typus in höhe em Masse
3914 2124 6076 2367 als der des positiven. Mahrhaft fördernd
4536 2260 5314 2386 &c. in toterns sine
3946 2292 6093 2523 nur dieser. Alles Dauernde wird trotz des
5227 2377 6355 2516 = bederteuren zurücklichkeiten
3940 2484 6310 2659 zahlenmässigen Ueberwiegend der Begabungen im
3933 2610 6265 2821 negativen Gebiet-nur durch den positiven Ty-
3946 2814 4501 3025 geleistet.
4510 2938 6158 3116 Der positive Typ ist Irrtümern
3946 3074 6232 3311 unterworfen geradeso wieder negative,
4980 3194 5211 3272 eilter
3933 3233 6135 3453 oder in höheren Masse,
3949 3330 6200 3580 aber sein Irrtum est fruchtbarer, denn auch
3946 3479 6326 3696 in seinem Irrtum ist die Wahrheit seiner Per-
3962 3625 6284 3894 sönlichkeit. Der positive Typ ist jederzeit
4001 3800 6154 4073 bereit sein Lebenan sein Werk hinzugeben
