<?xml version="1.0" encoding="UTF-8" standalone="yes"?>
<PcGts xmlns="http://schema.primaresearch.org/PAGE/gts/pagecontent/2013-07-15" xmlns:xsi="http://www.w3.org/2001/XMLSchema-instance" xsi:schemaLocation="http://schema.primaresearch.org/PAGE/gts/pagecontent/2013-07-15 http://schema.primaresearch.org/PAGE/gts/pagecontent/2013-07-15/pagecontent.xsd">
    <Metadata>
        <Creator>prov=READ-COOP:name=TrHtr:version=2.1.0:model_id=51170:date=28_07_2023_08:51</Creator>
        <Created>2023-05-10T11:17:20.036+02:00</Created>
        <LastChange>2023-07-28T08:51:54.085+02:00</LastChange>
        <TranskribusMetadata docId="1428141" pageId="55385730" pageNr="125" tsid="131327151" status="IN_PROGRESS" userId="64420" imgUrl="https://files.transkribus.eu/Get?id=GMWEFDBOZYFDGQOBNQMAEKIO&amp;fileType=view" xmlUrl="https://files.transkribus.eu/Get?id=HQBRDPOXSVOHNEYJRDJCURKA" imageId="44660629"/>
    </Metadata>
    <Page imageFilename="1428141_0125.jpg" imageWidth="6840" imageHeight="4344">
        <ReadingOrder>
            <OrderedGroup id="ro_1711822889914" caption="Regions reading order">
                <RegionRefIndexed index="0" regionRef="tr_1"/>
            </OrderedGroup>
        </ReadingOrder>
        <TextRegion id="tr_1" custom="readingOrder {index:0;}">
            <Coords points="3801,296 6390,296 6390,3405 3801,3405"/>
            <TextLine id="tr_1_tl_1" custom="readingOrder {index:0;}">
                <Coords points="5881,386 5911,380 5932,389 5938,383 5981,410 6014,410 6029,398 6045,398 6051,289 6029,282 5978,319 5923,301 5908,313 5884,310"/>
                <Baseline points="5901,352 5967,352 6056,346"/>
                <TextEquiv>
                    <Unicode>so</Unicode>
                </TextEquiv>
            </TextLine>
            <TextLine id="tr_1_tl_2" custom="readingOrder {index:1;}">
                <Coords points="4748,510 4857,498 4951,535 5003,532 5057,480 5252,495 5255,346 5194,331 5130,377 5103,352 4957,325 4918,358 4866,343 4775,380 4751,371"/>
                <Baseline points="4767,435 4815,429 4904,429 4994,423 5083,423 5173,417 5262,423"/>
                <TextEquiv>
                    <Unicode>1. 0 1</Unicode>
                </TextEquiv>
            </TextLine>
            <TextLine id="tr_1_tl_3" custom="readingOrder {index:2;}">
                <Coords points="5352,504 5395,516 5468,498 5580,535 5641,516 5710,538 5756,510 5820,538 5823,322 5783,316 5710,349 5519,340 5425,371 5355,355"/>
                <Baseline points="5370,459 5459,459 5549,459 5638,453 5728,453 5817,459 5823,459"/>
                <TextEquiv>
                    <Unicode>0</Unicode>
                </TextEquiv>
            </TextLine>
            <TextLine id="tr_1_tl_4" custom="readingOrder {index:3;}">
                <Coords points="5024,741 5073,741 5085,753 5136,741 5158,747 5240,686 5267,686 5267,580 5243,583 5212,568 5185,571 5161,589 5127,589 5082,553 5045,565 5021,559"/>
                <Baseline points="5042,668 5131,674 5221,674 5274,668"/>
                <TextEquiv>
                    <Unicode>Witsh</Unicode>
                </TextEquiv>
            </TextLine>
            <TextLine id="tr_1_tl_5" custom="readingOrder {index:4;}">
                <Coords points="5635,772 5668,759 5717,768 5738,753 5786,756 5799,744 5838,756 5838,617 5811,620 5777,589 5753,595 5729,586 5720,595 5695,574 5668,580 5638,571"/>
                <Baseline points="5650,710 5740,698 5829,704 5847,710"/>
                <TextEquiv>
                    <Unicode>17</Unicode>
                </TextEquiv>
            </TextLine>
            <TextLine id="tr_1_tl_6" custom="readingOrder {index:5;}">
                <Coords points="3785,957 5173,963 5489,863 6020,884 6023,756 5170,799 4991,708 4608,802 3791,781"/>
                <Baseline points="3801,930 3878,924 3968,924 4057,918 4147,912 4236,912 4326,906 4415,901 4505,901 4594,895 4684,889 4773,889 4863,889 4952,883 5042,877 5131,877 5221,871 5310,865 5400,865 5489,853 5579,853 5668,853 5758,847 5847,841 5937,835 6026,841"/>
                <TextEquiv>
                    <Unicode>Da es sich hier um Urtypen handelt, so wird</Unicode>
                </TextEquiv>
            </TextLine>
            <TextLine id="tr_1_tl_7" custom="readingOrder {index:6;}">
                <Coords points="3806,1103 3979,1157 6069,1024 6154,872 3809,1005"/>
                <Baseline points="3824,1080 3830,1080 3920,1080 4009,1074 4099,1068 4188,1068 4278,1068 4367,1062 4457,1056 4546,1050 4636,1050 4725,1044 4815,1044 4904,1044 4994,1038 5083,1032 5173,1026 5262,1020 5352,1020 5441,1014 5531,1014 5620,1008 5710,1002 5799,996 5889,996 5978,990 6068,984 6157,984"/>
                <TextEquiv>
                    <Unicode>man von einer eigentlichen definition absehen</Unicode>
                </TextEquiv>
            </TextLine>
            <TextLine id="tr_1_tl_8" custom="readingOrder {index:7;}">
                <Coords points="3791,1267 5118,1282 5556,1169 6118,1185 6121,1100 5692,1042 3797,1163"/>
                <Baseline points="3812,1235 3890,1229 3980,1229 4069,1223 4159,1223 4248,1217 4338,1217 4427,1211 4517,1211 4606,1211 4696,1205 4785,1199 4875,1193 4964,1193 5054,1187 5143,1181 5233,1175 5322,1175 5412,1175 5501,1169 5591,1163 5680,1157 5770,1157 5859,1157 5949,1151 6038,1145 6128,1139"/>
                <TextEquiv>
                    <Unicode>müssen. Wir können Beschreibungen versuchen,</Unicode>
                </TextEquiv>
            </TextLine>
            <TextLine id="tr_1_tl_9" custom="readingOrder {index:8;}">
                <Coords points="3791,1425 5954,1352 6142,1315 6151,1166 4830,1309 3797,1312"/>
                <Baseline points="3812,1390 3824,1390 3914,1384 4003,1384 4093,1378 4182,1378 4272,1372 4361,1366 4451,1366 4540,1366 4630,1354 4719,1348 4809,1354 4898,1348 4988,1348 5077,1342 5167,1336 5256,1330 5346,1330 5435,1324 5525,1324 5614,1318 5704,1312 5793,1306 5883,1306 5973,1300 6062,1294 6152,1276"/>
                <TextEquiv>
                    <Unicode>die wohl auf nichts anderes hinauskommen wer-</Unicode>
                </TextEquiv>
            </TextLine>
            <TextLine id="tr_1_tl_10" custom="readingOrder {index:9;}">
                <Coords points="3803,1555 4146,1625 4951,1510 5613,1531 5993,1461 5999,1343 5528,1412 4857,1349 4170,1482 3809,1437"/>
                <Baseline points="3824,1539 3854,1539 3944,1539 4033,1539 4123,1539 4212,1533 4302,1527 4391,1521 4481,1515 4570,1515 4660,1509 4749,1509 4839,1509 4928,1503 5018,1497 5107,1491 5197,1485 5286,1485 5376,1485 5465,1473 5555,1479 5644,1473 5734,1467 5823,1461 5913,1455 6002,1449"/>
                <TextEquiv>
                    <Unicode>den als auf eine Charakterisierung indivi-</Unicode>
                </TextEquiv>
            </TextLine>
            <TextLine id="tr_1_tl_11" custom="readingOrder {index:10;}">
                <Coords points="3806,1707 4180,1765 5191,1655 5316,1725 5969,1662 6023,1504 4401,1619 3809,1561"/>
                <Baseline points="3824,1694 3878,1694 3968,1688 4057,1688 4147,1688 4236,1682 4326,1682 4415,1676 4505,1670 4594,1664 4684,1664 4773,1658 4863,1658 4952,1652 5042,1646 5131,1652 5221,1646 5310,1640 5400,1640 5489,1634 5579,1634 5668,1634 5758,1623 5847,1617 5937,1611 6026,1611"/>
                <TextEquiv>
                    <Unicode>dueller Repräsentanten der Urtypen, (auf die</Unicode>
                </TextEquiv>
            </TextLine>
            <TextLine id="tr_1_tl_12" custom="readingOrder {index:11;}">
                <Coords points="3812,1877 4875,1871 5173,1807 5437,1859 5440,1704 3815,1768"/>
                <Baseline points="3830,1849 3920,1849 4009,1843 4099,1843 4188,1843 4278,1837 4367,1831 4457,1831 4546,1819 4636,1819 4725,1813 4815,1813 4904,1808 4994,1802 5083,1802 5173,1796 5262,1796 5352,1796 5441,1802"/>
                <TextEquiv>
                    <Unicode>es uns hier vor allem ankommt.)</Unicode>
                </TextEquiv>
            </TextLine>
            <TextLine id="tr_1_tl_13" custom="readingOrder {index:12;}">
                <Coords points="3830,2026 6200,1968 6206,1774 4098,1950 3833,1886"/>
                <Baseline points="3848,2004 3878,1998 3968,1998 4057,1998 4147,1992 4236,1992 4326,1987 4415,1981 4505,1975 4594,1975 4684,1969 4773,1963 4863,1963 4952,1963 5042,1957 5131,1951 5221,1945 5310,1945 5400,1939 5489,1939 5579,1939 5668,1927 5758,1927 5847,1921 5937,1921 6026,1915 6116,1915 6205,1921"/>
                <TextEquiv>
                    <Unicode>Wenn es trötzdem versucht wird zu definieren,</Unicode>
                </TextEquiv>
            </TextLine>
            <TextLine id="tr_1_tl_14" custom="readingOrder {index:13;}">
                <Coords points="3821,2181 6069,2099 6163,1983 3827,2075"/>
                <Baseline points="3842,2160 3932,2154 4021,2154 4111,2154 4200,2148 4290,2142 4379,2136 4469,2136 4558,2130 4648,2124 4737,2124 4827,2124 4916,2118 5006,2118 5095,2112 5185,2106 5274,2100 5364,2094 5453,2094 5543,2082 5632,2082 5722,2076 5811,2070 5901,2064 5990,2064 6080,2058 6169,2058"/>
                <TextEquiv>
                    <Unicode>so geschieht es nur,um das Diogramm den Ver-</Unicode>
                </TextEquiv>
            </TextLine>
            <TextLine id="tr_1_tl_15" custom="readingOrder {index:14;}">
                <Coords points="5228,2172 5780,2184 5954,2144 6078,2230 6382,2223 6382,2111 6272,2129 6157,2069 5228,2135"/>
                <Baseline points="5245,2166 5334,2160 5424,2160 5513,2160 5603,2154 5692,2148 5782,2148 5871,2142 5961,2142 6050,2142 6140,2154 6229,2160 6319,2166 6390,2177"/>
                <TextEquiv>
                    <Unicode>cours leiroust un bevri</Unicode>
                </TextEquiv>
            </TextLine>
            <TextLine id="tr_1_tl_16" custom="readingOrder {index:15;}">
                <Coords points="3842,2333 5048,2357 5252,2260 5993,2239 5996,2160 5206,2202 4978,2132 3845,2242"/>
                <Baseline points="3860,2309 3944,2309 4033,2309 4123,2303 4212,2297 4302,2297 4391,2291 4481,2285 4570,2279 4660,2279 4749,2273 4839,2273 4928,2267 5018,2267 5107,2267 5197,2261 5286,2255 5376,2249 5465,2243 5555,2237 5644,2237 5734,2231 5823,2231 5913,2225 6002,2213"/>
                <TextEquiv>
                    <Unicode>ständnis n herzubringen, nicht um etwas Ab</Unicode>
                </TextEquiv>
            </TextLine>
            <TextLine id="tr_1_tl_17" custom="readingOrder {index:16;}">
                <Coords points="5401,2339 5732,2305 5783,2339 5935,2287 5975,2318 6190,2302 6370,2351 6373,2272 6142,2205 6026,2254 5914,2233 5401,2278"/>
                <Baseline points="5418,2315 5483,2315 5573,2315 5662,2309 5752,2303 5841,2291 5931,2285 6020,2291 6110,2297 6199,2303 6289,2309 6378,2309"/>
                <TextEquiv>
                    <Unicode>so a there is in</Unicode>
                </TextEquiv>
            </TextLine>
            <TextLine id="tr_1_tl_18" custom="readingOrder {index:17;}">
                <Coords points="3833,2479 5167,2515 5422,2409 6096,2457 6279,2327 5215,2275 5048,2357 3839,2378"/>
                <Baseline points="3854,2470 3866,2470 3956,2464 4045,2464 4135,2458 4224,2452 4314,2452 4403,2446 4493,2440 4582,2440 4672,2434 4761,2428 4851,2428 4940,2422 5030,2422 5119,2416 5209,2416 5298,2410 5388,2410 5477,2404 5567,2398 5656,2392 5746,2386 5835,2386 5925,2380 6014,2380 6104,2392 6193,2386 6283,2386"/>
                <TextEquiv>
                    <Unicode>schliessendes zu behaupten. Und so habe ich</Unicode>
                </TextEquiv>
            </TextLine>
            <TextLine id="tr_1_tl_19" custom="readingOrder {index:18;}">
                <Coords points="3845,2649 6151,2591 6157,2442 3849,2555"/>
                <Baseline points="3866,2619 3926,2619 4015,2619 4105,2613 4194,2613 4284,2607 4373,2601 4463,2595 4552,2595 4642,2589 4731,2589 4821,2583 4910,2583 5000,2577 5089,2571 5179,2571 5268,2565 5358,2559 5447,2559 5537,2553 5626,2547 5716,2547 5805,2541 5895,2535 5984,2535 6074,2530 6163,2524"/>
                <TextEquiv>
                    <Unicode>mich gehütet Beispiele zu geben, denn es gibt</Unicode>
                </TextEquiv>
            </TextLine>
            <TextLine id="tr_1_tl_20" custom="readingOrder {index:19;}">
                <Coords points="5416,2758 5474,2776 5616,2719 5726,2731 5771,2700 5884,2752 5938,2709 6151,2712 6157,2597 6105,2579 6042,2609 5777,2612 5710,2573 5510,2652 5461,2615 5425,2624"/>
                <Baseline points="5435,2710 5447,2709 5537,2703 5626,2697 5716,2685 5805,2685 5895,2679 5984,2673 6074,2667 6163,2661"/>
                <TextEquiv>
                    <Unicode>Kum in Vergan-</Unicode>
                </TextEquiv>
            </TextLine>
            <TextLine id="tr_1_tl_21" custom="readingOrder {index:20;}">
                <Coords points="3861,2791 4410,2767 4477,2807 4535,2761 4660,2794 4954,2737 5076,2776 5100,2655 4921,2673 4775,2618 4678,2670 3994,2682 3937,2728 3864,2694"/>
                <Baseline points="3878,2780 3938,2774 4027,2768 4117,2762 4206,2762 4296,2756 4385,2750 4475,2750 4564,2744 4654,2744 4743,2744 4833,2738 4928,2734 4928,2734 5024,2726 5103,2740"/>
                <TextEquiv>
                    <Unicode>selbstverständlich kein</Unicode>
                </TextEquiv>
            </TextLine>
            <TextLine id="tr_1_tl_22" custom="readingOrder {index:21;}">
                <Coords points="3855,2952 6039,2904 6227,2837 6233,2734 3858,2864"/>
                <Baseline points="3872,2935 3908,2929 3997,2923 4087,2917 4176,2905 4266,2905 4355,2899 4445,2899 4534,2894 4624,2894 4713,2882 4803,2882 4892,2876 4982,2876 5071,2876 5161,2870 5250,2864 5340,2858 5430,2858 5519,2852 5609,2846 5698,2840 5788,2834 5877,2834 5967,2834 6056,2834 6146,2828 6235,2804"/>
                <TextEquiv>
                    <Unicode>genheit und regenwart,das den Trüpus völlig re-</Unicode>
                </TextEquiv>
            </TextLine>
            <TextLine id="tr_1_tl_23" custom="readingOrder {index:22;}">
                <Coords points="3858,3120 5276,3013 5534,3095 6251,3004 6257,2877 3864,3004"/>
                <Baseline points="3878,3084 3932,3078 4021,3073 4111,3067 4200,3067 4290,3061 4379,3055 4469,3055 4558,3049 4648,3043 4737,3037 4827,3037 4916,3031 5006,3031 5095,3019 5185,3019 5274,3013 5364,3013 5453,3013 5543,3001 5632,3001 5722,2995 5811,2995 5901,2989 5990,2983 6080,2983 6169,2977 6259,2971"/>
                <TextEquiv>
                    <Unicode>präsentiert, wenn sich auch da und dort ein Na-</Unicode>
                </TextEquiv>
            </TextLine>
            <TextLine id="tr_1_tl_24" custom="readingOrder {index:23;}">
                <Coords points="5106,3104 5182,3101 5197,3116 5243,3107 5264,3095 5288,3101 5294,3022 5267,3019 5234,3041 5224,3034 5212,3044 5197,3044 5176,3062 5164,3062 5139,3038 5112,3041"/>
                <Baseline points="5125,3090 5209,3090 5298,3073"/>
                <TextEquiv>
                    <Unicode>mit der</Unicode>
                </TextEquiv>
            </TextLine>
            <TextLine id="tr_1_tl_25" custom="readingOrder {index:24;}">
                <Coords points="3873,3250 5704,3290 6127,3174 6130,3059 3879,3138"/>
                <Baseline points="3890,3234 3896,3234 3985,3234 4075,3228 4164,3222 4254,3216 4344,3216 4433,3210 4523,3204 4612,3204 4702,3198 4791,3198 4881,3192 4970,3186 5060,3186 5149,3186 5239,3180 5328,3168 5418,3168 5507,3162 5597,3156 5686,3156 5776,3150 5865,3150 5955,3150 6044,3144 6134,3156"/>
                <TextEquiv>
                    <Unicode>me unwillkürlich (n die Erinnerung drängen)</Unicode>
                </TextEquiv>
            </TextLine>
            <TextLine id="tr_1_tl_26" custom="readingOrder {index:25;}">
                <Coords points="3864,3448 3918,3432 4025,3478 4052,3448 4070,3454 4152,3414 4180,3423 4177,3299 4140,3311 4073,3290 4052,3305 4019,3284 3912,3326 3861,3332"/>
                <Baseline points="3878,3389 3968,3383 4057,3383 4147,3389 4188,3395"/>
                <TextEquiv>
                    <Unicode>wird.</Unicode>
                </TextEquiv>
            </TextLine>
        </TextRegion>
    </Page>
</PcGts>
