6792 4568
5914 706 6065 874 62
3984 868 6241 1201 typ ist also hier völlig analogdem Verhält-
4390 910 4603 1033 Aber
4001 1028 6070 1285 nis von lyp und Gegentyp im ersten Dia-
4024 1190 6132 1487 gramm. Nur ist dieses Verhältnis den Re¬
4024 1336 6233 1638 präsentanten der betreffenden Typen selte-
4035 1534 6062 1747 ner bewusst ; und kaum jemals in solchem
5228 1632 5877 1750 ceider l'espère
4038 1663 6149 1901 Masse bedusst, als es zuweiken oft im er-
4421 1711 4850 1823 Verendre
4057 1828 5485 2089 sten Diogramm der Fall ist.
4382 1957 6065 2215 Auch für die Typen des Diogramms
5908 2019 6185 2156 volle
4077 2139 6238 2363 „Der Geist in der Tat“ sind die ausoluten
4077 2290 6317 2526 zutreffenden Bezeichnungen kaum zu finden.
4091 2456 6098 2685 und auch hier habe ich, wie in Diogramm
4113 2517 6339 2811 „Fer Geist im Wort' nicht immer das relativ
4102 2730 6308 2990 Zutreffende, sondern das Einprägsamste Wort
5424 2976 5729 3066 emer
4164 2974 4606 3125 gewählt.
4502 2996 6334 3262 Die Schwierigkeit der absolut tref-
5334 3136 5970 3251 diem sionem
4127 3200 6345 3438 fenden Bezeichnung für den Types liegt un-
4147 3293 6275 3562 ter anderem darin begründet, dass die Tat
4136 3492 6342 3738 begrif flich (wenn überhaupt) noch schwerer
4161 3657 6367 3898 zu fassen ist als das Wort. Weil die naha-
