6760 4504
4429 845 5544 1106 Der Geist in der Tat.
4210 970 5999 1264 Das Diogramm Der Geist in der Tat
4038 1206 6094 1420 stellt in allen seinen Einzelheiten und
4038 1328 6199 1573 seinem Sinne nach ein vollkommenes Gegen-
4046 1506 6119 1714 stück zum ersten Diogramm.Der Geist im
4038 1714 4629 1878 Wort “ vor.
4307 1795 6263 2017 Auch hier handelt es sich um zwei ge¬
5994 1884 6274 1987 ihnige
5455 1928 5644 2020 aure
4079 1984 6249 2201 genständige preiecke,die durch eine imgai-
4079 2120 6208 2365 märe, unüberschreithare Linie ihre gemein-
4082 2281 6074 2484 same Basis von einander getrennt sind.
4352 2406 6155 2618 Auch hier stellt das obere Dreieck
4082 2512 6233 2782 das positive, in die Richtung des Göttliá-
4090 2659 6291 2948 chen gewandte,das untere Dreieck die nega-
4124 2901 6183 3104 tive, in die Richtung des Teuflischen ge-
4121 3062 6130 3257 wandte Geb iet vor, innerhalb dessen der
4121 3179 6152 3418 Geist seine Wirksamkeit entfaltet, doch
4126 3326 6363 3568 hier nicht, insofern er sich durch das Wort,
4146 3468 6355 3715 sondern insofrn er sich durch die Tat kund-
4146 3696 5307 3962 pigebe oumang
