<?xml version="1.0" encoding="UTF-8" standalone="yes"?>
<PcGts xmlns="http://schema.primaresearch.org/PAGE/gts/pagecontent/2013-07-15" xmlns:xsi="http://www.w3.org/2001/XMLSchema-instance" xsi:schemaLocation="http://schema.primaresearch.org/PAGE/gts/pagecontent/2013-07-15 http://schema.primaresearch.org/PAGE/gts/pagecontent/2013-07-15/pagecontent.xsd">
    <Metadata>
        <Creator>prov=READ-COOP:name=TrHtr:version=2.1.0:model_id=51170:date=28_07_2023_08:51</Creator>
        <Created>2023-05-10T11:17:19.054+02:00</Created>
        <LastChange>2023-07-28T08:51:52.100+02:00</LastChange>
        <TranskribusMetadata docId="1428141" pageId="55385702" pageNr="119" tsid="131327144" status="IN_PROGRESS" userId="64420" imgUrl="https://files.transkribus.eu/Get?id=OZAVLIOEHLDASNXVVYNSWJIS&amp;fileType=view" xmlUrl="https://files.transkribus.eu/Get?id=YYIFUEXSUURMBBFZWQAVDNKR" imageId="44660601"/>
    </Metadata>
    <Page imageFilename="1428141_0119.jpg" imageWidth="6808" imageHeight="4344">
        <ReadingOrder>
            <OrderedGroup id="ro_1711822879860" caption="Regions reading order">
                <RegionRefIndexed index="0" regionRef="tr_1"/>
            </OrderedGroup>
        </ReadingOrder>
        <TextRegion id="tr_1" custom="readingOrder {index:0;}">
            <Coords points="3711,433 6539,433 6539,4103 3711,4103"/>
            <TextLine id="tr_1_tl_1" custom="readingOrder {index:0;}">
                <Coords points="3704,616 5981,540 6226,493 6229,377 5953,317 5416,449 4803,396 4571,484 4275,396 3710,433"/>
                <Baseline points="3723,572 3729,578 3818,572 3908,572 3997,566 4087,560 4176,554 4266,554 4355,548 4445,548 4534,548 4624,543 4713,543 4803,543 4892,543 4982,543 5071,537 5161,537 5250,531 5340,525 5430,525 5519,519 5609,519 5698,513 5788,513 5877,507 5967,501 6056,495 6146,489 6235,483"/>
                <TextEquiv>
                    <Unicode>Von Diebte als in der Spel desoben zerich</Unicode>
                </TextEquiv>
            </TextLine>
            <TextLine id="tr_1_tl_2" custom="readingOrder {index:1;}">
                <Coords points="3694,820 4856,744 5243,858 6157,766 6160,622 5761,534 5485,635 5258,534 5001,669 4574,704 4055,584 3697,628"/>
                <Baseline points="3711,739 3747,739 3836,739 3926,739 4015,745 4105,745 4194,745 4284,745 4373,745 4463,745 4552,745 4642,745 4731,745 4821,745 4910,739 5000,739 5089,739 5179,739 5268,727 5358,727 5447,722 5537,722 5626,716 5716,716 5805,710 5895,710 5984,710 6074,704 6163,710"/>
                <TextEquiv>
                    <Unicode>fuhrt ecui ieux. d'une et de Priset</Unicode>
                </TextEquiv>
            </TextLine>
            <TextLine id="tr_1_tl_3" custom="readingOrder {index:2;}">
                <Coords points="3719,1011 6179,977 6182,807 3722,873"/>
                <Baseline points="3741,972 3771,966 3860,966 3950,966 4039,966 4129,966 4218,966 4308,960 4397,954 4487,948 4576,948 4666,942 4755,942 4845,936 4934,936 5024,936 5113,936 5203,930 5292,930 5382,924 5471,924 5561,924 5650,924 5740,924 5829,924 5919,930 6008,924 6098,924 6187,936"/>
                <TextEquiv>
                    <Unicode>2 Joll, - inElleal, d Spil de rale</Unicode>
                </TextEquiv>
            </TextLine>
            <TextLine id="tr_1_tl_4" custom="readingOrder {index:3;}">
                <Coords points="3835,1206 4680,1147 5183,1256 5516,1143 5805,1253 6166,1213 6169,1021 6037,971 5695,1033 5196,952 4498,1074 3839,1015"/>
                <Baseline points="3854,1163 3938,1163 4027,1163 4117,1163 4206,1163 4296,1163 4385,1157 4475,1151 4564,1151 4654,1145 4743,1145 4833,1139 4922,1145 5012,1139 5101,1139 5191,1139 5280,1133 5370,1127 5459,1127 5549,1133 5638,1133 5728,1127 5817,1133 5907,1139 5996,1145 6086,1151 6175,1157"/>
                <TextEquiv>
                    <Unicode>Driech, en Lie in Tichelol zu kurf;</Unicode>
                </TextEquiv>
            </TextLine>
            <TextLine id="tr_1_tl_5" custom="readingOrder {index:4;}">
                <Coords points="3788,1370 4853,1360 5117,1439 5306,1354 6085,1388 6085,1206 4850,1272 4451,1165 3788,1203"/>
                <Baseline points="3806,1324 3896,1330 3985,1342 4075,1348 4164,1354 4254,1354 4344,1366 4433,1360 4523,1354 4612,1348 4702,1348 4791,1354 4881,1360 4970,1360 5060,1354 5149,1354 5239,1354 5328,1348 5418,1348 5507,1348 5597,1342 5686,1342 5776,1348 5865,1348 5955,1354 6044,1366 6092,1366"/>
                <TextEquiv>
                    <Unicode>F. Ttopt Tnde</Unicode>
                </TextEquiv>
            </TextLine>
            <TextLine id="tr_1_tl_6" custom="readingOrder {index:5;}">
                <Coords points="3898,1593 5711,1583 5912,1671 6220,1608 6220,1483 5887,1382 5701,1445 5318,1392 5017,1524 4693,1436 3898,1467"/>
                <Baseline points="3914,1545 4003,1557 4093,1563 4182,1569 4272,1569 4361,1569 4451,1575 4540,1575 4630,1575 4719,1575 4809,1581 4898,1587 4988,1587 5077,1581 5167,1581 5256,1581 5346,1575 5435,1575 5525,1575 5614,1575 5704,1569 5793,1569 5883,1575 5973,1581 6062,1575 6152,1575 6229,1587"/>
                <TextEquiv>
                    <Unicode>Nes Trophet ebeusw in de Terbehti (./.</Unicode>
                </TextEquiv>
            </TextLine>
            <TextLine id="tr_1_tl_7" custom="readingOrder {index:6;}">
                <Coords points="4571,1677 4633,1712 4728,1665 4816,1699 4872,1687 4907,1703 4944,1677 5020,1699 5092,1684 5092,1621 5035,1633 4982,1602 4875,1640 4806,1596 4724,1608 4690,1586 4571,1611"/>
                <Baseline points="4588,1670 4678,1670 4767,1664 4857,1670 4946,1670 5036,1670 5101,1676"/>
                <TextEquiv>
                    <Unicode>at have.</Unicode>
                </TextEquiv>
            </TextLine>
            <TextLine id="tr_1_tl_8" custom="readingOrder {index:7;}">
                <Coords points="3879,1794 6188,1847 6182,1687 5946,1775 5705,1605 5582,1715 5142,1740 4973,1674 3876,1687"/>
                <Baseline points="3896,1766 3985,1766 4075,1766 4164,1766 4254,1766 4344,1766 4433,1766 4523,1772 4612,1772 4702,1766 4791,1778 4881,1778 4970,1778 5060,1778 5149,1778 5239,1790 5328,1796 5418,1802 5507,1802 5597,1808 5686,1808 5776,1808 5865,1808 5955,1813 6044,1813 6134,1819 6193,1819"/>
                <TextEquiv>
                    <Unicode>des ou de Regeichung gerne die da¬</Unicode>
                </TextEquiv>
            </TextLine>
            <TextLine id="tr_1_tl_9" custom="readingOrder {index:8;}">
                <Coords points="3857,2020 4423,1966 5280,1992 5683,2114 5774,2042 6185,2061 6179,1922 6006,1995 5400,1838 5224,1941 5045,1847 4894,1926 3848,1860"/>
                <Baseline points="3872,1951 3962,1951 4051,1957 4141,1957 4230,1963 4320,1963 4409,1969 4499,1969 4588,1969 4678,1969 4767,1969 4857,1975 4946,1975 5036,1975 5125,1975 5215,1987 5304,1992 5394,2004 5483,2010 5573,2016 5662,2016 5752,2016 5841,2022 5931,2028 6020,2040 6110,2046 6193,2058"/>
                <TextEquiv>
                    <Unicode>Lassbrit dachet, - det p hjapar</Unicode>
                </TextEquiv>
            </TextLine>
            <TextLine id="tr_1_tl_10" custom="readingOrder {index:9;}">
                <Coords points="3870,2174 5010,2183 5277,2378 5560,2189 6144,2246 6138,2098 3867,2058"/>
                <Baseline points="3884,2112 3974,2118 4063,2124 4153,2130 4242,2130 4332,2136 4421,2142 4511,2142 4600,2142 4690,2148 4779,2154 4869,2154 4958,2160 5048,2154 5137,2166 5227,2172 5316,2177 5406,2189 5495,2189 5585,2189 5674,2201 5764,2201 5853,2195 5943,2207 6032,2213 6122,2231 6152,2231"/>
                <TextEquiv>
                    <Unicode>der that in a pea Beziffin, may</Unicode>
                </TextEquiv>
            </TextLine>
            <TextLine id="tr_1_tl_11" custom="readingOrder {index:10;}">
                <Coords points="3883,2350 3958,2315 4055,2337 4118,2293 4297,2299 4347,2328 4420,2296 4561,2340 4665,2318 4662,2240 4520,2205 4423,2249 4234,2171 4172,2215 4074,2233 4030,2199 3980,2237 3879,2246"/>
                <Baseline points="3896,2273 3985,2279 4075,2291 4164,2285 4254,2291 4344,2291 4433,2291 4523,2303 4612,2309 4672,2309"/>
                <TextEquiv>
                    <Unicode>de Märts.</Unicode>
                </TextEquiv>
            </TextLine>
            <TextLine id="tr_1_tl_12" custom="readingOrder {index:11;}">
                <Coords points="4077,2475 4853,2428 5284,2557 5538,2472 5692,2554 6374,2592 6364,2434 6232,2488 5789,2375 5657,2441 5368,2321 4071,2378"/>
                <Baseline points="4093,2422 4182,2422 4272,2416 4361,2416 4451,2428 4540,2428 4630,2428 4719,2428 4809,2428 4898,2428 4988,2434 5077,2440 5167,2446 5256,2446 5346,2446 5435,2458 5525,2464 5614,2476 5704,2482 5793,2494 5883,2500 5973,2518 6062,2524 6152,2535 6241,2547 6331,2559 6378,2571"/>
                <TextEquiv>
                    <Unicode>dre Repralen tois...  Beide for Copiaereal</Unicode>
                </TextEquiv>
            </TextLine>
            <TextLine id="tr_1_tl_13" custom="readingOrder {index:12;}">
                <Coords points="4074,2595 6308,2758 6210,2598 5846,2592 5541,2478 5390,2576 5120,2507 4680,2579 4501,2472 4068,2532"/>
                <Baseline points="4087,2565 4176,2571 4266,2577 4355,2583 4445,2601 4534,2607 4624,2607 4713,2619 4803,2619 4892,2619 4982,2625 5071,2637 5161,2643 5250,2643 5340,2649 5430,2655 5519,2661 5609,2667 5698,2673 5788,2685 5877,2691 5967,2703 6056,2709 6146,2715 6235,2726 6313,2726"/>
                <TextEquiv>
                    <Unicode>déc Tijéa, de pos, un et regalis...</Unicode>
                </TextEquiv>
            </TextLine>
            <TextLine id="tr_1_tl_14" custom="readingOrder {index:13;}">
                <Coords points="4049,2796 6229,2918 6223,2808 5918,2758 5529,2805 4508,2657 4043,2689"/>
                <Baseline points="4063,2762 4153,2762 4242,2768 4332,2774 4421,2780 4511,2786 4600,2786 4690,2792 4779,2792 4869,2798 4958,2804 5048,2810 5137,2816 5227,2822 5316,2828 5406,2834 5495,2840 5585,2852 5674,2858 5764,2858 5853,2870 5943,2876 6032,2876 6122,2888 6211,2888 6235,2894"/>
                <TextEquiv>
                    <Unicode>mit bünflich entfern sich</Unicode>
                </TextEquiv>
            </TextLine>
            <TextLine id="tr_1_tl_15" custom="readingOrder {index:14;}">
                <Coords points="5645,2950 5670,2943 5748,2968 5761,2953 5855,2990 5921,2959 6009,2975 6006,2909 5984,2903 5946,2925 5921,2903 5849,2909 5789,2884 5761,2906 5726,2893 5695,2912 5642,2893"/>
                <Baseline points="5662,2935 5752,2947 5841,2947 5931,2947 6014,2959"/>
                <TextEquiv>
                    <Unicode>"   "    à m</Unicode>
                </TextEquiv>
            </TextLine>
            <TextLine id="tr_1_tl_16" custom="readingOrder {index:15;}">
                <Coords points="4115,2990 4684,2994 4954,3075 5368,3034 5739,3257 5902,3104 6198,3116 6191,3031 5940,2959 5120,2972 5001,2893 4841,2946 4313,2827 4106,2877"/>
                <Baseline points="4129,2941 4218,2947 4308,2959 4397,2965 4487,2971 4576,2977 4666,2983 4755,2983 4845,2989 4934,2995 5024,2995 5113,3001 5203,3007 5292,3013 5382,3019 5471,3025 5561,3025 5650,3037 5740,3043 5829,3055 5919,3061 6008,3073 6098,3084 6187,3096 6199,3096"/>
                <TextEquiv>
                    <Unicode>sind und entfahren mit den wertesten</Unicode>
                </TextEquiv>
            </TextLine>
            <TextLine id="tr_1_tl_17" custom="readingOrder {index:16;}">
                <Coords points="4055,3163 4445,3229 4932,3188 5152,3305 5224,3245 5375,3301 5532,3251 5972,3371 5959,3251 5416,3069 4662,3088 4536,3031 4049,3094"/>
                <Baseline points="4069,3126 4159,3132 4248,3144 4338,3144 4427,3150 4517,3150 4606,3156 4696,3156 4785,3162 4875,3168 4964,3174 5054,3186 5143,3192 5233,3198 5322,3210 5412,3210 5501,3216 5591,3234 5680,3240 5716,3241 5716,3241 5805,3311 5895,3317 5973,3329"/>
                <TextEquiv>
                    <Unicode>and theit of Realcat:- per</Unicode>
                </TextEquiv>
            </TextLine>
            <TextLine id="tr_1_tl_18" custom="readingOrder {index:17;}">
                <Coords points="5893,3276 5912,3270 5940,3286 5962,3279 6012,3317 6069,3336 6169,3295 6157,3195 6094,3195 6047,3170 5975,3179 5953,3166 5934,3182 5924,3173 5884,3176"/>
                <Baseline points="5907,3246 5996,3258 6086,3269 6175,3275 6181,3269"/>
                <TextEquiv>
                    <Unicode>1,</Unicode>
                </TextEquiv>
            </TextLine>
            <TextLine id="tr_1_tl_19" custom="readingOrder {index:18;}">
                <Coords points="4062,3364 5211,3380 5469,3550 5661,3424 5899,3518 6031,3443 6270,3481 6264,3377 6053,3323 4941,3305 4640,3195 4055,3270"/>
                <Baseline points="4075,3317 4164,3317 4254,3323 4344,3329 4433,3329 4523,3329 4612,3335 4702,3341 4791,3347 4881,3359 4970,3365 5060,3371 5149,3377 5239,3383 5328,3389 5418,3395 5507,3401 5597,3407 5686,3413 5776,3425 5865,3431 5955,3442 6044,3442 6134,3448 6223,3460 6277,3466"/>
                <TextEquiv>
                    <Unicode>votre France a été enefalt.</Unicode>
                </TextEquiv>
            </TextLine>
            <TextLine id="tr_1_tl_20" custom="readingOrder {index:19;}">
                <Coords points="4121,3524 4740,3584 4860,3537 5365,3650 6034,3594 5997,3481 5205,3443 5061,3518 4888,3443 4724,3509 4341,3399 4115,3427"/>
                <Baseline points="4135,3484 4224,3484 4314,3496 4403,3502 4493,3514 4582,3520 4672,3532 4761,3538 4851,3538 4940,3544 5030,3550 5119,3556 5209,3562 5298,3562 5388,3562 5477,3562 5567,3562 5656,3562 5746,3568 5835,3568 5925,3574 6014,3580 6038,3580"/>
                <TextEquiv>
                    <Unicode>sich in ein Beyrher de) Wete;</Unicode>
                </TextEquiv>
            </TextLine>
            <TextLine id="tr_1_tl_21" custom="readingOrder {index:20;}">
                <Coords points="4750,3638 4850,3622 4885,3647 4929,3631 4973,3650 4988,3638 5023,3644 5051,3631 5048,3568 5020,3559 4976,3578 4957,3562 4932,3575 4897,3565 4863,3537 4816,3537 4806,3550 4768,3537 4743,3543"/>
                <Baseline points="4767,3610 4857,3610 4946,3621 5036,3621 5060,3621"/>
                <TextEquiv>
                    <Unicode>Kapron</Unicode>
                </TextEquiv>
            </TextLine>
            <TextLine id="tr_1_tl_22" custom="readingOrder {index:21;}">
                <Coords points="4140,3650 4954,3760 6528,3735 6289,3606 5620,3584 5048,3678 4602,3537 4137,3581"/>
                <Baseline points="4153,3633 4242,3633 4332,3645 4421,3651 4511,3663 4600,3669 4690,3681 4779,3681 4869,3693 4958,3699 5048,3705 5137,3705 5227,3699 5316,3699 5406,3693 5495,3693 5585,3693 5674,3687 5764,3693 5853,3687 5943,3693 6032,3693 6122,3693 6211,3699 6265,3699 6354,3705 6444,3723 6533,3741 6539,3741"/>
                <TextEquiv>
                    <Unicode>in il [illegible] is in a d Broubet als en Vein</Unicode>
                </TextEquiv>
            </TextLine>
            <TextLine id="tr_1_tl_23" custom="readingOrder {index:22;}">
                <Coords points="4146,3867 5328,3820 5485,3883 6015,3804 6358,3864 6358,3744 6270,3722 5378,3779 4668,3688 4530,3757 4146,3653"/>
                <Baseline points="4164,3777 4254,3783 4344,3795 4433,3801 4523,3806 4612,3812 4702,3812 4791,3818 4881,3824 4970,3824 5060,3830 5149,3824 5239,3824 5328,3818 5418,3818 5507,3818 5597,3818 5686,3818 5776,3812 5865,3806 5955,3806 6044,3801 6134,3795 6223,3795 6313,3795 6366,3801"/>
                <TextEquiv>
                    <Unicode>Neumen in den S. C. et nellos Bauern</Unicode>
                </TextEquiv>
            </TextLine>
            <TextLine id="tr_1_tl_24" custom="readingOrder {index:23;}">
                <Coords points="4486,4033 4605,4033 4652,4074 4712,4021 4825,4005 4850,3986 4935,3993 4941,3920 4875,3936 4756,3901 4599,3949 4492,3933"/>
                <Baseline points="4505,3997 4594,4009 4684,4003 4702,3997 4749,3991 4767,3985 4857,3980 4946,3980"/>
                <TextEquiv>
                    <Unicode>"    -</Unicode>
                </TextEquiv>
            </TextLine>
            <TextLine id="tr_1_tl_25" custom="readingOrder {index:24;}">
                <Coords points="4150,4140 5265,4033 5456,4062 5507,4049 5510,3983 5331,3936 5048,4018 4596,4046 4363,4037 4285,3955 4159,3967"/>
                <Baseline points="4170,4087 4176,4087 4266,4081 4355,4081 4445,4087 4534,4093 4624,4087 4713,4075 4803,4069 4892,4069 4982,4069 5071,4057 5161,4033 5250,4027 5340,4027 5430,4027 5519,4039"/>
                <TextEquiv>
                    <Unicode>(Seit - dies - gelesen)</Unicode>
                </TextEquiv>
            </TextLine>
        </TextRegion>
    </Page>
</PcGts>
