6744 4504
525 1955 1174 2130 staatmelden.
525 2272 1234 2471 G.C.H.F.P.
619 2414 951 2589 G.C.H.F.P
676 2550 951 2646 3t
5769 733 5975 896 28
3778 788 6038 1098 anvertraut und es ist nicht zu leugnen,dass
3772 999 6192 1252 auch der Politiker man chmal Staatsangelegenheit
3778 1195 6062 1379 ten zu leiten weiss. (So wie der Pfaffe sehr
3787 1376 6068 1530 wohl zu predigen und die Beichte abzunehmen
3772 1482 6162 1675 verseht). Und wieder Pfaffe aller Religionen
3781 1654 6119 1871 zu Gunsten seiner Kirche wirkt, weil die Ver-
3760 1807 6126 2019 grösserung ihrer Macht, zu gleicher Zeit eine
3772 1937 6165 2148 Erhöhung der seinen oder doch seines Machtge-
3778 2112 6068 2272 fühls oder Machtdünkels bedeutet,so fördert
3772 2242 5951 2453 der Politiker die Interessen seiner Partei
3781 2441 6029 2646 vor allem, wenn auch manchmal nicht ganz be-
3778 2586 5404 2797 wusst, aus egoistischen Motiven.
4062 2704 6150 2945 Für den Politiker wie für für den Pfaf-
3748 2855 6053 3108 fen,ja für alle Typen der negativen Seite,
3766 3039 6041 3205 gilt als Lebensregel jener bekannte Spruch,
3754 3159 6059 3410 dass der Zweck die Mittel heilige. Auf der
5975 3244 6400 3488 wintige.
3778 3328 6098 3573 sitiven Seite gilt dagegen das Wort, dass/Mit
3778 3512 6119 3742 tel imstande sind auch den höchsten Zweck zu
3760 3633 4421 3902 entheiligen.
