5144 4152
765 582 2281 727 nahezu unbegrenzten Zahl von Möglichkeiten
782 706 1345 829 gegenüberstehen.
837 772 2293 881 Auch im Diogramm „Der Geist in der
782 875 2285 1005 Tat“ handelt es sich niemals um Typen von Be-
765 951 2279 1069 ruten oder Begabungen, sondern um Typen von
774 1060 2293 1170 Geistesverfassungen. Zwar disponiert auch hier
782 1119 2298 1248 dié angeborene Geistesverfassung zu dem Beruf,
776 1218 2293 1349 mit dem sie die Bezeichnung teilt; doch noch
788 1313 2293 1419 weniger als in dem Diogramm „Der Geist im
788 1391 2293 1509 Wort“ besteht eine äußere oder innere Not-
793 1497 2308 1604 wendigkeit, daß der individuelle Repräsentant
788 1562 2317 1682 eines bestimmten Geistestypus auchden Beruf
795 1651 2319 1781 ergreife, der mit dem analogen Wort bezeichnet
812 1773 1003 1895 wird.
877 1994 2306 2148 Folgendes sind die Typen innerhalb des Dia-
801 2110 1946 2237 gramms „Der Geist in der Tat“.
888 2201 2304 2325 Im positiven Dreieck steigt auf der einer
812 2291 2321 2399 (linken) Seite die Linie auf vom Seefahrer
831 2363 2323 2498 (Entdecker) über den Feldherrn (Führer, Or¬
816 2469 1613 2591 ganisator) zum Helden.
883 2544 2331 2656 Auf der anderen (rechten) Seite vom Brük-
824 2646 2329 2753 kenbauer (Mathematiker) über den Naturfor-
831 2719 2249 2844 scher (Heilkünstler) wieder zum Helden.
906 2823 2344 2945 Und ebenso wie im Diogramm „Der Geist im
824 2899 2327 3014 Wort“ finden wir auch hier innerhalb des nega-
831 2996 2348 3120 tiven Dreieckes die entsprechenden negativen
837 3099 2011 3192 Gegentypen in analoger Anordnung.
896 3151 2348 3280 Die linke Seite des negativen Dreiecks
2917 523 4418 681 steigt ab vom Abenteurer über den Dikta
2930 622 4412 748 tor, die rechte Seite vom Spekulanten über
2922 721 4220 862 den Quacksalber zum Schwindler.
2996 831 4429 921 Wir haben also als Gegentyp des Seefahrers
2922 919 4429 1022 — den Abenteurer; des Führers—den Diktator;
2924 1008 4429 1098 des Brückenbauers — den Spekulanten; des
2936 1071 4412 1202 Naturforschers — den Quacksalber; des Hel-
2941 1170 3714 1292 dens — den Schwindler.
3008 1235 4440 1364 In diesem Diogramm, noch mehr als in dem
2936 1336 4440 1457 vorigen, drängen sich neben den Hauptbezeich¬
2930 1425 4435 1552 nungen, die wir für die Typen gewählt haben
2951 1532 4440 1623 Varianten auf, und es wird vielfach von den
2936 1594 4439 1716 Begabungen und den Seelenzuständen abhängen,
2953 1697 4440 1800 welche Bezeichnung wir im Einzelfall für den Re¬
2966 1781 4448 1910 präsentanten einer bestimmten Geistesverfas-
2945 1859 4452 1979 sung vorziehen sollen. So wird sich etwa für man-
2947 1960 4452 2057 chen Repräsentanten des Typus Abenteurer,
2953 2053 4448 2169 insbesondere für solche auf ethisch und intel¬
2947 2137 4469 2241 lektuell niedrigerem Niveau eine Bezeichnung
2958 2209 4429 2361 wie z. B. Commis voyageur besser empfehlen.
3044 2304 4461 2426 Für den Diktator erschiene manchmal noch
2960 2403 4469 2511 angemessener die Bezeichnung Tyrann. Als
2976 2492 4465 2605 Hauptbezeichnung habe ich das Wort Diktator
2960 2572 4463 2709 schon darum gewählt, weil die Repräsentanten
2958 2656 4459 2800 dieses Typus keineswegs auch der Charakteran
2972 2742 4477 2861 lage nach immer tyranny sind, sondern eher
2987 2835 4477 2960 pedantisch, hart, grausam, während gerade der
2987 2941 4473 3034 Feldherr (Führer, Organisator), also der posi¬
2983 3004 4480 3126 tive Gegentypus des Diktators, oft genug tyran-
2983 3088 4507 3246 nisch erscheint, ja es auch gelegentlich wirklich
