5192 4088
765 628 2208 790 Bei demblijp Historiker entspricht die ge-
704 754 2220 864 wählte Bezeichnung am wenigsten der Geistes-
710 839 2212 963 verfassung, die innerhalb des Diogramms gemeint
695 951 2220 1031 ist. Der Typus als solcher ist nicht so sehr Histo¬
695 1027 2206 1115 riker, also Geschichtsforscher und Geschichtst-
695 1094 2218 1196 schreiber, als vielmehr Geschichtsfühler.
718 1183 2203 1291 Er hat den Flair für Zusammenhänge, die Intui-
718 1274 2220 1382 tion vom Werden der Dinge, er ist der Ahnende,
725 1361 2216 1462 auf der höchsten Stufe der Wissende der Kon-
725 1454 1663 1568 tinuität, der Kontinualist.
790 1561 2225 1642 Den meisten Menschen bedeutet Geschichte
712 1623 2223 1722 einen schattenhaften Zug von Gespenstern, der
731 1709 2218 1825 ihnen Ereignisse vorführt, deren Ausgang nicht
725 1787 2218 1908 nur den Zuschauern, sondern auch den handeln-
718 1897 2239 1980 den Personen bekannt ist. Historisch aber im
737 1986 2214 2085 wahren Sinne denkt nur derjenige, der fähig ist,
731 2062 2208 2163 das Vergangene im Geiste durchaus als ein Ge¬
742 2140 2233 2267 genwärtiges zu erleben — in dem Sinn, daß er
737 2235 2237 2335 auch das Ende eines ihm durchaus bekannten
742 2326 2225 2430 Vorganges, während er sich mit dessen Entwick-
311 2297 682 2503 muel
731 2417 2231 2533 lung beschäftigt, als etwas vorläufig Ungewisses
718 2489 2242 2615 au empfinden vermag ja es eigentlich gar nicht
384 2474 556 2654 2)
718 2592 1669 2721 anders empfinden xxx
818 2673 2237 2772 Wenn aber der Historiker auch als Urtypus im
742 2755 2242 2879 Diogramm nicht den Geschichtsforscher be-
731 2837 2242 2960 deutet, die Geistesverfassung als solche wird
406 2850 589 3008 Çon
729 2947 2231 3051 naturgemäß zum Beruf des Histor!kers dispo¬
731 3034 982 3150 nieren.
813 3093 2250 3230 Interesse für Zusammenhänge, ein
338 3141 505 3281 n
235 3275 651 3393 zum
3072 507 4561 670 stets wacher Sinn für Kontinuität ist über¬
3091 659 4566 756 haupt ein Charakteristikon der positiven
3085 741 4580 862 Typen. Beim Historiker (Kontinualisten) wird
3072 837 4574 953 es zum Orange, ja zur Leidenschaft, die Zu¬
3078 913 4566 1029 sammenhänge im engeren und im weiteren Sinne
3078 1003 4566 1116 zu entdecken, den Ablauf der Dinge zu wissen,
3078 1096 3951 1187 das Werden zu verstehen.
3144 1172 4576 1284 Dies gilt für die positive Typen auch hin¬
3078 1276 4566 1369 sichtlich ihrer Einstellung dem eigenen
3078 1361 4580 1454 Leben gegenüber. Sie sind sich der Vergangen-
3072 1443 4580 1557 heit und, soweit es möglich, der Zukunft stets
3072 1519 4561 1644 bewußt, während die Existenz der negativen Ty¬
3078 1631 4578 1716 pen eigentlich nur aus einer Reihenfolge isolierter
3078 1697 4580 1791 Momente besteht. Wer aber nur die Gegenwart
3061 1785 4580 1916 hat, der hat nur den Augenblick, somit eigent-
3078 1880 3437 1969 lich nichts.
3144 1925 4576 2070 Der Historiker (Kontinualist) muß sich
3072 2054 4566 2142 keineswegs vorwiegend mit der Vergangenheit
3085 2138 4574 2241 beschäftigen. Es gibt auch Historiker der
3072 2216 4568 2326 Gegenwart, und der Typ bleibt der gleiche,
3078 2309 4561 2404 — ob er sich hauptsächlich für das Reformations-
3072 2400 4566 2503 zeitalter, oder für die französische Revolution,
3061 2487 4483 2584 oder für das Spanien von heute interessiert.
3133 2567 4561 2675 Der Journalist als Typus im Diogramm,
3072 2654 4580 2751 also nicht,der Berufsjournalist, ist vor allem
3066 2742 4574 2841 charakterisiert durch sein Interesse, ja durch
3055 2829 4563 2922 seine Leidenschaft für Aktualität. Die Be-
3061 2911 4574 3029 zeichnung Aktualist (nicht Aktivist!) womit
3066 3011 4580 3101 auch seine Gegensätzlichkeit zum Historiker
3061 3099 4574 3249 (Kontinualisten) sich ohne weiteres ausdrückt,
