6904 4408
974 681 2900 991 In seel tell ut unit copiteur ille
1501 919 1892 1052 brilier
988 959 1211 1081 Justs
942 924 2967 1168 Ob eine Ejuschaft  at Cha oblire
1078 1078 3141 1304 at flei seigneur augure
1113 1318 2605 1588 Les petit caisses qu'ils, mes perchées.
1104 1576 2721 1883 Aus et besten Seelenich
985 1779 2938 2069 als weitl eik Charaklerret
945 2022 2280 2367 Aufs- ein gle
892 2179 2582 2530 so weil keine in deſs. C.
1524 2486 1918 2724 t1.fl,
6221 362 6383 551 35
4088 458 5418 690 Zu Güte und Bösartigkeit.
4080 646 6314 832 Unter den Begriffen, die ich als charakte-
4080 840 6395 1005 ristisch für die positive oder negative Sei-
4094 991 6389 1145 te, ja absolut mit der positiven oder nogati-
4106 1113 6276 1284 ven Seite verbunden bezeichnet habe, (Wahr-
4080 1286 6290 1428 heit und Lüge) wird man Worte wie Güte und
4080 1437 5279 1617 Bösartigkeit vermösen:
4080 1570 6337 1782 Während nämlich Wahrheit,Sachlichkeit,Stolz
4088 1791 6285 1907 mit der positiven Seite untrennbar verbun-
4074 1883 6253 2054 den sind, kann Güte zumindest Gutmütigkeit
4100 2017 6386 2193 sowohl auf der positiven als auf de negati-
4094 2205 5424 2376 ven Seite vohhanden sein.
4074 2364 6403 2535 Natürlich bestehen auch hier gewisse Affini-
4088 2541 4436 2671 täten.
4068 2648 6305 2837 Ein Philosoph wird eher gütig sein als ein
4068 2831 4540 2990 Sophist.
4129 2935 6192 3132 Ein Staatsmann kann natürlich auch böse
4074 3112 4384 3323 sein.
4364 3715 5757 4054 stärksten durch Charau
