6840 4456
6023 306 6219 463 20
5905 650 6068 820 41
3926 853 6349 1065 Der Sophist (der negative Gegentypus des Philo
3951 1044 6262 1228 sophen) hat ein spielerisches Verhältnis zur
3984 1201 6307 1364 Wahrheit. Das Denken selbst ist ihm eine Art
5170 1331 5351 1419 rue.
3923 1355 6307 1516 von spiel, er ist kein Feind der Wahrheit,aber
5342 1458 5968 1561 for se in with
3932 1543 6207 1706 Wahrheit und Lüge is sind (irgendwie) gleich-
4888 1627 5067 1718 I am
3932 1679 5738 1866 wertige geistige Elemente für ihn.
5324 1776 5563 1860 at a
3932 1791 6322 2012 Gewiss, auch der Philosoph weiss, dass es abso-
6107 1927 6365 2060 it in
3939 1936 6368 2172 lute Wahrheit für uns heute nicht gibt, aber er
3945 2136 6207 2284 schrebt unweigerlich zu ihr hin, (und es ist
5212 2235 5654 2341 Richtins
3951 2275 6147 2447 sei ne Sehnsucht in ihre Nähe zu gelangen.)
5018 2399 6032 2484 ce glaubt ne a bien tres
3939 2450 6207 2620 Den Sophisten würde auch die absolute Wahr-
4589 2556 4752 2659 re-
3978 2608 6183 2807 heit kaum interesäieren, selbst wenn er an
3954 2741 6271 2892 ihre Existenz glaubte. Es käme ihm nur darauf
5823 2840 6083 2958 n' bibeg
3942 2862 6280 3082 an sich auf dem Weg dahin möglichst/gut zu
3948 3025 6274 3252 unterhalten (Nicht Klarheit-ist) sein Element,
5161 3167 5318 3249 sein
3963 3170 6316 3400 sondern Verwirrung. Das Geistreiche-Schillern-
3951 3373 5339 3606 de,Parodorale sein Gebiet.
