6712 4488
5953 469 6349 630 18 a
4155 572 6229 859 Für den positiven Typus ist der Raum bei
3991 762 6246 1035 deutungslos, da er ins Ewige und ins Unendli-
3988 938 6173 1164 che wirkt. Für den negativen Typus gibt es
3997 1094 6361 1334 keine Zeit, da er ohne Zusammenhang das Gefühl
3994 1258 6246 1469 fürxän von Zusammenbängen lebt, das Gestern
4018 1405 6261 1625 immer für ihn Todkund das Morgen ungeboren
4023 1572 6237 1786 ist. Nur im Raume vermag er sich auszubrei-
4452 1754 4965 1962 (dahe)
4029 1780 4343 2041 ten.
4311 2018 6188 2226 Vom Dichter, also von der Spitze des
4059 2179 6217 2390 oberen preiecks führt eine inga imaginäre
4050 2352 6264 2584 Linie von—dem Propheten zu Gott; vom Lite-
4419 2355 4765 2463 Jourd'un de
4062 2498 6290 2724 raten an der Spitze des unseren Dreiecks,
4381 2519 4765 2619 also in
4592 2645 5035 2768 über den
4064 2654 5988 2886 eine Linie von Tückehold zum Teufel.
4337 2754 6460 3003 Der Proplet ebenso wie der Tückehold
5539 2903 5976 3012 Drumeth
4097 2932 6419 3179 (für den auch banalere Bezeichnungswie Gamin
4094 3100 6191 3340 oder Lausbub sich darbieten) stehen zum
4097 3243 6399 3481 Diogram "Der Geist in der Tat" in derselben
4082 3454 6249 3645 Bezahung wie zum Diagramm "Der Geist im
4173 3628 4540 3827 Wort.
