6760 4520
5114 588 5384 855 In
5858 673 6312 922 48 C
3905 785 6130 1086 haben wir gesehen, dass es dichterisch be-
3905 1057 6148 1235 gabte pomanschriftsteller gibt die demblich
3899 1224 6218 1388 nach Historiker (Kontinualisten) sind,eben-
3911 1379 6180 1531 so gibt es auch dichterische Begabungen, die
3905 1490 6180 1683 ihrer Geistesverfassung nach dem Tyr Natur-
3899 1672 6227 1836 forscher (siehe nächstes Diogramm.Der Geist
3914 1836 6177 2011 in der Tat“) mit vorwiegend psychologischer
5123 1926 6306 2111 - auch zu gibt ich dassel
5577 2020 6288 2140 die denêtigend
3911 1953 5073 2143 Einstellung angehören.
3976 2073 5589 2242 individuell geirlige ^ for teskeit
5577 2096 6341 2199 tout au piedre
4248 2160 6148 2289 Die Leistung wird umso grös ser sein,
5884 2210 6481 2389 des oupts ue
3671 2269 3867 2380 a une
3923 2281 6174 2462 je ausgeprägter Affinität zwischen Gei-
3847 2412 6162 2597 stesverfassung und spazifischer Begabung
4277 2579 6250 2781 Im negativen Gebiet sind die Affinitä-
3917 2699 6174 2945 ten zwischen bestimmten Geistesverfassungen
3905 2913 6221 3077 und den entsprechenden Begabungen deutlicher
3899 3039 6253 3238 und stärker ausgeprägt als auf der étaitiven.
3899 3200 6200 3419 Es gibt z.B. mehr Politiker mit politischer,
3894 3387 6165 3522 als Staatsmänner mit staatsmännischer Bega-
3905 3501 6171 3686 bung. Ja, sogar wirklich staatsmännische Be-
3905 3686 6233 3905 gabung wird bei dem Typus Politiker häufiger
3917 3806 5987 4005 vorkommen als bei dem Typus Staatsmann.
