6696 4504
5809 664 5992 862 41
3890 817 6194 1012 Ein Zwischenkapitel über Begabungen und See-
3893 985 4545 1211 kenzustände.
4313 1102 6284 1364 Herrn ersten Blick mag es scheinen,
3872 1268 6158 1442 als wenn xxxx aufgestellten Typen nicht
4307 1406 6317 1526 immerhalb dieser dagegen möglichen einte teihen
3884 1433 6110 1631 sämmtliche Geistesverflassungen aufgezählt
3896 1574 6062 1787 vären und mancher wird in diesem Diastram
3896 1730 6164 1907 z.B. den Satyriker, den Dilettanten, den Kriti
3872 1889 6278 2103 ker, den Melancholiker,den Fanatiker, den Zweif-
4115 2031 4851 2145 der Enstrinanten
3878 2055 6272 2238 ler und noch viele andere zu vermissen glauben
4355 2202 6194 2409 Die heer genannten und viele andere
3950 2346 6128 2517 "Typen" haben in dem Diogramm einfach des-
3872 2511 6236 2718 halb keinen Platz gefunden,weil sie nicht hi-
3863 2670 6281 2902 ne ingehören. Bönnen
3872 2833 6278 3001 Kirjurinistäsiständikirjäsachelyttä,Renn der
3866 2971 6041 3148 Kritiker, Enthusiast, Zweifler u.s.w.u.d.M.
3878 3136 6242 3307 stellt nie und nimmer den Typus einer Geistes-
4938 3253 6104 3379 andere hieher gehörige
3866 3265 6224 3406 verfasung vor; alle diese und viele andere Be-
4004 3430 6098 3493 scheinbar in den sich am jedrige Besuchungen
3872 3457 6227 3604 zeichnungen haben nicht auf Geistesverfassun-
3848 3571 6233 3758 gen, sondern auf Begabungen und Seelenzus tände
3845 3740 6032 3995 Bezug, durch welche die Persönlichkeit des
