5208 4072
718 522 2214 722 mal nicht ganz bewußt, aus egoistischen Mo¬
718 695 920 787 tiven.
806 712 2218 860 Für den Politiker wie für den Pfaffen, ja
718 829 2223 958 für alle Typen des negativen Gebiets, gilt als
733 889 2216 1035 Lebensregel jener bekannte Spruch, daß der
730 979 2223 1112 Zweck die Mittel heilige. Im positiven Ge-
728 1075 2231 1231 biet gilt dagegen das Wort, daß niedrige Mittel
728 1152 2223 1304 imstande wären auch den edelsten Zweck zu ent-
315 1267 605 1398 is a 3
741 1290 1041 1409 heiligen.
806 1350 2248 1469 Dem Staatsmann ist das Wohl seines
741 1421 2254 1563 Staates oberstes Gesetz. Doch als Staatsmann
735 1511 2254 1634 in höchsten Sinne müßte derjenige gelten, dem
735 1619 2264 1715 das Wohl der Menschheit höher stünde als
747 1686 2241 1828 das seines eigenen Staates. So wird es immer wie-
747 1766 2223 1920 der geschehen, daß gerade die echtesten Reprä
745 1866 2252 2006 sentanten dieses Typus in ihrem eigenen Lande
747 1945 2260 2083 als Hochverräter gelten so wie die edelsten
747 2051 2246 2154 Priester als Ketzer verfolgt, gekreuzigt und ver-
739 2154 1286 2275 brannt wurden.
810 2214 2260 2335 Hier zeigt es sich am eindringlichsten, daß ein
760 2296 2254 2417 Repräsentant des positiven Typus tragi-
741 2371 2241 2532 schen Konflikten um so eher gegenüber-
770 2490 2271 2613 gestellt sein wird, in jevollendeterem Maße
751 2559 1937 2717 er den Urtypus repräsentiert.
843 2801 2277 2949 Der Philosoph im eigentlichen Wortsinn be-
776 2920 1941 3060 deutet: einen Freund der Weisheit.
837 2989 2300 3139 Als Typus im Diogramm bedeutet er den
783 3103 2289 3228 Denker schlechtweg, einen Menschen, dem der
3076 511 4593 639 Drang, der Zwang, die Leidenschaft des Denkens
3064 622 4589 730 angeboren ist. Der Sprachgebrauch bezeichnet
3076 714 4573 831 manche Leute als Philosphen, nicht weil sie ge-
3064 806 4570 891 borene Denker sind, sondern weil sie tempera-
3076 893 4600 985 mentlos oder mit Resignation Menschen, Dinge
3076 972 4581 1075 und Zustände betrachten;feine Einstellung zur
3087 1060 4583 1154 Welt und zum Leben, die an sich mit Philosophie
3070 1142 4105 1258 nicht das Geringste zu tun hat.
3141 1221 4581 1334 Dem Philosphen als Typus dieses Dia¬
3070 1336 4587 1423 gramms ist keineswegs der Wunsch eigen zu einer
3076 1407 4587 1509 sogenannten „Abgeklärtheit“, sondern vor allem
3057 1509 4587 1607 der, zu einer inneren Klarheit zu gelangen; sein
3064 1586 4589 1684 Drang ist es, den Weg zur Wahrheit zu finden,
3064 1678 4573 1774 auch wenn er überzeugt ist, daß das Ziel un-
3082 1761 3853 1859 erreichbar bleiben muß.
3141 1845 4570 1955 Dem Sophisten, dem negativen Gegen-
3070 1955 4587 2033 typus des Philosphen ist das Denken nicht
3057 2018 4587 2127 Drang und Leidenschaft, sondern Spiel, das frei¬
3070 2114 4587 2208 lich wieder als solches zur Leidenschaft werden
3070 2183 4568 2289 kann. Er ist nicht a priori ein Feind der Wahr-
3070 2279 4581 2379 heit, aber auch wenn er sie für erreichbar hielte,
3070 2379 4581 2469 würde sie nicht das erstrebenswerte Endziel für
3064 2450 4589 2556 ihn bedeuten. Es käme ihm nur darauf an, auf
3057 2546 4581 2642 dem Wege dahin sich und andre zu unterhalten;
3076 2625 4581 2740 — zu wirken und zu blinden. Das schillernde
3076 2705 4616 2813 Paradoxon gehört ihm vor allem zu, und für seine
3057 2809 4573 2916 Zwecke bedeuten Wahrheit und Lüge durchaus
3057 2886 3834 3032 gleichwertige Elemente.
3869 2951 5023 3151 + ja für sein Leben
4224 3084 4708 3281 befuhl
