5144 4088
820 435 2309 568 und einheitliche Geistesverfassung,
830 532 2320 668 wird den Urtypus mit Sicherheit zu diagnosti¬
826 634 1396 746 zieren vermögen.
932 684 2322 841 Wer als Repräsentant des Typus Pfaffe ge-
826 799 2334 917 boren ist, kann niemals zum Priester werden,
832 875 2335 1001 auch wenn er den Beruf des Priesters erwählt.
826 949 2334 1075 Kein Politiker, auch auf dem Gipfel äußerer
843 1048 2339 1168 Macht, vermag sich jemals zum Staatsmann
826 1139 2320 1261 zu entwickeln. Kein Literat, auch von den glän-
837 1228 2339 1365 zendsten Gaben, ist jemals zum Dich ter gewor¬
843 1308 2337 1441 den. Daß auch der Sophist vom Philoso-
856 1407 2328 1542 phen, der Journalist (Aktualist) vom Histo-
847 1473 2345 1595 riker (Kontinualist) „durch Welten, d. h.
847 1585 2351 1690 durch die unüberschreitbare Linie voneinander
868 1682 2184 1810 getrennt sind, leuchtet ohne weiteres ein.
940 1745 2349 1889 Ist aber auch die ideelle Grenzlinie unüber-
847 1849 2368 1961 schreitbar, — die tiefe, und doch trügerische,
868 1929 2353 2060 nicht selten tragische Verwandtschaft zwi-
862 2039 2356 2142 schen dem Typ und seinem Gegentyp trü¬
877 2113 2364 2258 gerisch durch die oft leichte Verwechselbarkeit,
879 2185 2364 2307 tragisch zuweilen durch das Verhältnis der Un-
879 2282 2353 2404 überbrückbarkeit, das zwischen ihnen be¬
868 2379 2364 2491 steht, diese Verwandtschaft gerade zwischen TyP
879 2472 2373 2609 und Gegentyp gibt zu Fehldiagnosen immer
892 2554 1866 2677 wieder verhängnisvollen-Anlaß.
955 2795 2387 2947 Die Schwierigkeit aber, den positiven Typ von
892 2913 2387 3019 seinem Gegentyp in jedem Fall zu unterschei¬
883 3011 2398 3123 den, liegt vor allem darin, daß die Repräsentan-
2732 425 4238 558 ten des positive Typus bewußt oder un-
2727 547 4246 663 bewußt genötigt sind, sobald der innere Drang
2738 615 4244 735 oder die äußere Notwendigkeit des Wirkens
2738 701 4248 816 sich ergibt, manche von den Ausdrucks- und
2749 784 4249 908 Lebensformen der entsprechenden negativen
2757 883 4249 997 Gegentypen sich anzueignen, ja sich in diese
2738 968 4246 1109 Gegentypen unabsichtlich oder auch absichtlieh
2744 1080 3180 1187 zu verstellen.
2822 1132 4259 1266 Ja, man könnte sagen, daß ein Hauch hölli¬
2738 1234 4257 1369 schen Geistes dem positivenblp nicht nur
2738 1337 4259 1428 zur Möglichkeit des Wirkens, sondern schon
2738 1428 4266 1530 zum eigentlichen Da - Sein geradezu unerläß-
2738 1530 3008 1627 lich ist.
2822 1604 4265 1703 Der Priester wird sich oft genug wie ein
2738 1709 4266 1791 Pfaffe äußern und gebärden müssen, um von der
2751 1785 4251 1889 Gemeinde seiner Gläubigen auch nur verstanden
2736 1855 4259 1982 zu werden. Der Staatsmann kann zur Errei-
2751 1952 4272 2079 chung eines vorgesetzten Zieles auf die Mittel
2763 2035 4257 2151 des Politoders nur selten verzichten. Der Philo-
2757 2127 4268 2256 soph behilft sich zuweilen mit den Methoden
2757 2242 4270 2322 des Sophisten, um seine Schüler auf bequemerem
2780 2320 4270 2404 Weg zur Wahrheit hinzuleiten oder zu dem, was
2763 2408 4249 2499 ihm als solche erscheint. Der Historiker (Kon-
2774 2478 4274 2579 tinualist) kann zum mindesten in der Darstel-
2763 2586 4272 2675 lung und im Vortrag journalistischer resp. aktua¬
2763 2668 4282 2780 listischer Formulierungen nicht immer völlig
2768 2757 4282 2852 entraten. Der Dichter scheint sich vom Li¬
2763 2844 4282 2937 teraten manchmal nur durch seine geringere
2780 2926 4293 3042 Geschicklichkeit in den Bemühungen um einen
2778 3006 4295 3122 äußeren Erfolg zu unterscheiden, der ihm oft
