6760 4472
5853 572 6180 748 25 x
3996 751 6174 958 so sehr, dass wir den einen unter die Men-
4018 922 6236 1125 schen, den andern unter die Unmenschen ein-
4018 1083 6037 1299 red hen, wird vielleicht doch erst durch
5596 1145 6244 1279 rotte klarer
4032 1212 6264 1435 einige erläuternde Bemerkungen klar werden.
4605 1667 6300 1877 Der Priester im Orsinn des Wor¬
4058 1784 6258 2069 tes ist Spender der göttlichen (rituellen,
6099 1865 6456 2027 aber
5426 1955 5861 2075 his beg; it
4055 2016 6255 2192 religiösen) Gnadenmittel dies aber ist er
4546 2108 5711 2240 auf den Juristenliche Bericht
4066 2159 6130 2365 vor aIlem berufsmäs eig; als Typus/inner-
5013 2287 5376 2399 bevente
4295 2335 4546 2438 nums.
4066 2312 6224 2513 halb des Diggramms ist en Helfer-Tröster,
4728 2449 5119 2547 you
4105 2441 6308 2636 Berater. Freund des Hilfe sunkenden xxx häch-
4091 2591 6292 2832 sten Sinn. Der prie sterliche Beruf legiti-
4091 2734 6331 2982 niert m türlich in hohem Grade zur Spondung
4097 2927 6258 3175 solcher Gnadenmittel, ob man sie nun gött-
5926 3010 6116 3102 Ort
4091 3094 6222 3301 lich oder nem ochlich nennen will. Es ist
4108 3256 6353 3449 durchaus keine unerlässliche Voraussetzung.
4111 3401 6241 3613 dass der Priester ein Gläubiger in reli-
4136 3488 6353 3787 giösem oder gar dogmatischem sinne sei. Der
3960 3678 4407 3826 Mr. I finder
4119 3672 6339 3957 Priester kann obens o in Zweifler sein, als
