6776 4424
5993 473 6168 648 57
3969 617 6277 860 Also gleich wie der Typus Prophet steht auch
3992 794 6248 1041 der Typus Tückehold nicht nur über dem Dia-
3989 978 6202 1176 gramm des Worts, sondern auch über dem Dia-
4003 1164 4743 1365 gramm der Tat.
4043 1244 6214 1480 Aber nicht hierin allein kommt die-Bezie-
4020 1442 6096 1649 hung, die zwischen dem Diogramm des Worts
4020 1597 6136 1804 und dem Diogramm der Tat besteht, zum Aus¬
4020 1775 4361 1930 druck.
4020 1852 6268 2096 Wenn wir diese beiden Diogramme einander ge-
4014 2085 6157 2265 genübersteilen,so sehen wir,dass ganz be-
4012 2188 6222 2391 stimmte Beziehungen zwischen den Typen der
4032 2386 6228 2564 beiden Diagramme beschhen, Verwandtschaften
4029 2538 6263 2721 geringen und höheren Grades,so dass das ei-
5755 2607 6091 2710 Rechtfr.
4797 2624 5291 2747 incieile in
4023 2701 6234 2899 ne Diogramm (gieiehsam) als eine Bestätigung
4023 2845 4944 3068 des an ern wirkt.
5474 2879 5701 3022 en
5081 2842 5331 3025 4.
4043 2945 6268 3169 In manchen Fällen ergänzen sich die Typen
4026 3131 6329 3355 der graphisch einander entsprechenden Punkte
4792 3260 6053 3418 is - - a - h - d. besilenkt
4003 3280 4554 3541 geradezu.
4772 3409 6030 3582 Reprès parfels, welck ô
4898 3478 6251 3696 vermögte Geirterruss -.
4955 3625 6016 3788 chenx that (ickn
5164 3662 6392 3926 6 Storlin
