6971 4376
6102 461 6275 597 40
4077 676 4792 855 Hilfe nehmen.
4092 752 6423 1006 Wird den oophisten als einen spekulanten des
4092 925 6508 1140 Geistes, den Journalisten als einen Quacksalber
4104 1037 6544 1300 des Geistes. den Literaten als einen Hochstapler
4101 1273 5326 1482 des Geistes bezeichnen.
4129 1382 6335 1594 Die allgemeinen Bemerkungen,die bereits in
4122 1528 6435 1755 Beziehung auf das erste Diogramm aufgestellt
4113 1688 6548 1895 sind, durchaus auch auf das Diogramm anzuwenden
4153 1837 6141 2095 (Sachlichkeit,Wahrheit u.s.w.,u.S.w.).
4144 2216 6411 2428 Zeit ist das Element auf der positiven, Raum
4147 2337 6050 2634 das Element auf der negativen Seite.
4150 2486 6432 2728 Auch hier bleibt es wahr, dass die Vertreter
4165 2634 6526 2895 der positivenSeite irgend ein Element von der
4174 2764 6390 3104 negativen Seite und dass die positiven Ty-
4162 2910 6584 3243 pen einen Tropfen höllischen Geistes brauchen,
4189 3098 6417 3398 um überhaupt ihre Wirksamkeit entfalten zu
4189 3398 4577 3556 können.
