6856 4376
3864 466 6122 847 unter den Schriftstellern oder auch nur un-
3881 759 4889 996 ter den Künstlern.
3867 804 6150 1163 Nicht die Fähigkeit der Selbstbeobachtung,
3912 929 6150 1264 nicht einmal der Zwang dazu ist das Charak-
3926 1118 6068 1459 teristische für den Literaten,sondern die
3940 1273 5899 1623 Bereitschaft zur Selbstbeobachtung.
4138 1408 6147 1801 uriged bmit. K in bilded faf dit-
4073 1657 5622 1967 et ici 1/2 de conseillir
4217 1795 6063 2162 (J. N. in Arzt, der sein kam
4324 1950 5645 2278 nicht in M. telf will.
