6901 4436
5852 327 6014 492 33
4139 478 5898 777 Die „Analogie zum „Ceist im Wort“.
4165 683 6051 913 Auf der linken Seite das Bereich des
4159 811 6088 1047 Glaubens, auf der rechten das des Wis-
4185 1061 4461 1212 sens.
4233 1124 5980 1388 Natürleh beides relativ, denn in
4205 1198 6159 1491 Wirklichkeit gibt es keinen normalmen
4208 1411 6213 1659 schen,der bedingungslos glaubt, der ist
3738 1605 6029 1898 als das Paul immer pathologisch bedingt, wenn er
3755 1596 4162 1767 es nt kée
4236 1738 6248 1994 nicht auf Selbsttäuschung beruht,so we-
3636 1863 4159 1997 au définist
4259 1892 6191 2102 nig als es ein absolutes Wissen gibt.
3667 1989 4108 2139 cure de..
4256 2023 6205 2285 Aber der Entdecker xxxx der Proberer
3650 2097 4194 2276 Alle hui ni in
4273 2131 6296 2450 sowie in dem anderen Diogramm der Prie-
3659 2199 4213 2438 Trufelte, in tat
4279 2285 6330 2583 ster und der Staatsmann sind in höherem
3644 2336 4085 2518 it in geist
4299 2498 6185 2748 Masse auf den Glauben angewiesen als
4304 2629 6262 2879 Mathematiker und Arzt resp.im anderen
4356 2768 6196 3036 Diogramm Philosoph und Historiker.
4740 2959 6085 3169 Diese sind dem Gebiet der
4333 3115 6305 3380 Exaktheit stärker verwurzelt,zugleich
4341 3229 6447 3488 aber darf ihr vertrauen in die Tatsachen
4353 3448 5662 3681 kein allzu grosses sein.
