6744 4504
5949 690 6149 878 50
4329 831 6343 1057 Fie Seelenzustände erscheinen als Cha-
4708 960 5535 1068 temperemente
3992 1016 6252 1183 rakte ranlag entiligenschaften, fliessende See-
3986 1148 6119 1332 lenzustände und Stimmungen und in dieser
3992 1300 6354 1497 Reihenfolge ist zu gleicher Zeit in absteigen
3980 1473 6246 1685 der Linie der Grad ihrer Unveränderlichkeit
3992 1620 6325 1790 und das Mass ihrer Bedeutung für die Gesammt-
3971 1767 5339 2008 persönlichkeit angedeutet.
4323 1887 6205 2125 Die eigentlichauCharakteranlagen er-
3968 2107 6175 2260 scheinen meist als absolut unveränderlich,
3965 2254 6263 2413 aber auch in Fällen,wo wir praktisch den mi-
3956 2383 6278 2583 nimalen Grad von Veränderlichkeit, der vorhan-
3956 2568 6199 2721 den ist,vollkommen vernachlässigen dürften,
3951 2709 6199 2873 besteht er als Wandlungsfähigkeit zum min-
3945 2873 5911 3055 desten ### inde Theorie
4350 3000 6290 3187 Als Beweis dafür darf vielleicht gel-
3936 3184 6166 3364 ten, dass es gewisse Gehirnkrankheiten gibt
3956 3331 6187 3507 (Paralyse),wo zuweilen als erstes nicht im-
4270 3416 4573 3522 gleich
5119 3434 5647 3551 gedeutete
3933 3493 6249 3619 mer sofort richtig aufgefasetas Symptom eine
3942 3625 6234 3818 Wandlung des Charakters zu konstatieren ist,
3918 3789 6105 4006 ja wo sich der Charakter geradezu in sein
