6728 4504
4185 669 6061 913 i benso hat es seine Bedeutung, dass
3930 811 6221 1085 Priester und Pfaffe, wenn auch durch die un
3939 972 6328 1228 Übersch reitbare Linie getrennt, dass auch Phi¬
3947 1124 6156 1433 losoph und Sophist einander näher stehen,
3947 1299 6204 1564 als Staatsmann einer- und Politiker anderer
3971 1468 6323 1739 seits, Historiker einer- und Journalist anderer
3965 1581 6198 1876 seits - und dass am weitesten von einander
3980 1775 5924 2006 entfernt Literat und Dichter stehen.
