6744 4520
6038 712 6190 849 54
3847 912 4877 1116 kaum denkbar u.s.w.
4310 967 6029 1209 Es lässi sich nicht immer leicht
3880 1203 6099 1400 entscheiden, ob irgend eine Eigenschaft als
3880 1313 6175 1579 Cha rakteranlage oder als fliessender Seelen-
3883 1488 6075 1679 zustand im engeren Sinne anzusprechen ist,
3853 1607 6156 1855 And ob wir in einem bestimmten Fall uns ei-
3883 1798 6011 2013 nem fliessenden Seelenzustand oder einer
3883 1958 6147 2198 Stimmung gegenübersehen. Die Unterscheidung
3886 2076 6226 2307 ist umso schwerer, als ein fliessender Seelen-
3886 2237 6156 2443 zustand sich allmählig zu einer Eigenschaft
3883 2392 6220 2619 aus zubilden vermag (Miss trauen,Verbitterung.
3862 2583 5975 2761 durch äussers Schieksale) und dass eine
3907 2707 6108 2925 stimmung durch öftere Wiederholung die Be-
3928 2898 6363 3065 deutung eines fliessenden Seelenzustandes, wie
4001 2995 5356 3192 nicht ja & wei Egronheft
3916 3095 4674 3265 gewinnen kann.
4377 3152 6138 3340 Es gibt gewisse Charakteranlagen,
3907 3325 6247 3544 die trotzsehnhamantenändanktakkakka wenn
3907 3468 6253 3722 auch nicht immer in gleichem Grade lebendig,
3919 3634 6284 3859 zum mindesten nicht immer zu gleicher Energie
3919 3783 6247 3995 entfaltung fähig,also trotz scheinbarer Ver-
