6728 4504
3876 699 6154 1016 Unverantwortlichkeit und die dadurch zuwei-
5370 805 6363 972 enim lanten
3885 887 6175 1122 len gesteigerten Möglichkeiten der Wirksam-
3899 1013 6096 1307 cines gewilligten
4111 1219 4859 1442 Mirheus.-
4240 1383 6248 1606 Ein bedeutender Anlass kann den Reprä
3923 1542 6181 1747 sentanten des negativen Tyrn für beschränkte
3923 1709 6287 1900 Dauer, natürlich immer nur scheinbar,in seinen
3938 1806 6169 2067 positiven Gegentyp verwandeln: merkwürdige
3943 1935 6251 2196 Zeitumstände, ein starkes persönliches Erleb-
3946 2161 6063 2381 nis, ein gewaltiges Beispiel,ein äusserer
3943 2226 6278 2508 Zwang,all dies kann solche scheinbare Wand-
3958 2399 6295 2693 lungen herbeiführen. So wird z.B. ein Politi-
4390 2510 6360 2716 diplomelischen xxx
3964 2637 6169 2822 ker von rheterischer Begabung im Parlamant
3976 2792 6146 3001 gelegentlich wie ein Staatsmann, ein rede-
3976 2878 6272 3180 gewandter Pfaff auf der Kanzel wie ein Prie-
5347 3030 5758 3148 Einflus s
3993 3048 6254 3286 ster, ein Literat unter dem Einwirkung eines
3982 3206 6225 3459 starken persönlichen Erlebnisses xxx
5444 3347 5611 3438 me
3982 3383 6099 3600 In irgend einem Werke wie ein
3993 3535 6125 3741 Dichter wirken. Niemals wird ein solcher
4299 3697 4683 3797 donner
4002 3717 5702 3949 Trug ewig nähren und der Kenner¬
