5272 4200
1135 1095 2227 1232 DERGEISTIN DER TAT
1007 1298 2444 1466 Das Diogramm „Der Geist in der Tat“ stellt
914 1405 2443 1572 in allen seinen Einzelheiten und seinem Sinne
925 1517 2443 1641 nach ein vollkommenes Gegenstück zum ersten
929 1593 2201 1750 Diogramm „Der Geist im Wort“ vor.
1013 1700 2431 1822 Auch hier handelt es sich um zwei gegen-
929 1765 2437 1932 ständige Dreiecke, die durch eine gemein-
935 1860 2176 2018 same Basis voneinander getrennt sind.
1026 1932 2463 2092 Auch hier stellt das obere Dreieck das
965 2018 2448 2191 positive, in die Richtung des Göttlichen ge-
948 2130 2448 2264 wandte, das untere Dreieck das negative
948 2210 2454 2357 in die Richtung des Teuflischen gewandte Ge¬
959 2292 2450 2448 biet vor, innerhalb dessen der Geist seine Wirk
971 2397 2481 2536 samkeit entfaltet; doch hier nicht, insofern er
984 2473 2479 2621 sich durch das Wort, sonderü insofern er sich
979 2587 2182 2696 durch die Tat kundzugeben vermag.
1045 2650 2486 2802 Auch in Hinsicht auf das Diogramm „Der
979 2738 2479 2865 Geist in der Tat“ behalten die auf das erste Dia-
992 2823 2484 2976 gramm „Der Geist im Wort“ bezüglichen all-
990 2945 2130 3069 gemeinen Sätze ihre Geltung. Also:
1074 2998 2502 3145 Die Grenzlinie, die das obere und untere
996 3075 2490 3254 Dreieck voneinander trennt, ist ideell unüber-
992 3221 1422 3330 schreitbar.
3126 533 4544 699 Jede Geistesverfassung als solche ist ein
3065 634 4184 781 heitlich und unveränderlich.
3134 723 4575 841 Es besteht eine tiefe, trügerische und nicht
3061 807 4580 940 selten tragische Verwandtschaft zwischen
3080 895 4554 1026 dem Typ und dem entsprechenden Gegentyp
3145 1003 4590 1108 Ein Hauch höllischen Geistes ist dem
3101 1053 4579 1224 positivenblijp nicht nur zur Möglichkeit des
3084 1154 4590 1287 Wirkens, sondern zum eigentlichen Da-Sein
3086 1266 3779 1388 geradezu unerläßlich.
3155 1338 4590 1475 Das Verhältnis zwischen Tyrp und Gegentyp
3084 1430 4603 1552 ist also hier völlig analog dem Verhältnis von
3101 1510 4596 1671 Typ und Gegentyp im ersten Diogramm. Nur
3084 1578 4584 1746 ist dieses Verhältnis den Repräsentanten der be¬
3107 1662 4617 1830 treffenden Typen seltener und kaum jemals in
3109 1772 4611 1908 solchem Maße bewußt, als es bei den Typen im
3115 1864 4192 2016 ersten Diogramm oft der Fall ist.
3179 2117 4626 2256 Auch für die Typen des Diogramms „Der
3116 2214 4638 2328 Geist in der Tat“ sind die völlig zutreffenden
3122 2307 4632 2422 Bezeichnungen kaum zu finden, und auch hier
3137 2393 4651 2515 habe ich, wie im Diogramm „Der Geist im
3137 2469 4634 2597 Wort“, nicht immer das relativ zutreffende, son-
3134 2562 4626 2705 dern ein möglichst einprägsames Wortge
3151 2694 3370 2791 wählt.
3217 2745 4658 2875 Die Schwierigkeit einer absolut zutreffenden
3151 2831 4662 2970 Bezeichnung für die Typen dieses Diogramms
3162 2890 4674 3048 liegt unter änderem darin begründet, daß die
3155 3012 4668 3143 Tat begrifflich (wenn überhaupt) noch schwe-
3166 3080 4668 3263 rer zu fassen ist als das Wort; weil wir hier einer
