6680 4264
5831 203 6003 363 et
3650 695 5994 977 Die Grenzlinie, die das obere von dem unteren
3656 754 6094 1102 Dreieck trennt, ist ideell unüberschreitbar. Je-
5875 873 6319 1030 haut h
3653 995 6172 1255 der Typ als solcher ist unveränderlich. Uebergan-
3881 1020 4319 1139 Guldenrecht
3668 1161 6172 1393 ge von den positiven Typen zu den negativen,vem
3872 1308 5371 1449 den Reisler = jeulere un evi-
3675 1305 6163 1574 Menschen zum Unmenschen wie wir hier zum ersten
3675 1455 6053 1722 Mal sagen wollen gibt es nicht wenn auch die
5340 1562 5919 1675 dem entiseant
4739 1609 4927 1703 du 1er
3703 1612 6160 1844 Verwandtschaft zwischen Typp und Gegentyp manch-
3706 1759 6125 2006 mal eine so ausserordentliche zu sein scheint,
3784 1916 5509 2069 in Vereitulung, Julienen nicht nouwend
3668 1931 6182 2153 dass auch der schärfste Beobachter xxx Irrtümer
3424 1912 3593 2072 sere,
5775 1931 6435 2110 Kepræsent des y
3405 2050 3587 2204 de 6
3693 2066 6172 2344 nicht immer vermeiden kann). Aber wer als Pfaff
4620 2225 5011 2326 will den
3715 2257 6110 2470 geboren ist, kann niemals Priester werden, auch
3709 2354 6085 2610 wenn er den Priesterberuf ergriffen hat, kein
3737 2567 6238 2779 Politiker kann sich je zum Staatsmann (wirklich
4313 2576 4482 2664 hat
5828 2654 6032 2726 hr and
3743 2689 6254 2927 entwickeln, auch wenn er zu den höchsten Stellen
5722 2779 6191 3017 der vor-
5387 2870 5590 3008 er m
5384 2952 5584 3052 1344.
3747 2920 5402 3139 gelangt ist und kein Literat -
3769 2992 6147 3240 trefflichste Schriftaeller sein - ist jemals
3775 3189 6160 3402 ein Dichter geworden. Men sichheit, Sie ein, wenn
3894 3312 5359 3521 Junalut: Kintritte. - Anlage
4019 3484 4488 3637 A. L. C.
3963 3587 5030 3878 i) nt d Julings.
