6744 4248
479 768 1475 1002 Diesweg xxx das ei
1017 963 1844 1173 Hierdorf, xxxasse
476 1031 2139 1336 ilamme t. Jans.i. xxxi tilw.ate
337 1259 2329 1495 reJusamiee Jnoi: hei i J rn J u m a
384 1415 2662 1690 snetodegns. xxxaagltevastalexxx hiebnos.Jniemag
1613 1528 2704 1814 xxx
491 1779 2154 2066 Kamtenov xxx abied ei b.eini
659 2018 2382 2231 Jai, ei sij edosidsmandxx anbe. Jnne
632 2178 2293 2370 Nehiex Jdig aa.is überhouden
603 2317 2071 2503 abst. mebrs aus 441 heute m
748 2479 2151 2660 W.dorfiebnavnd dai xxx
718 2630 2012 2849 wie xxxein xxx, daß nen
686 2787 2054 2988 he tried neaeib is maw f¬
689 2928 2101 3129 Kaufst Siex. xxxi 1###ed geb
819 3067 1823 3280 foiixniw amsmalast
795 3206 1891 3487 m. geb Iandonam dort
807 3446 2006 3785 tijngen moe ejneme!
703 3741 1758 3921 Viffi aoq..1ah.V 4J.
3842 573 6049 830 eingesprengt, ebenso wie den Typen auf der
3856 502 4211 700 Seite,
3871 659 6123 946 negativen Seite ein Streben, eine Sehnsucht
3880 830 6220 1099 nach der Wesenheit seines Gegentypus auf der
3877 996 6238 1288 positiven Seite eingeboren ist,in höchst ver-
3874 1161 6208 1442 schiedener Form, in sehr verschiedgene Masse.
4131 1294 6173 1557 (Ja, die Typen auf der positiven können
3901 1448 5996 1729 überhaupt kaum jemals ganz rein als sol-
3904 1693 4642 1894 che bestehen./
4205 1732 6152 2048 Sobald innere oder äussere Notwendig
3901 1918 6075 2181 keiten, insbesondere das Bedürfnis des Wir
3921 2048 6102 2320 kens ihre Forderungen geltend machen, sind
3909 2261 6185 2535 die positiven Typen gedrungen gewisse Allü-
4235 2423 4746 2527 du mlyverte
3918 2364 6203 2636 ren ihrer Gegentypen zu übernehmen und sich
5709 2518 5934 2636 n. h
3936 2580 6282 2807 ihrer Ausdrucksformen zu bedienen.Ein Tropfen
3915 2751 6158 2958 höllischen Geistes ist unbedingt nicht nur
3918 2911 6294 3162 zur Möglichkeit des Wirkens, sondern geradezu
3921 3091 5115 3310 zum Da-Sein notwendig.
5408 3197 6135 3398 - in com
4057 3342 4370 3493 starker
