6792 4552
5815 708 5972 871 61
4309 962 6053 1199 Auch in Hinsicht auf das Diogramm
3952 1122 6066 1371 „Der Geist in der Tat" behalten im Allge-
3941 1296 6047 1534 meinen auf das erste Diogramm „Der Geist
5038 1393 5552 1531 allgemeine
3969 1443 6047 1714 im Wort" bezüglichen Sätze ihre Geltung.
3960 1727 4267 1882 Als o:
4287 1744 6183 1982 Die Grenzlinie, die das obere und un¬
4010 1879 6235 2117 tere Dreieck von einander trennt, ist ideell
3996 2131 4903 2305 unüberschreitbar.
4314 2208 6243 2474 Jede Geistesverfassung als solche ist
3739 2396 4521 2573 unterblick und
5782 2391 6348 2551 hüssen, le
4013 2418 5188 2612 abelut unveränderlich.
4328 2485 6279 2711 Es besteht eine tiefe, manchmal geheim-
4041 2681 6124 2932 nisvolle und nicht selten tragische Ver-
4052 2783 6174 3043 wandtschaft zwischen dem Tyrp und dem ent-
4063 3029 5160 3242 sprechenden Gegentyp.
4425 3109 6288 3325 Ein rauch höllischen Geistes ist dem
4079 3278 6111 3549 positivenblo nicht nur zur Möglichkeit
4079 3444 6199 3734 des Wirkens, sondern zum eigentlichen Da¬
4079 3626 5503 3889 Sein geradezu unerlässl ch.
4403 3723 6343 3980 Das Verhältnis zwischen Tyrp und Gegen
