<?xml version="1.0" encoding="UTF-8" standalone="yes"?>
<PcGts xmlns="http://schema.primaresearch.org/PAGE/gts/pagecontent/2013-07-15" xmlns:xsi="http://www.w3.org/2001/XMLSchema-instance" xsi:schemaLocation="http://schema.primaresearch.org/PAGE/gts/pagecontent/2013-07-15 http://schema.primaresearch.org/PAGE/gts/pagecontent/2013-07-15/pagecontent.xsd">
    <Metadata>
        <Creator>prov=READ-COOP:name=TrHtr:version=2.1.0:model_id=51170:date=28_07_2023_08:51</Creator>
        <Created>2023-05-10T11:17:16.825+02:00</Created>
        <LastChange>2023-07-28T08:51:47.990+02:00</LastChange>
        <TranskribusMetadata docId="1428141" pageId="55385630" pageNr="104" tsid="131327125" status="IN_PROGRESS" userId="64420" imgUrl="https://files.transkribus.eu/Get?id=FVSARJXBSKSWPLTZSOHXURRL&amp;fileType=view" xmlUrl="https://files.transkribus.eu/Get?id=HPNDQYZZWZFWRWLHDMTEHGEU" imageId="44660529"/>
    </Metadata>
    <Page imageFilename="1428141_0104.jpg" imageWidth="6776" imageHeight="4264">
        <ReadingOrder>
            <OrderedGroup id="ro_1711822854250" caption="Regions reading order">
                <RegionRefIndexed index="0" regionRef="tr_1"/>
            </OrderedGroup>
        </ReadingOrder>
        <TextRegion id="tr_1" custom="readingOrder {index:0;}">
            <Coords points="3947,529 6264,529 6264,1962 3947,1962"/>
            <TextLine id="tr_1_tl_1" custom="readingOrder {index:0;}">
                <Coords points="4295,756 4643,684 4959,707 5138,638 5744,702 5819,681 5830,538 5307,512 5057,575 4416,552 4318,500"/>
                <Baseline points="4317,698 4401,692 4490,692 4580,686 4670,680 4759,674 4849,668 4938,662 5028,644 5117,644 5207,627 5297,621 5386,615 5476,609 5565,597 5655,585 5745,579 5834,585"/>
                <TextEquiv>
                    <Unicode>schen beu biage de Célior. -</Unicode>
                </TextEquiv>
            </TextLine>
            <TextLine id="tr_1_tl_2" custom="readingOrder {index:1;}">
                <Coords points="5879,750 5900,750 5908,742 5937,765 5957,748 5966,756 5974,748 5986,753 6009,745 6026,759 6043,759 6043,604 6000,598 5974,624 5948,618 5934,630 5879,632"/>
                <Baseline points="5894,710 5983,710 6049,710"/>
                <TextEquiv>
                    <Unicode>68</Unicode>
                </TextEquiv>
            </TextLine>
            <TextLine id="tr_1_tl_3" custom="readingOrder {index:2;}">
                <Coords points="4028,842 4097,868 4198,854 4255,883 4402,825 4551,851 4643,834 4649,739 4534,716 4356,768 4238,739 4100,765 4034,750"/>
                <Baseline points="4043,842 4114,842 4204,836 4293,830 4383,818 4473,818 4562,818 4652,812"/>
                <TextEquiv>
                    <Unicode>Auch Rf</Unicode>
                </TextEquiv>
            </TextLine>
            <TextLine id="tr_1_tl_4" custom="readingOrder {index:3;}">
                <Coords points="3947,978 4172,1038 4390,960 5989,923 6256,874 6259,779 3953,857"/>
                <Baseline points="3965,955 4025,955 4114,949 4204,943 4293,943 4383,937 4473,937 4562,931 4652,931 4741,931 4831,925 4920,919 5010,913 5100,913 5189,907 5279,901 5368,895 5458,889 5547,883 5637,877 5727,877 5816,877 5906,871 5995,871 6085,865 6175,859 6264,859"/>
                <TextEquiv>
                    <Unicode>Der positive Tyrp kann auch in einem gewissen</Unicode>
                </TextEquiv>
            </TextLine>
            <TextLine id="tr_1_tl_5" custom="readingOrder {index:4;}">
                <Coords points="3930,1138 5928,1078 6089,1055 6095,894 5635,989 5503,937 3936,1021"/>
                <Baseline points="3947,1110 4037,1110 4126,1104 4216,1098 4305,1092 4395,1086 4484,1086 4574,1080 4664,1080 4753,1074 4843,1074 4932,1068 5022,1063 5112,1063 5201,1063 5291,1057 5380,1051 5470,1045 5559,1039 5649,1033 5739,1033 5828,1027 5918,1021 6007,1015 6097,1009"/>
                <TextEquiv>
                    <Unicode>Sinne Sehnsucht darnach empfinden lieber</Unicode>
                </TextEquiv>
            </TextLine>
            <TextLine id="tr_1_tl_6" custom="readingOrder {index:5;}">
                <Coords points="4384,1176 4560,1150 4767,1179 4839,1144 4982,1147 5014,1170 5060,1162 5063,1098 4962,1070 4853,1072 4784,1107 4680,1084 4459,1136 4387,1110"/>
                <Baseline points="4401,1158 4443,1158 4532,1152 4622,1146 4711,1140 4801,1134 4891,1134 4980,1134 5070,1128"/>
                <TextEquiv>
                    <Unicode>n'est de Aut:</Unicode>
                </TextEquiv>
            </TextLine>
            <TextLine id="tr_1_tl_7" custom="readingOrder {index:6;}">
                <Coords points="3965,1328 4445,1248 5675,1242 6121,1190 6124,1110 5646,1070 5465,1147 3970,1187"/>
                <Baseline points="3983,1266 4066,1260 4156,1254 4246,1254 4335,1248 4425,1248 4514,1242 4604,1236 4693,1236 4783,1236 4873,1230 4962,1224 5052,1224 5141,1218 5231,1212 5321,1206 5410,1200 5500,1200 5589,1194 5679,1194 5768,1188 5858,1182 5948,1176 6037,1176 6127,1170"/>
                <TextEquiv>
                    <Unicode>sein Leigener ogentyp zu sein,ins ofern er</Unicode>
                </TextEquiv>
            </TextLine>
            <TextLine id="tr_1_tl_8" custom="readingOrder {index:7;}">
                <Coords points="3973,1443 4241,1501 4361,1432 5799,1348 6017,1420 6170,1386 6173,1265 6032,1210 5638,1308 5164,1245 4888,1325 3976,1346"/>
                <Baseline points="3989,1421 4031,1421 4120,1415 4210,1409 4299,1403 4389,1403 4478,1397 4568,1391 4658,1391 4747,1391 4837,1385 4926,1379 5016,1373 5106,1367 5195,1367 5285,1361 5374,1355 5464,1355 5553,1355 5643,1349 5733,1343 5822,1337 5912,1337 6001,1331 6091,1325 6181,1313"/>
                <TextEquiv>
                    <Unicode>nämlich diesen beneiden kann um sein Unbe-</Unicode>
                </TextEquiv>
            </TextLine>
            <TextLine id="tr_1_tl_9" custom="readingOrder {index:8;}">
                <Coords points="3962,1593 5997,1538 6224,1504 6230,1386 5031,1397 4448,1495 3968,1440"/>
                <Baseline points="3977,1576 3995,1576 4084,1570 4174,1564 4264,1564 4353,1558 4443,1558 4532,1552 4622,1552 4711,1540 4801,1540 4891,1534 4980,1528 5070,1528 5159,1522 5249,1516 5338,1510 5428,1510 5518,1504 5607,1504 5697,1498 5786,1498 5876,1492 5966,1492 6055,1487 6145,1481 6234,1475"/>
                <TextEquiv>
                    <Unicode>schwertsein durch Verantwortlichkeit u.s.w.</Unicode>
                </TextEquiv>
            </TextLine>
            <TextLine id="tr_1_tl_10" custom="readingOrder {index:9;}">
                <Coords points="4022,1728 5868,1676 6075,1656 6081,1541 5408,1524 5278,1604 4634,1593 4278,1668 4028,1610"/>
                <Baseline points="4037,1707 4114,1707 4204,1707 4293,1696 4383,1696 4473,1690 4562,1678 4652,1666 4741,1666 4831,1660 4920,1654 5010,1654 5100,1654 5189,1654 5279,1654 5368,1648 5458,1648 5547,1642 5637,1630 5727,1624 5816,1618 5906,1618 5995,1612 6085,1606"/>
                <TextEquiv>
                    <Unicode>I is in m angebleth Weh sonder</Unicode>
                </TextEquiv>
            </TextLine>
            <TextLine id="tr_1_tl_11" custom="readingOrder {index:10;}">
                <Coords points="4048,1932 5146,1788 5635,1874 5957,1765 5966,1650 5230,1722 4718,1665 4551,1754 4232,1714 4057,1777"/>
                <Baseline points="4066,1851 4084,1857 4174,1851 4264,1839 4353,1839 4443,1833 4532,1821 4622,1815 4711,1809 4801,1803 4891,1791 4980,1785 5070,1785 5159,1779 5249,1785 5338,1773 5428,1767 5518,1767 5607,1761 5697,1755 5786,1743 5876,1743 5966,1743"/>
                <TextEquiv>
                    <Unicode>Vezt theil zwischenkeit; ja</Unicode>
                </TextEquiv>
            </TextLine>
            <TextLine id="tr_1_tl_12" custom="readingOrder {index:11;}">
                <Coords points="4249,2007 4312,2030 4557,1961 4842,1949 4905,2007 5020,1981 5097,2010 5103,1857 4899,1837 4772,1889 4534,1860 4255,1898"/>
                <Baseline points="4269,1952 4299,1952 4389,1952 4478,1952 4568,1952 4658,1946 4747,1946 4837,1934 4926,1922 5016,1922 5106,1917"/>
                <TextEquiv>
                    <Unicode>glei, hn aussi que ou</Unicode>
                </TextEquiv>
            </TextLine>
        </TextRegion>
    </Page>
</PcGts>
