6872 4312
6384 277 6561 419 28
4202 545 6492 685 Auf der linken Seite des Dreiecks beim Prie
4207 670 6487 870 ster und beim Staatsmann handelt es sich um
4213 859 6461 996 scheinbar weniger feststehende Werte,um we-
4213 958 6481 1155 niger fasbare Begriffe als beim Philosphen
4225 1135 6450 1344 und beim Historiker. Hier ist immer schein-
4213 1344 6370 1518 bar mehr Wissen, auf der andern Seite mehr
4219 1469 4672 1632 Glauben.
4253 1543 6415 1817 Der Philosoph und der Historiker sind auf
4205 1751 6324 1940 Tatsachen, auf das sogenannte Konkrete in
4205 1891 5540 2114 höherem Masse angewiesen.
