6760 4264
528 1988 740 2183 G.H.F.P.
552 2148 923 2330 G.C.H.F.P.
5390 372 6304 602 appurant, jugeur
5938 507 6174 637 14 b
4977 558 5649 711 vous seront.
4106 516 4331 714 Res
3938 620 6186 856 Der positive Typus/gibt in seiner höchsten
3988 785 6322 1030 Vollendung jederzeit sein Leben an sein Werk
3944 994 4192 1180 hin.
3991 1080 5157 1295 er verschwemmet sich.
4708 1242 4971 1336 were I
3944 1174 6313 1454 Er kann irren, aber auch seinIrrtum 1st frucht
3950 1425 6260 1590 bar, denn auch in seinem Irrtum ist die Wahr-
3935 1558 5366 1761 heitt seiner Persönlichkeit.
3918 1684 6198 1912 (Er ist fromm (nicht gläubig) in jenem höch-
3974 1858 6071 2068 steh Sinn, dass er in jedem Fall für die
3921 2000 6275 2242 Etigkeit wirkt, die für jeden Menschen in der
3944 2177 5112 2410 Sterbestunde beginnt.
3974 2274 6233 2502 Er hat kein Interesse daran als Individuum
3938 2466 6281 2717 dem Triumph seiner Idee oder dem Sieg seines
3980 2664 5024 2850 Werkes beizuwohnen.
4003 2764 6275 3038 Nicht auf persönlichen Nachruhm, sondern auf
3944 2941 6224 3177 Unsterblichkeit in jenem höheren Sinn kommt
3956 3142 4508 3301 es ihm an.
4098 3180 6077 3419 (wenn auch hier rott. den E. Ab u)
4339 3339 5894 3581 i - si le sieux; - et l'ann
4390 3443 6042 3785 in votrend der Mitteur
