5192 4168
903 516 2355 680 Die Nützlichkeit von Kenntnissen und
836 634 2360 777 Erkenntnissen steht natürlich auch für die
836 718 2341 861 Typen der anderen Seite außer Frage. Im¬
836 812 2343 935 merhin ist der Seefahrer (Entdecker) und
825 899 2355 1015 auch der Feldherr (Führer, Organisator) ohne
842 983 2343 1103 ein hohes Maß von Kenntnissen und Erkennt-
840 1082 2360 1210 nissen, ja sogar ohne ein besonderes Bedürfnis
842 1153 2353 1286 nach solchen eher vorstellbar als der Brücken-
855 1234 2362 1364 bauer (Mathematiker) ohne entsprechende
848 1337 2358 1442 technische Vorbildung oder der Naturforscher
855 1431 2360 1568 ohne einen entsprechenden Reichtum von Be¬
848 1514 2368 1676 obachtungen und das Bedürfnis, immer neue zu
848 1633 1179 1766 sammeln.
932 1854 2358 1983 Das Verhältnis der negativen zu den
859 1953 2387 2084 positiven Typen im Diogramm „Der Geist in
867 2052 2377 2160 der Tat“ entspricht völlig den Verhältnissen im
861 2130 1949 2271 Diogramm „Der Geist im Wort“.
937 2195 2360 2315 So ist der Abenteurerder negative Gegen-
876 2297 2374 2423 typ, gelegentlich selbst die Karikatur des See-
872 2383 2379 2501 fahrers (Entdeckers), wie in dem Diogramm des
878 2494 2377 2591 Worts der Pfaffe den negativen Gegentyp des
878 2589 1490 2696 Priesters vorstellt.
943 2612 2381 2764 Es verhält sich ferner der Diktator (Tyrann)
878 2741 2389 2884 zum Feldherrn, wie sich der Politiker zum
884 2858 1532 2970 Staatsmann verhält.
943 2877 2396 3046 Der Spekulant zum Brückenbauer, wie
890 3027 1867 3147 der Sophist zum Philosphen.
945 3117 2404 3235 Der Quacksalber zum Naturforscher,
2939 503 4422 638 (Heilkünstler), wie der Journalist (Aktualist)
2920 598 4035 711 zum Historiker (Kontinualisten).
3004 678 4431 815 Der Schwindler(Hochstapler) zum Hel¬
2932 758 4033 899 den, wie der Literat zum Dichter.
3002 861 4441 954 Nicht nur der tägliche Sprachgebrauch, auch
2939 952 4437 1071 gewisse Metaphern bringen dieses hier angedeu¬
2945 1042 4450 1164 tete Verhältnis manchmal in überraschender und
2939 1128 4265 1229 aufschlußgebender Weise zum Ausdruck.
3010 1210 4456 1307 Man kann manchmal ganz treffend den
2945 1297 4462 1417 Sophisten (der im Diogramm des Worts
2943 1391 4442 1509 an der gleichen Stelle steht wie der Spekulant
2939 1497 4458 1583 im Diogramm der Tat) als einen Spekulanten des
2957 1558 4456 1680 Worts; den Journalisten (Aktualisten) (der im
2951 1638 4456 1743 Diogramm des Worts an gleicher Stelle steht
2957 1758 4475 1840 wie der Quacksalber im Diogramm der Tat) als
2951 1819 4456 1934 einen Quacksalber der öffentlichen Meinung,
2960 1901 4462 2002 den Literaten (der im Diogramm des Worts
2962 1989 4467 2099 dieselbe Stelle einnimmt wieder Hochstapler im
2962 2088 4469 2198 Diogramm der Tat) als einen Hochstapler des
2968 2179 3614 2286 Geistes bezeichnen.
3046 2257 4467 2356 Held und Dichter sind einander in der
2974 2343 4469 2473 Atmosphäre des Geistes nahe (ein Dichter ohne
2981 2429 4467 2549 geistigen Mut ist so wenig denkbar, als ein
2987 2509 4486 2629 Held ohne physischen Mut), ebenso nahe wie
2998 2623 4481 2737 Schwindler und Literat; wie überhaupt,
2998 2686 4494 2800 unbeschadet strengster Umschriebenheit der
2998 2787 4475 2888 Kategorie, Verwandtschaften verschieden
2998 2884 4505 2970 sten Grades zwischen den Typen immer wieder
3010 2972 4496 3088 festzustellen sind. Und es erscheint die Ver-
3008 3044 4505 3206 wandtschaft zwischen den auf den einander
