6872 4328
6196 323 6364 490 21
4748 278 4900 535 4.
4091 570 6394 815 Der Philosoph.wörtlich:ein Freund der Weis-
4058 687 6453 965 heit. Wir sagen besser: ein Denker. Sein Grund¬
4079 881 6265 1054 zug ist es sich über die ewigen Fragen, so
4064 1045 6432 1266 weit es menschenmöglich Klarheit zu verschaf-
5148 1162 5345 1260 (art)
4079 1215 6343 1365 fen, so tief in das Wesen der Dinge zu drin-
4067 1329 6465 1511 gen als möglich, ein System zu schaffen,um sich
4079 1538 6289 1687 aus der Fülle der Erscheinungen zu retten.
5053 1616 5321 1732 helfen.
3873 1595 4100 1810 re
4079 1657 6388 1848 Das Bedürfnis zu wirken ist bei ihm nicht so
4076 1831 6417 2034 sehr imanent wie beim Priester, der vor allem
4073 1941 6450 2168 ein Helfer ist oder wenigstens zu sein strebt.
4061 2126 6214 2276 Ein Priester ohne Güte ist undenkbar, ein
4073 2243 6193 2434 Philosoph ohne Güte immerhin.) Ein böser
4073 2410 6403 2622 Philosoph ist aine contradictio in adjectio)
4067 2592 6355 2780 Aber auch Güte und Bösheit gehören nicht zu
4064 2697 6453 2897 den Geistesverfassungen,sondern zu den Seelen
4079 2894 6379 3046 zuständen. Güte wäre also auch unter Umstän-
4757 3019 5211 3112 du regal
4064 3022 6397 3180 den unter den Vertretern der negativen Seite
4073 3198 6426 3368 zu finden. Doch naturgemäss seltener,da Sach-
4064 3357 6397 3497 lichke it und Gerechtigkeit irgendwie als Vo-
4121 3488 6310 3727 raussetzung für werktätige Güte notwendig
4079 3703 4330 3909 ist.
