<?xml version="1.0" encoding="UTF-8" standalone="yes"?>
<PcGts xmlns="http://schema.primaresearch.org/PAGE/gts/pagecontent/2013-07-15" xmlns:xsi="http://www.w3.org/2001/XMLSchema-instance" xsi:schemaLocation="http://schema.primaresearch.org/PAGE/gts/pagecontent/2013-07-15 http://schema.primaresearch.org/PAGE/gts/pagecontent/2013-07-15/pagecontent.xsd">
    <Metadata>
        <Creator>prov=READ-COOP:name=TrHtr:version=2.1.0:model_id=51170:date=28_07_2023_08:52</Creator>
        <Created>2023-05-10T11:17:33.423+02:00</Created>
        <LastChange>2023-07-28T08:52:20.024+02:00</LastChange>
        <TranskribusMetadata docId="1428141" pageId="55386172" pageNr="214" tsid="131327259" status="IN_PROGRESS" userId="64420" imgUrl="https://files.transkribus.eu/Get?id=DLPUXALTEWMZIQGCKLIEAFEZ&amp;fileType=view" xmlUrl="https://files.transkribus.eu/Get?id=YKQHZBTYGAIBOBLFDPQWYTTB" imageId="44661071"/>
    </Metadata>
    <Page imageFilename="1428141_0214.jpg" imageWidth="6744" imageHeight="4472">
        <ReadingOrder>
            <OrderedGroup id="ro_1711823048033" caption="Regions reading order">
                <RegionRefIndexed index="0" regionRef="tr_2"/>
                <RegionRefIndexed index="1" regionRef="tr_1"/>
            </OrderedGroup>
        </ReadingOrder>
        <TextRegion id="tr_2" custom="readingOrder {index:0;}">
            <Coords points="513,1920 1964,1920 1964,3693 513,3693"/>
            <TextLine id="tr_2_tl_1" custom="readingOrder {index:0;}">
                <Coords points="850,2020 959,2035 1001,2005 1076,2047 1213,2062 1206,1929 1152,1917 1098,1863 1034,1890 995,1884 962,1914 931,1890 847,1887"/>
                <Baseline points="865,1970 955,1976 1044,1982 1134,1982 1218,1982"/>
                <TextEquiv>
                    <Unicode>G.H.F.P.</Unicode>
                </TextEquiv>
            </TextLine>
            <TextLine id="tr_2_tl_2" custom="readingOrder {index:1;}">
                <Coords points="1702,2510 1748,2528 1766,2516 1784,2531 1823,2519 1848,2531 1860,2516 1905,2516 1941,2476 1956,2476 1944,2225 1923,2219 1829,2280 1793,2274 1763,2304 1690,2292"/>
                <Baseline points="1713,2441 1803,2441 1892,2447 1964,2453"/>
                <TextEquiv>
                    <Unicode>G.H.F.P</Unicode>
                </TextEquiv>
            </TextLine>
            <TextLine id="tr_2_tl_3" custom="readingOrder {index:2;}">
                <Coords points="496,3381 541,3387 593,3423 650,3408 668,3423 711,3417 735,3441 768,3432 768,3269 698,3299 644,3244 575,3263 529,3226 496,3223"/>
                <Baseline points="513,3361 603,3361 692,3361 776,3361"/>
                <TextEquiv>
                    <Unicode>G.H.P.</Unicode>
                </TextEquiv>
            </TextLine>
            <TextLine id="tr_2_tl_4" custom="readingOrder {index:3;}">
                <Coords points="732,3607 777,3607 825,3568 868,3574 883,3559 925,3577 965,3565 983,3586 1016,3583 1019,3438 971,3444 956,3435 919,3447 901,3432 847,3438 816,3417 795,3429 759,3393 738,3396"/>
                <Baseline points="752,3522 758,3522 847,3522 937,3522 1026,3516"/>
                <TextEquiv>
                    <Unicode>G.C.H.F.P.</Unicode>
                </TextEquiv>
            </TextLine>
            <TextLine id="tr_2_tl_5" custom="readingOrder {index:4;}">
                <Coords points="780,3759 813,3762 856,3722 871,3731 883,3719 910,3731 980,3686 992,3695 1025,3689 1022,3574 986,3589 959,3565 931,3577 880,3559 862,3571 819,3571 807,3586 774,3583"/>
                <Baseline points="794,3671 883,3677 973,3677 1032,3683"/>
                <TextEquiv>
                    <Unicode>G.C.F.P.</Unicode>
                </TextEquiv>
            </TextLine>
        </TextRegion>
        <TextRegion id="tr_1" custom="readingOrder {index:1;}">
            <Coords points="3958,857 6412,857 6412,3950 3958,3950"/>
            <TextLine id="tr_1_tl_1" custom="readingOrder {index:0;}">
                <Coords points="3988,931 6174,971 6283,931 6283,798 3988,822"/>
                <Baseline points="4006,907 4095,913 4185,913 4274,913 4364,913 4454,919 4543,919 4633,919 4722,919 4812,913 4901,919 4991,913 5081,913 5170,913 5260,913 5349,913 5439,919 5528,919 5618,919 5707,919 5797,919 5887,919 5976,919 6066,913 6155,913 6245,907 6287,907"/>
                <TextEquiv>
                    <Unicode>Die pepräsentanten dieser Typen,Prophet und</Unicode>
                </TextEquiv>
            </TextLine>
            <TextLine id="tr_1_tl_2" custom="readingOrder {index:1;}">
                <Coords points="3988,1161 5041,1073 6380,1128 6380,989 6014,928 4648,1010 3988,931"/>
                <Baseline points="4006,1062 4095,1062 4185,1068 4274,1068 4364,1068 4454,1074 4543,1074 4633,1074 4722,1068 4812,1068 4901,1068 4991,1068 5081,1068 5170,1068 5260,1068 5349,1068 5439,1068 5528,1068 5618,1068 5707,1068 5797,1068 5887,1074 5976,1074 6066,1074 6155,1074 6245,1074 6334,1068 6388,1068"/>
                <TextEquiv>
                    <Unicode>Tückehold, entfalten ihr Wesen häufig genug in</Unicode>
                </TextEquiv>
            </TextLine>
            <TextLine id="tr_1_tl_3" custom="readingOrder {index:2;}">
                <Coords points="3982,1288 4953,1318 6277,1213 5824,1089 3982,1161"/>
                <Baseline points="4000,1218 4042,1218 4131,1218 4221,1223 4310,1223 4400,1223 4489,1223 4579,1223 4669,1223 4758,1223 4848,1223 4937,1223 5027,1223 5116,1223 5206,1223 5295,1223 5385,1223 5475,1223 5564,1223 5654,1218 5743,1218 5833,1218 5922,1223 6012,1218 6101,1223 6191,1218 6281,1206"/>
                <TextEquiv>
                    <Unicode>den Bezirken des Wahns. Und so wie der Pro-</Unicode>
                </TextEquiv>
            </TextLine>
            <TextLine id="tr_1_tl_4" custom="readingOrder {index:3;}">
                <Coords points="3982,1418 5149,1382 5564,1454 6362,1394 6362,1276 6038,1219 3982,1300"/>
                <Baseline points="4000,1385 4042,1379 4131,1379 4221,1373 4310,1379 4400,1379 4489,1373 4579,1373 4669,1373 4758,1379 4848,1373 4937,1373 5027,1379 5116,1379 5206,1379 5295,1379 5385,1379 5475,1379 5564,1373 5654,1373 5743,1373 5833,1379 5922,1379 6012,1379 6101,1379 6191,1379 6281,1373 6370,1373"/>
                <TextEquiv>
                    <Unicode>phet als Visionär und manchmal als Besessener</Unicode>
                </TextEquiv>
            </TextLine>
            <TextLine id="tr_1_tl_5" custom="readingOrder {index:4;}">
                <Coords points="3970,1578 6072,1581 6244,1548 6244,1397 4702,1467 4415,1391 3970,1467"/>
                <Baseline points="3988,1528 4012,1522 4101,1528 4191,1528 4280,1528 4370,1528 4460,1534 4549,1528 4639,1528 4728,1528 4818,1528 4907,1528 4997,1528 5086,1528 5176,1528 5266,1534 5355,1534 5445,1534 5534,1528 5624,1534 5713,1534 5803,1528 5893,1528 5982,1528 6072,1528 6161,1528 6251,1516"/>
                <TextEquiv>
                    <Unicode>wirkt, erscheint der Tückehold nicht selten</Unicode>
                </TextEquiv>
            </TextLine>
            <TextLine id="tr_1_tl_6" custom="readingOrder {index:5;}">
                <Coords points="3982,1714 6247,1748 6268,1551 4968,1636 3982,1584"/>
                <Baseline points="4000,1677 4089,1683 4179,1683 4268,1683 4358,1683 4448,1683 4537,1683 4627,1683 4716,1683 4806,1683 4895,1683 4985,1683 5075,1683 5164,1683 5254,1683 5343,1683 5433,1683 5522,1683 5612,1683 5701,1683 5791,1683 5881,1683 5970,1689 6060,1683 6149,1689 6239,1683 6275,1677"/>
                <TextEquiv>
                    <Unicode>(insbesondere über dem Diogramm der Tat) als</Unicode>
                </TextEquiv>
            </TextLine>
            <TextLine id="tr_1_tl_7" custom="readingOrder {index:6;}">
                <Coords points="3976,1884 6308,1881 6308,1772 6153,1702 3976,1766"/>
                <Baseline points="3994,1832 4077,1832 4167,1838 4257,1838 4346,1838 4436,1838 4525,1838 4615,1838 4704,1838 4794,1838 4883,1838 4973,1838 5063,1838 5152,1838 5242,1838 5331,1838 5421,1838 5510,1844 5600,1838 5690,1844 5779,1838 5869,1838 5958,1838 6048,1838 6137,1838 6227,1832 6316,1827"/>
                <TextEquiv>
                    <Unicode>Bösewicht. Für Gott und Teufel gibt es natür-</Unicode>
                </TextEquiv>
            </TextLine>
            <TextLine id="tr_1_tl_8" custom="readingOrder {index:7;}">
                <Coords points="3976,2008 6407,2041 6407,1923 5739,1851 5446,1923 3976,1896"/>
                <Baseline points="3994,1988 4083,1988 4173,1988 4263,1994 4352,1994 4442,1994 4531,1988 4621,1988 4710,1994 4800,1994 4889,1994 4979,1994 5069,1994 5158,1994 5248,1994 5337,1988 5427,1994 5516,1994 5606,1994 5695,1994 5785,1994 5875,1994 5964,2000 6054,1994 6143,1994 6233,1994 6322,1994 6412,1994"/>
                <TextEquiv>
                    <Unicode>lich keine Repräsentanten mehr,sie können auch</Unicode>
                </TextEquiv>
            </TextLine>
            <TextLine id="tr_1_tl_9" custom="readingOrder {index:8;}">
                <Coords points="3970,2144 5797,2210 6271,2186 6311,2041 3970,2074"/>
                <Baseline points="3988,2143 4077,2149 4167,2143 4257,2143 4346,2143 4436,2149 4525,2149 4615,2149 4704,2149 4794,2149 4883,2149 4973,2149 5063,2149 5152,2149 5242,2149 5331,2149 5421,2149 5510,2149 5600,2149 5690,2149 5779,2149 5869,2149 5958,2149 6048,2149 6137,2149 6227,2149 6316,2143"/>
                <TextEquiv>
                    <Unicode>nicht mehr als Typen gelten. Sie sind höchste</Unicode>
                </TextEquiv>
            </TextLine>
            <TextLine id="tr_1_tl_10" custom="readingOrder {index:9;}">
                <Coords points="3976,2343 6244,2337 6274,2171 4995,2177 4448,2262 3976,2204"/>
                <Baseline points="3994,2298 4083,2304 4173,2304 4263,2298 4352,2298 4442,2304 4531,2304 4621,2304 4710,2304 4800,2304 4889,2304 4979,2304 5069,2304 5158,2304 5248,2304 5337,2304 5427,2304 5516,2304 5606,2304 5695,2304 5785,2304 5875,2304 5964,2310 6054,2304 6143,2304 6233,2304 6281,2304"/>
                <TextEquiv>
                    <Unicode>Regriffe,sind Ideen, denen es versagt ist in</Unicode>
                </TextEquiv>
            </TextLine>
            <TextLine id="tr_1_tl_11" custom="readingOrder {index:10;}">
                <Coords points="3976,2543 4892,2461 5110,2528 5337,2470 5706,2513 5787,2498 5787,2328 4375,2404 3976,2340"/>
                <Baseline points="3994,2459 4083,2453 4173,2453 4263,2459 4352,2459 4442,2459 4531,2459 4621,2459 4710,2459 4800,2459 4889,2459 4979,2459 5069,2459 5158,2465 5248,2465 5337,2459 5427,2459 5516,2459 5606,2459 5695,2459 5785,2465 5791,2465"/>
                <TextEquiv>
                    <Unicode>irdischer Erscheinung aufzutreten.</Unicode>
                </TextEquiv>
            </TextLine>
            <TextLine id="tr_1_tl_12" custom="readingOrder {index:11;}">
                <Coords points="4372,2821 6226,2800 6295,2764 6298,2613 5709,2576 5159,2685 4759,2613 4375,2640"/>
                <Baseline points="4388,2770 4424,2770 4513,2770 4603,2770 4692,2770 4782,2770 4872,2770 4961,2770 5051,2770 5140,2770 5230,2770 5319,2770 5409,2770 5498,2776 5588,2770 5678,2770 5767,2770 5857,2770 5946,2770 6036,2770 6125,2770 6215,2764 6304,2758"/>
                <TextEquiv>
                    <Unicode>Es gibt eine peihe vonethischen Be-</Unicode>
                </TextEquiv>
            </TextLine>
            <TextLine id="tr_1_tl_13" custom="readingOrder {index:12;}">
                <Coords points="3964,3012 6120,2966 6305,2942 6305,2764 3964,2851"/>
                <Baseline points="3982,2931 4071,2925 4161,2925 4251,2925 4340,2925 4430,2925 4519,2925 4609,2925 4698,2925 4788,2925 4878,2925 4967,2925 5057,2925 5146,2925 5236,2925 5325,2925 5415,2925 5504,2925 5594,2919 5684,2925 5773,2925 5863,2925 5952,2925 6042,2925 6131,2925 6221,2925 6310,2913"/>
                <TextEquiv>
                    <Unicode>griffen,die nur innerhalb des Positiven, eine</Unicode>
                </TextEquiv>
            </TextLine>
            <TextLine id="tr_1_tl_14" custom="readingOrder {index:13;}">
                <Coords points="3976,3121 6256,3108 6253,2948 6178,2942 3976,2990"/>
                <Baseline points="3994,3080 4024,3080 4113,3074 4203,3080 4292,3080 4382,3080 4472,3080 4561,3074 4651,3074 4740,3074 4830,3074 4919,3074 5009,3080 5098,3080 5188,3080 5278,3080 5367,3080 5457,3080 5546,3080 5636,3080 5725,3080 5815,3080 5904,3080 5994,3080 6084,3086 6173,3080 6263,3068"/>
                <TextEquiv>
                    <Unicode>Reihe anderer, die nur innerhalb des negati-</Unicode>
                </TextEquiv>
            </TextLine>
            <TextLine id="tr_1_tl_15" custom="readingOrder {index:14;}">
                <Coords points="3958,3317 4723,3251 5869,3320 6338,3287 6338,3151 3958,3154"/>
                <Baseline points="3976,3230 4018,3236 4107,3236 4197,3230 4286,3230 4376,3230 4466,3236 4555,3236 4645,3230 4734,3236 4824,3236 4913,3236 5003,3236 5092,3236 5182,3236 5272,3236 5361,3236 5451,3236 5540,3230 5630,3236 5719,3236 5809,3236 5898,3242 5988,3236 6078,3236 6167,3236 6257,3236 6346,3224"/>
                <TextEquiv>
                    <Unicode>ven preiecks Geltung,Sinn und Realität gewin-</Unicode>
                </TextEquiv>
            </TextLine>
            <TextLine id="tr_1_tl_16" custom="readingOrder {index:15;}">
                <Coords points="3940,3423 6265,3450 6314,3299 3940,3314"/>
                <Baseline points="3958,3391 4048,3391 4137,3391 4227,3391 4316,3391 4406,3391 4495,3391 4585,3391 4675,3391 4764,3391 4854,3391 4943,3397 5033,3391 5122,3391 5212,3391 5301,3391 5391,3391 5481,3391 5570,3391 5660,3391 5749,3385 5839,3391 5928,3391 6018,3391 6107,3391 6197,3391 6287,3391 6322,3391"/>
                <TextEquiv>
                    <Unicode>nen. Die einzelnen Glieder dieser Reihen, der</Unicode>
                </TextEquiv>
            </TextLine>
            <TextLine id="tr_1_tl_17" custom="readingOrder {index:16;}">
                <Coords points="3952,3586 4484,3547 4663,3647 6332,3571 6332,3477 6141,3414 4487,3502 3952,3411"/>
                <Baseline points="3970,3558 4012,3546 4101,3552 4191,3546 4280,3552 4370,3546 4460,3546 4549,3546 4639,3546 4728,3546 4818,3546 4907,3546 4997,3552 5086,3552 5176,3552 5266,3546 5355,3546 5445,3546 5534,3546 5624,3546 5713,3546 5803,3546 5893,3546 5982,3546 6072,3546 6161,3546 6251,3546 6340,3546"/>
                <TextEquiv>
                    <Unicode>positiven einer-",der negativen andererseits</Unicode>
                </TextEquiv>
            </TextLine>
            <TextLine id="tr_1_tl_18" custom="readingOrder {index:17;}">
                <Coords points="3964,3737 6205,3755 6335,3713 6335,3574 3964,3644"/>
                <Baseline points="3982,3695 4071,3701 4161,3701 4251,3701 4340,3701 4430,3701 4519,3707 4609,3707 4698,3707 4788,3707 4878,3701 4967,3701 5057,3701 5146,3701 5236,3701 5325,3701 5415,3701 5504,3701 5594,3701 5684,3701 5773,3701 5863,3701 5952,3701 6042,3701 6131,3701 6221,3701 6310,3695 6340,3695"/>
                <TextEquiv>
                    <Unicode>stehen geradeso wie die positiven und die ne-</Unicode>
                </TextEquiv>
            </TextLine>
            <TextLine id="tr_1_tl_19" custom="readingOrder {index:18;}">
                <Coords points="3964,3886 5582,3867 6057,3940 6386,3907 6386,3759 4315,3795 4203,3710 3964,3789"/>
                <Baseline points="3982,3857 4071,3851 4161,3851 4251,3851 4340,3851 4430,3851 4519,3851 4609,3851 4698,3851 4788,3851 4878,3857 4967,3851 5057,3857 5146,3862 5236,3862 5325,3857 5415,3857 5504,3857 5594,3862 5684,3862 5773,3862 5863,3862 5952,3862 6042,3862 6131,3862 6221,3862 6310,3862 6394,3862"/>
                <TextEquiv>
                    <Unicode>gativen Typen in einem unüberbrückbaren Gegen-</Unicode>
                </TextEquiv>
            </TextLine>
            <TextLine id="tr_1_tl_20" custom="readingOrder {index:19;}">
                <Coords points="3958,3994 4118,3958 4206,3997 4406,3973 4865,4013 4953,3991 4953,3855 4560,3858 4487,3892 4294,3861 4224,3898 4109,3858 3958,3895"/>
                <Baseline points="3976,3928 4065,3928 4155,3934 4245,3934 4334,3934 4424,3934 4513,3934 4603,3934 4692,3934 4782,3934 4872,3940 4961,3940"/>
                <TextEquiv>
                    <Unicode>satz zu einander. -</Unicode>
                </TextEquiv>
            </TextLine>
        </TextRegion>
    </Page>
</PcGts>
