6744 4504
5998 635 6408 893 ding 1
3967 805 6285 992 regelmässiger oder wechselnder Natur bestimmt
3706 951 5738 1115 Ei denen eine at monition angeloven u in Raum
4371 925 6326 1151 Mit die ser Annahme sind natürlich we-
3955 1101 6037 1306 der Geistesverfassungen noch Begabungen
3961 1244 6233 1440 und Seelenzustände materialistisch erklärt.
3949 1396 6230 1625 Es soll mit ihr nur eine zweifellos vorhan-
3943 1622 6274 1795 dene,in ihrem Wesen keineswegs durchsichtige
3946 1736 6236 1926 (und vielleicht nicht immer Abhängigkeit be-
3955 1865 6186 2093 deutende Beziehung zwischen Geistesverfas-
3970 2055 6291 2234 sungen.Begabungen und Seelenzuständen einer-
3987 2245 6195 2427 seits und den körperlichen Korrelateh die-
3987 2365 6221 2535 ser Verfassungen und Zustände festgestellt
4034 2512 6297 2693 werden. - Auch wenn es uns gelänge eine ku-
3987 2646 6186 2834 Geschäft. Geistesverfassung (eventuell auch
3996 2784 6326 3018 eine spezifische Begabung) mit Sicherheit an
3999 2977 6350 3147 einer bestimmten Stelle des Gehims zu loka-
3978 3127 6323 3340 lisieren; einen Seelenzustand mit der Funk-
3999 3258 6271 3452 tion eines bestimmten Nerven oder einer be-
3999 3408 6256 3613 stimmten Drüse in ursächliche Beziehung zu
3993 3563 6318 3768 bringen, so bliebe das eigentliche Wesen von
4002 3735 6306 3987 Geist und Seele genau so unfassbar wie vor-
