<?xml version="1.0" encoding="UTF-8" standalone="yes"?>
<PcGts xmlns="http://schema.primaresearch.org/PAGE/gts/pagecontent/2013-07-15" xmlns:xsi="http://www.w3.org/2001/XMLSchema-instance" xsi:schemaLocation="http://schema.primaresearch.org/PAGE/gts/pagecontent/2013-07-15 http://schema.primaresearch.org/PAGE/gts/pagecontent/2013-07-15/pagecontent.xsd">
    <Metadata>
        <Creator>prov=READ-COOP:name=TrHtr:version=2.1.0:model_id=51170:date=28_07_2023_08:51</Creator>
        <Created>2023-05-10T11:17:01.049+02:00</Created>
        <LastChange>2023-07-28T08:51:10.939+02:00</LastChange>
        <TranskribusMetadata docId="1428141" pageId="55385146" pageNr="3" tsid="131326997" status="IN_PROGRESS" userId="64420" imgUrl="https://files.transkribus.eu/Get?id=MIUMONLQVRSTSQEVDEFKUBLW&amp;fileType=view" xmlUrl="https://files.transkribus.eu/Get?id=VKVNDDGCGMSVYHRNOWNUJPVG" imageId="44660045"/>
    </Metadata>
    <Page imageFilename="1428141_0003.jpg" imageWidth="5016" imageHeight="4088">
        <ReadingOrder>
            <OrderedGroup id="ro_1711822699325" caption="Regions reading order">
                <RegionRefIndexed index="0" regionRef="tr_1"/>
            </OrderedGroup>
        </ReadingOrder>
        <TextRegion id="tr_1" custom="readingOrder {index:0;}">
            <Coords points="800,894 4362,894 4362,2771 800,2771"/>
            <TextLine id="tr_1_tl_1" custom="readingOrder {index:0;}">
                <Coords points="2884,977 3137,1009 3352,965 4275,960 4313,899 2884,912"/>
                <Baseline points="2892,980 2970,980 3060,974 3149,974 3239,968 3328,968 3418,962 3508,962 3597,962 3687,962 3777,956 3866,956 3956,950 4046,950 4135,950 4225,944 4315,944"/>
                <TextEquiv>
                    <Unicode>Im folgenden wird versucht das Gebiet des</Unicode>
                </TextEquiv>
            </TextLine>
            <TextLine id="tr_1_tl_2" custom="readingOrder {index:1;}">
                <Coords points="2822,1081 4305,1047 4324,996 2823,1028"/>
                <Baseline points="2832,1069 2892,1069 2982,1063 3071,1063 3161,1057 3251,1057 3340,1057 3430,1057 3520,1051 3609,1045 3699,1045 3789,1045 3878,1039 3968,1039 4058,1039 4147,1033 4237,1033 4327,1039"/>
                <TextEquiv>
                    <Unicode>menschlichen Geistes erstens insofern er sich</Unicode>
                </TextEquiv>
            </TextLine>
            <TextLine id="tr_1_tl_3" custom="readingOrder {index:2;}">
                <Coords points="2810,1159 4334,1108 4226,1060 4091,1106 3971,1072 3524,1113 3488,1079 2812,1130"/>
                <Baseline points="2820,1159 2904,1159 2994,1153 3083,1153 3173,1147 3263,1147 3352,1147 3442,1141 3532,1141 3621,1135 3711,1135 3801,1129 3890,1129 3980,1129 4070,1123 4159,1123 4249,1123 4339,1123"/>
                <TextEquiv>
                    <Unicode>durch das Wort und zweitens insofern er sich</Unicode>
                </TextEquiv>
            </TextLine>
            <TextLine id="tr_1_tl_4" custom="readingOrder {index:3;}">
                <Coords points="2810,1244 3962,1250 4279,1222 4321,1182 3621,1165 2810,1218"/>
                <Baseline points="2820,1243 2886,1249 2976,1243 3066,1243 3155,1237 3245,1237 3334,1237 3424,1231 3514,1231 3603,1225 3693,1225 3783,1219 3872,1219 3962,1219 4052,1219 4141,1213 4231,1213 4321,1207"/>
                <TextEquiv>
                    <Unicode>durch die Tat kundzugeben vermag, insbeson¬</Unicode>
                </TextEquiv>
            </TextLine>
            <TextLine id="tr_1_tl_5" custom="readingOrder {index:4;}">
                <Coords points="2810,1332 3502,1351 4000,1302 4203,1334 4328,1305 4330,1265 4009,1241 3973,1277 3030,1267 2987,1307 2865,1273 2810,1305"/>
                <Baseline points="2820,1332 2898,1338 2988,1332 3077,1326 3167,1326 3257,1326 3346,1320 3436,1320 3526,1320 3615,1314 3705,1314 3795,1308 3884,1308 3974,1302 4064,1302 4153,1302 4243,1302 4333,1302"/>
                <TextEquiv>
                    <Unicode>dere die Beziehung zwischen den Urtypen</Unicode>
                </TextEquiv>
            </TextLine>
            <TextLine id="tr_1_tl_6" custom="readingOrder {index:5;}">
                <Coords points="2827,1433 4319,1398 4336,1341 2829,1379"/>
                <Baseline points="2838,1428 2904,1428 2994,1422 3083,1416 3173,1416 3263,1416 3352,1410 3442,1410 3532,1404 3621,1404 3711,1404 3801,1398 3890,1398 3980,1392 4070,1392 4159,1392 4249,1386 4339,1392"/>
                <TextEquiv>
                    <Unicode>des menschlichen Geistes, schematisch in zwei</Unicode>
                </TextEquiv>
            </TextLine>
            <TextLine id="tr_1_tl_7" custom="readingOrder {index:6;}">
                <Coords points="2833,1526 4108,1507 4319,1446 4150,1416 3663,1478 3544,1434 3251,1480 2835,1457"/>
                <Baseline points="2844,1518 2886,1512 2976,1512 3066,1512 3155,1506 3245,1506 3334,1500 3424,1500 3514,1494 3603,1494 3693,1494 3783,1488 3872,1488 3962,1482 4052,1482 4141,1476 4231,1476 4321,1470"/>
                <TextEquiv>
                    <Unicode>Diogrammen darzustellen, womit keine Wer¬</Unicode>
                </TextEquiv>
            </TextLine>
            <TextLine id="tr_1_tl_8" custom="readingOrder {index:7;}">
                <Coords points="2840,1619 4169,1598 4328,1566 4330,1526 2842,1554"/>
                <Baseline points="2850,1607 2898,1601 2988,1601 3077,1595 3167,1595 3257,1595 3346,1589 3436,1589 3526,1583 3615,1583 3705,1583 3795,1577 3884,1577 3974,1571 4064,1571 4153,1565 4243,1565 4333,1565"/>
                <TextEquiv>
                    <Unicode>tung, sondern ausschließlich eine Kategori¬</Unicode>
                </TextEquiv>
            </TextLine>
            <TextLine id="tr_1_tl_9" custom="readingOrder {index:8;}">
                <Coords points="2822,1693 2979,1689 3095,1720 3137,1685 3407,1683 3466,1706 3523,1676 3640,1680 3642,1651 3604,1626 3524,1649 3445,1621 3287,1642 3249,1619 3213,1651 3148,1623 3097,1649 2822,1666"/>
                <Baseline points="2832,1691 2838,1691 2928,1685 3018,1691 3107,1685 3197,1679 3287,1679 3376,1679 3466,1679 3556,1673 3645,1679"/>
                <TextEquiv>
                    <Unicode>sierung beabsichtigt ist.</Unicode>
                </TextEquiv>
            </TextLine>
            <TextLine id="tr_1_tl_10" custom="readingOrder {index:9;}">
                <Coords points="2918,1788 4286,1754 4319,1708 3382,1700 3127,1744 2920,1716"/>
                <Baseline points="2928,1775 2976,1775 3066,1775 3155,1775 3245,1769 3334,1763 3424,1763 3514,1757 3603,1757 3693,1757 3783,1757 3872,1751 3962,1751 4052,1751 4141,1745 4231,1745 4321,1739"/>
                <TextEquiv>
                    <Unicode>Vielen dürfte dieser Versuch kaum mehr be¬</Unicode>
                </TextEquiv>
            </TextLine>
            <TextLine id="tr_1_tl_11" custom="readingOrder {index:10;}">
                <Coords points="982,1814 1999,1807 1961,1744 1934,1771 1683,1771 1638,1735 1564,1775 1514,1738 1454,1776 1396,1735 1358,1771 1172,1778 1024,1778 984,1746"/>
                <Baseline points="992,1810 1081,1810 1171,1810 1261,1810 1350,1810 1440,1810 1530,1810 1619,1804 1709,1798 1798,1798 1888,1798 1978,1804 2002,1810"/>
                <TextEquiv>
                    <Unicode>ERSTE BIS EED LE AUFL AGE 1920</Unicode>
                </TextEquiv>
            </TextLine>
            <TextLine id="tr_1_tl_12" custom="readingOrder {index:11;}">
                <Coords points="2833,1873 3737,1877 4321,1843 4340,1796 2833,1830"/>
                <Baseline points="2844,1870 2910,1864 3000,1864 3089,1864 3179,1858 3269,1858 3358,1858 3448,1852 3538,1846 3627,1846 3717,1846 3807,1846 3896,1840 3986,1840 4076,1834 4165,1834 4255,1834 4344,1834"/>
                <TextEquiv>
                    <Unicode>deuten als eineciaphische Spielerei. Auf andere</Unicode>
                </TextEquiv>
            </TextLine>
            <TextLine id="tr_1_tl_13" custom="readingOrder {index:12;}">
                <Coords points="790,1902 2096,1898 2194,1877 2196,1830 790,1879"/>
                <Baseline points="800,1900 854,1900 944,1900 1033,1894 1123,1894 1213,1888 1302,1888 1392,1888 1482,1888 1571,1882 1661,1882 1751,1882 1840,1882 1930,1882 2020,1882 2109,1882 2199,1876"/>
                <TextEquiv>
                    <Unicode>ALLE RECHTE VORBEHALTEN / CoPYRIGHT 192/2 BY</Unicode>
                </TextEquiv>
            </TextLine>
            <TextLine id="tr_1_tl_14" custom="readingOrder {index:13;}">
                <Coords points="2840,1970 4074,1953 4342,1927 4343,1885 2842,1917"/>
                <Baseline points="2850,1966 2910,1954 3000,1948 3089,1948 3179,1948 3269,1942 3358,1942 3448,1942 3538,1942 3627,1936 3717,1930 3807,1930 3896,1930 3986,1930 4076,1924 4165,1924 4255,1918 4344,1924"/>
                <TextEquiv>
                    <Unicode>aber wird er vielleicht anregend, ja in gewissem</Unicode>
                </TextEquiv>
            </TextLine>
            <TextLine id="tr_1_tl_15" custom="readingOrder {index:14;}">
                <Coords points="1005,1986 1927,1974 1963,1961 1963,1923 1752,1925 1697,1953 1666,1928 1615,1951 1355,1923 1005,1948"/>
                <Baseline points="1016,1984 1069,1978 1159,1978 1249,1978 1338,1978 1428,1972 1518,1972 1607,1972 1697,1972 1787,1966 1876,1966 1966,1960"/>
                <TextEquiv>
                    <Unicode>S. FISCHER VERLAG A.-G., BERLIN</Unicode>
                </TextEquiv>
            </TextLine>
            <TextLine id="tr_1_tl_16" custom="readingOrder {index:15;}">
                <Coords points="2840,2058 4334,2008 4180,1946 2945,2012 2842,1982"/>
                <Baseline points="2850,2049 2904,2049 2994,2044 3083,2038 3173,2038 3263,2038 3352,2032 3442,2032 3532,2026 3621,2026 3711,2026 3801,2020 3890,2020 3980,2014 4070,2014 4159,2014 4249,2008 4339,2008"/>
                <TextEquiv>
                    <Unicode>Sinn beruhigend wirken durch Aufklärung schein¬</Unicode>
                </TextEquiv>
            </TextLine>
            <TextLine id="tr_1_tl_17" custom="readingOrder {index:16;}">
                <Coords points="2846,2141 4292,2111 4357,2100 4359,2050 2846,2075"/>
                <Baseline points="2856,2133 2928,2133 3018,2127 3107,2127 3197,2127 3287,2127 3376,2121 3466,2121 3556,2115 3645,2115 3735,2109 3825,2109 3914,2109 4004,2103 4093,2097 4183,2097 4273,2097 4362,2103"/>
                <TextEquiv>
                    <Unicode>barer Widersprüche, die uns immer wieder bei</Unicode>
                </TextEquiv>
            </TextLine>
            <TextLine id="tr_1_tl_18" custom="readingOrder {index:17;}">
                <Coords points="2846,2231 4058,2223 4300,2198 4322,2156 4248,2118 4210,2151 2846,2177"/>
                <Baseline points="2856,2223 2892,2223 2982,2223 3071,2217 3161,2217 3251,2217 3340,2211 3430,2211 3520,2205 3609,2205 3699,2199 3789,2199 3878,2193 3968,2193 4058,2193 4147,2187 4237,2187 4327,2181"/>
                <TextEquiv>
                    <Unicode>der Betrachtung und in der Beurteilung von In¬</Unicode>
                </TextEquiv>
            </TextLine>
            <TextLine id="tr_1_tl_19" custom="readingOrder {index:18;}">
                <Coords points="2846,2324 4332,2290 4351,2240 2848,2263"/>
                <Baseline points="2856,2312 2922,2312 3012,2306 3101,2306 3191,2306 3281,2300 3370,2300 3460,2295 3550,2295 3639,2295 3729,2289 3819,2289 3908,2283 3998,2283 4088,2277 4177,2277 4267,2277 4356,2277"/>
                <TextEquiv>
                    <Unicode>dividuen zu verwirren pflegen, als welche diese</Unicode>
                </TextEquiv>
            </TextLine>
            <TextLine id="tr_1_tl_20" custom="readingOrder {index:19;}">
                <Coords points="2846,2404 2985,2432 4334,2362 4241,2303 4138,2339 3386,2318 3217,2369 2848,2337"/>
                <Baseline points="2856,2402 2904,2402 2994,2402 3083,2396 3173,2396 3263,2396 3352,2384 3442,2384 3532,2384 3621,2378 3711,2384 3801,2378 3890,2372 3980,2372 4070,2372 4159,2366 4249,2366 4339,2360"/>
                <TextEquiv>
                    <Unicode>Urtypen in der Welt der Erscheinungen aufzu¬</Unicode>
                </TextEquiv>
            </TextLine>
            <TextLine id="tr_1_tl_21" custom="readingOrder {index:20;}">
                <Coords points="2846,2493 3063,2493 3093,2516 3129,2493 3226,2487 3281,2512 3346,2480 3405,2512 3431,2485 3509,2483 3511,2434 3450,2402 3422,2430 3390,2415 3342,2455 3317,2432 3249,2445 3209,2426 3070,2462 3036,2442 2846,2459"/>
                <Baseline points="2856,2492 2886,2492 2976,2486 3066,2486 3155,2486 3245,2480 3334,2480 3424,2474 3514,2480"/>
                <TextEquiv>
                    <Unicode>treten genötigt sind.</Unicode>
                </TextEquiv>
            </TextLine>
            <TextLine id="tr_1_tl_22" custom="readingOrder {index:21;}">
                <Coords points="2918,2588 3808,2584 4302,2552 4347,2502 2920,2516"/>
                <Baseline points="2928,2575 3006,2575 3095,2575 3185,2569 3275,2569 3364,2563 3454,2563 3544,2563 3633,2557 3723,2552 3813,2552 3902,2552 3992,2546 4082,2546 4171,2540 4261,2540 4350,2534"/>
                <TextEquiv>
                    <Unicode>Die erläuternden Bemerkungen zu diesen Dia¬</Unicode>
                </TextEquiv>
            </TextLine>
            <TextLine id="tr_1_tl_23" custom="readingOrder {index:22;}">
                <Coords points="2856,2694 4273,2660 4359,2630 4359,2576 2858,2632"/>
                <Baseline points="2868,2683 2928,2671 3018,2665 3107,2665 3197,2659 3287,2659 3376,2653 3466,2653 3556,2647 3645,2647 3735,2647 3825,2641 3914,2641 4004,2641 4093,2635 4183,2635 4273,2635 4362,2629"/>
                <TextEquiv>
                    <Unicode>grammen erheben auf Vollständigkeit oder gar</Unicode>
                </TextEquiv>
            </TextLine>
            <TextLine id="tr_1_tl_24" custom="readingOrder {index:23;}">
                <Coords points="2858,2766 3276,2780 3646,2738 3802,2766 4007,2717 3933,2666 3756,2700 3690,2671 3646,2711 3450,2677 3262,2711 2964,2692 2860,2725"/>
                <Baseline points="2868,2761 2934,2755 3024,2761 3113,2755 3203,2755 3293,2755 3382,2749 3472,2743 3562,2743 3651,2737 3741,2737 3831,2737 3920,2731 4010,2731"/>
                <TextEquiv>
                    <Unicode>auf Endgültigkeit keinen Anspruch.</Unicode>
                </TextEquiv>
            </TextLine>
        </TextRegion>
    </Page>
</PcGts>
