6728 4520
6044 745 6229 929 46
4084 917 6479 1102 staatsmännisch, rhetorisch u. s. w. (Man merkt)
4239 1034 5210 1150 nicht zum erten h
4063 1084 6452 1224 mie hier gleiche x Bezeichnungen gebrach
4036 1212 4233 1320 at
4063 1192 6238 1442 werden, wie wir sie schon zum Teil auch für die
4093 1334 6395 1549 Typen von Geistesverfassungen angewendet ha-
4096 1534 6395 1707 ben. Dass wir für irgend eine spezifische Re-
4099 1641 6410 1924 gabung und für eine bestimmte Geistesverfas-
4084 1835 6321 2064 sung häufig das gleiche Wort haben, gibt zu
4087 2014 6401 2204 Fehlurteilen, zu falschen Diagnosen käufig ge-
4099 2130 6264 2365 nug Anlass. Aber dichterische Geistesver-
4084 2314 6395 2463 fassung und dichterische Begabung, journalis-
4096 2434 6229 2600 tische Geistesverfassung, journalistische
4394 2594 4620 2693 d. S. V
4087 2589 6339 2797 Begabung sind keineswegs dasselbe und gera¬
4096 2758 6419 2949 deso wie Geistesverfassungen und Berufsarten
4096 2928 6392 3092 müssen auch Geistesverfassungen und Begabun-
4093 3095 6285 3265 gen, auch wo gleiche Bezeichnung für beide
4096 3211 6360 3443 angewendet wird,streng unterschieden werden.
4563 3384 6291 3569 Die spezifischen Begabungen sind
4099 3574 6312 3732 wohl durchaus „angeboren“, müssen aber kei-
4102 3667 6336 3846 neswegs in jedem Falle zur Entwicklung, ja
4096 3837 6419 4078 nicht einmal zur Erscheinung kommen. Heussere
