6680 4232
641 567 3012 794 Andererseits spielen wieder die Vertreter der
644 684 2868 899 negativen Seite sich auf die der positiven
644 865 2748 1018 hinaus. Während das erstere tragisch und
1132 1012 1460 1117 Schaft.
663 1000 2929 1285 grossartig sein kann, wirkt das andere immer
650 1239 1104 1362 komisch.
644 1276 2960 1482 Ein Tropfen höllischen Geistes ist zur wirk-
2506 1393 3215 1577 diin Gatt des hee¬
656 1463 2853 1660 lichen Existenz überhaupt unerlässlich- und
656 1620 2945 1887 wird zur Tragik, zur bewussten oder unbewuss-
666 1853 880 1975 ten.
1859 1890 2092 2018 daere
644 1862 2933 2150 Manche Wortführer der positiven Seite gehen
1325 2077 1693 2181 vomter, weg
656 2067 2929 2245 zeitlebens verhüllt einher,sie brauchen den
650 2258 2969 2518 Anlass, den grossen Moment, um sich als das zu
656 2439 1718 2577 zeigen, was sie sindl
644 2482 3104 2736 Manche Staatsmänner müssen ihr Lebelang als Po¬
1393 2702 1601 2794 Land
660 2718 1908 2871 litiker herumlaufen etc.
663 2791 2874 3135 Manche spielen die Rolle auch aus Ekel, aus
663 3077 1095 3270 Mimikrij.
1242 3120 1482 3279 solle
656 3141 3049 3423 Die auf der positiven Seite sind stets bereit
656 3313 2917 3488 sich zu opfern (auch unbewusst).Die auf der
656 3466 3120 3745 anderen Seite sind immer bereit andere für sich
656 3690 1206 3825 zu opfern.
3828 494 6172 696 Andererseits vermag ein grosses Schicksal so¬
3828 653 6055 850 wohl ein allgemeines als ein besonderes, für
3822 798 5997 1015 Augenblicke oder Stunden einen Wortführer
3828 945 6104 1166 von der negativen Seite in seinen positiven
3828 1110 6129 1347 Gegenpart zu verwandeln. (Die Erstlingswerke
3837 1267 6068 1469 von Literaten,die als Dichterwerke wirken).
4727 1402 5064 1485 wir kann
3816 1402 6236 1610 Mancher Historiker führt das Leben eines Jour-
4460 1552 6037 1696 dann es aber ihnen ich hände
3813 1589 4334 1791 nalisten.
4506 1660 5454 1779 ein; -
3822 1733 6104 1914 Historiker ist, wer auch die Gegenwart schon
3822 1871 6141 2067 als Geschichte empfindet, aber das Vergangene
4000 2006 4571 2114 n'écuret si que
3816 2077 5623 2270 als Gegenwart zu empfinden vermag.
3810 2193 6037 2414 Der Journalist hingegen sieht auch in der
3810 2393 6077 2564 Geschichte alles nur mit Rücksicht auf die
3810 2555 6110 2709 Gegenwart, alles Vergangene bekommt erst für
3813 2669 6114 2862 ihn einen Sinn dadurch, dass es aktuell wird.
3791 2810 5997 3018 Es muss irgendwie ausnützbar sein wäre es
3798 2972 5046 3218 auch nur zu Parallelen.
