6856 4328
5909 425 6193 589 43 b
3994 611 6303 747 Der Historiker als Typus, wie er hier gemeint
3994 747 6262 939 ist, muss sich keineswegs vorwiegend mit der
4007 891 6262 1099 Vergangenheit beschäftigen.Es gibt auch Hi-
3988 1065 6206 1254 storiker der Gegenwart. Es kommt nur darauf
3982 1188 5746 1418 an,dass er die Kontinuität spürt.)
3988 1345 6350 1537 Es ist belanglos,ob er sich für Renaissance
4013 1518 6426 1736 oder die Revolution oder für das moderne Frank-
3988 1651 5601 1824 raich vorwiegend interessiert.
3988 1843 6341 2016 Unter den Berufsjournalisten gibt es gar man-
3645 1931 3928 2142 Mr le
4013 1984 6332 2151 chen, der auf die positive Seite unter die Hi-
3994 2151 6183 2322 storiker gehört,wie es andererseits unter
3988 2296 6350 2492 den Historikern von Beruf manche Journalisten
4016 2454 4958 2624 Tagschreiber gibt.
3915 2517 6322 2826 Auch unter den Schriftstellern, die für Dich-
5509 2706 5957 2813 der tyme
4013 2766 6322 2961 ter gelten, gibt es manche, die eigentlich Hi-
4974 2879 6426 3118 Es u Wilmt aor ditler
3994 2885 4779 3093 storiker sind.)
4977 3018 5557 3267 Regihs
4026 3789 5673 3969 mente,um sich selbst zu xxx
4038 3783 6577 4048 nichts vom Zusammenhang, sondern nur vom Bezug. x
