6835 4408
6276 394 6447 598 23
4228 595 6378 854 Von all den Typen ist es der Staatsmann
4256 783 6337 984 auf der positiven, der Politiker auf der
4303 934 6485 1122 negativen Seite,die wir in einem Diogramm,
4267 1119 6400 1279 „Der Geist in der Tat" wiederfinden müss-
4256 1196 6430 1392 ten. Sie würden dort in der Nähe des Feld
4261 1411 6361 1588 herrn resp. der des Condottiere stehen.
4322 1654 6326 1888 Defisitionen beinahe unmöglich,man wird
4272 1871 6450 2023 die Bedeutung der Typen und ihr Wesen füh-
4264 2034 6306 2238 len,eventuell schon durch die Position,
4272 2183 6000 2373 die dem Einzelnen angewiesen ist.
4267 2387 6381 2632 Historiker im weitesten Sinn gemeint als
4261 2624 6480 2811 Geschichtsfühler,als Wisser von den Zusam-
4272 2809 4807 2974 menhängen.
4314 2902 6364 3095 Aktualität, der Götze, zu dem der Journa-
4256 3123 4879 3332 list betet.
4303 3363 6452 3613 Der Mensch (positiver Typus) einsam, aber
4264 3597 4914 3754 eingeordnet.
