6872 4376
5915 446 6087 687 47
3906 690 6105 1037 Dem Literatenal ist die Welt (nicht a priori
3926 818 6230 1174 Stoff. Er ist vielmehr auf Stoffe aus.Er be-
4220 949 4538 1095 for us to
3941 1016 6154 1322 trachtet sich seine eigenen Erlebnisse da-
3725 984 3897 1124 not
4392 1197 5097 1372 „Sebenbstifle. Hier
3952 1212 6035 1482 raufhin wie er sie etwa  zu Gunsten
3961 1316 5825 1637 seiner Produktion verwenden könnte.
3967 1494 6172 1785 Sei ne Erlebnisse sind ihm bewusst oder-un-
3981 1701 5333 1983 bewusst Mittel zum Zweck.
4503 1782 6207 2062 Er ist unfähig irgend einen Men-
4016 1899 6291 2269 schen, demand einer Sachen, irgend einem Er-
4040 2117 6247 2412 eignis betrachtend wahrhaft reinen Herzens
3649 2176 3938 2391 P.S.
4048 2380 4969 2610 gegenüberzus tehen
4051 2449 5924 2752 Es gibt Literaten sehr hohen Rangs.
4051 2560 6352 2924 Sie allein unter den negativen Typen können
4101 2741 6218 3046 tragisch (wirken, da sie die bewusstesten
4177 3041 6521 3341 Sie sind aber zugleich die unmenschlichsten.
4107 3076 4407 3221 sind.
4124 3160 6402 3518 Sie wirken zuweilen dähonisch,sind aber im-
4296 3306 4637 3408 duker we
4142 3469 5481 3670 mer nur satanisch. Seelen
4139 3504 6440 3833 Die Tr Typ Literat findet sich keine wegs nur
