6824 4248
5953 185 6114 319 e
4001 240 5106 487 F.TrubyKing
5459 504 5994 707 oft. Aepéres
4244 631 6008 916 Der Priester wird sich als Pfaffe
5161 762 5541 882 evende
3792 717 6152 1091 göhähren müssen,um von den Cläubigenverstan-
3840 789 4289 961 gebärden
3792 961 6063 1208 den zu werden. Der Staatsmann kann auf die
5051 1050 5775 1198 nur ull. „bibev.
3792 1057 6180 1335 Mittel des Politikers nicht immer verzichten,
5638 1211 5843 1300 I n a
3812 1187 6238 1493 wenn er sein Ziel erreichen will. Der Philosoph
4272 1300 4522 1414 wynet
5390 1348 6111 1486 Auf Wohofe
3809 1383 6265 1702 behilft sich zuweilen mit dem Rühmung des So-
4841 1541 5274 1678 Sünge Hove
3833 1585 6224 1836 phisten, um seine Schüler auf einem bequemeren
3829 1692 6434 1997 Weg zur Wahrheit hinzuleiten oder zu dem,was er
5291 1843 5651 1932 in cut of
3836 1863 6341 2162 dafür hält. Der Dichter kann (oft nicht umhin zu
4039 1901 4636 2011 o r ou il a un
3836 2042 6252 2268 Literatenmittel seine Zuflucht zu nehmen,
3857 2182 6245 2409 um überhaupt den Weg zur Oeffentlichkeit und
3867 2309 6331 2577 zu den Mittlern zwischen ihm und ihr zu finden,
4196 2426 6458 2656 und d. Echs. in der Eile gefunden, das ihn zu
5699 2491 6135 2652 lag hierl.
3623 2580 6386 2879 ret weil x de (d. Kielenker bedeut uit junctid Twee
3575 2546 4121 2790 de Voren
4492 2728 6018 2923 in us them.
3654 2838 4093 3006 Wicher
4107 3054 5442 3260 (durchhältig vermeiden.)
4076 3112 6159 3428 der Kostenke wird bestimmt in der Haarstellung
4142 3263 6204 3534 sens (tage het darauf mit rots entil¬
5246 3424 5476 3531 will
4148 3448 6163 3671 in des Blick Ernte, wo die Geheimen
4176 3555 6001 3761 de Zusammenhärge. In kleve Ausdrei,
4365 3737 4701 3960 Croy
