6776 4488
5983 700 6157 935 58
4529 858 6301 1129 Die Bezeichnung Pilettantismus ge
3993 1072 6194 1303 hört/zu den jenigen, mit denen der Sprachge
4010 1216 6328 1444 brauch am willkürlisten zu verfahren pflegt.
4027 1370 6187 1578 Bald bezeichnet man als vilettanten einen
4040 1531 6301 1722 Künstler von einergewissen äristokratischen
5437 1668 6040 1789 spielerisch
4037 1708 6285 1896 inneren Lebenshaltung,einen
4040 1829 6234 2023 legten Geist, dem es weniger auf die Vollen-
4040 1987 6047 2178 dung eines Werkes ankommt, als auf die
4047 2167 6368 2328 Schaffens- oder Spielfreude an sich. Manchmal
4030 2288 6278 2499 wie der nennt man so irgend ein mäs-
4040 2459 6352 2643 dig begabtes Individuum,das sich an Aufgaben
4033 2610 6248 2804 heranwagt, denen es nicht gewachsen ist und
4033 2774 6167 2978 das durch seine unbegründeten Ambitionen
4050 2931 5893 3146 kläglich oder lächerlich erscheint.
4469 3116 6362 3310 per pilettantismus als Seelenzustand
3668 3226 6362 3518 haben hat mit dem Grad der Begabung nichts zu tun.
4522 3417 6368 3595 literaten sind dilettantischen See-
4070 3497 6398 3695 lenzuständen weniger unterworfen müssen sich
4057 3688 4288 3809 auch
4060 3685 6405 3886 mehr vor ihnen hüten) als Dichter.Es gibt eine
4047 3822 6422 4094 Art von pilettantismus, für den als richtigere
