6898 4376
4154 608 6251 818 Der Unmensch (Typus der negativen Seite)
4163 775 6418 985 hat im wahren Sinne des Worts keine Zeit, er
4163 934 6229 1092 hat nur Raum, er könnte mit der Zeit gar
4180 1090 6413 1268 nichts anfangen, denn nur für denjenigen hat
4177 1214 6325 1407 Zeit sinn,für den sie niemals aufhört, für
4180 1412 6413 1602 den also der eigene Tod kein Ende bedeutet.
4599 1551 6495 1704 Dies ist ein anderer Unsterblichkeits-
4180 1709 6410 1888 glaube als der der Religion,es ist ein Kon-
4186 1873 6376 2029 tinuitätsglaube,besser ein Kontinuitätsbe-
4174 2018 4749 2250 wusstsein.
4160 2281 5869 2522 (Ungeduld ist ein Seelenzustand.)
4205 2451 6314 2621 Seelenzustände sind absolut nicht zu ver
4186 2632 6351 2768 wechseln mit den Geistesverfassungen.doch
4205 2722 6424 2972 es existieren dauernde,nahezu gesetzmässige
4214 2889 6430 3079 Beziehungen zwischen ihnen. Wir werden z.B.
4200 3068 6472 3226 den Dilettantismus häufiger und in stärkerer
4208 3218 6305 3399 Ausbildung auf der negativen als auf derer
4222 3393 5428 3566 positiven Seite finden.
4205 3549 6376 3721 Gewisse Seelenzustände prädisponieren für
4222 3685 5680 3874 gewisse Geistesverfassung. —
4517 3823 6517 3951 Wwe Willensch- ist de Knulter an der Geist
4432 3891 6164 4030 auphon. helen sti...; buti uit deur du même, ein
