6792 4616
4113 834 6367 1025 noch weniger als in dem Diogramm -Der Geist
4133 1033 6322 1210 im Wort" besteht eine äussere oder innere
4102 1151 6314 1338 Notwendigkeit, dass der individuelle Reprä-
4113 1319 6087 1456 sentant eines bestimmten Geistestypus
4110 1456 6227 1638 auch wirklich den Beruf ergreift, der mit
4105 1599 6196 1772 dem analogen Wort bezeichnet wird.
4483 1890 6261 2061 Folgendes sind die Typen innehalb
4068 2075 6020 2240 des Diogramms.Der Geist in der Tat“.
4497 2215 6154 2419 Im positiven Dreieck steigt auf
5141 2346 5449 2458 li nken
4057 2414 6210 2534 der einen (zufällig) rehten Seite die Li¬
4068 2534 6090 2722 nie auf vom Seefahrer (Entdecker) über
4068 2699 6297 2864 den Feldherrn (Führer,Organisator,Eroberer)
4063 2859 4665 3010 zum Helden.
4516 2974 6199 3136 Auf der anderen (zufällig) sech-
4116 3133 6258 3301 ten Seite vom Brückenbauer (Mathematiker)
4094 3321 6292 3520 über den Nat urforscher (Heilkünstler, aaa)
5320 3408 6384 3562 theariker, Thyside
4080 3464 5062 3648 wieder zum Helden.
4494 3592 6180 3791 Und ebenso wie im Diogramm JDer
4049 3744 6168 3982 Geist im Wort" finden wir auch hier
