6760 4616
5976 867 6136 1013 67
3951 1055 6139 1232 das ei xxx Diogramm zuweilen wie eine Bestä-
3951 1224 6076 1426 tigung oder Rechtfertigung des andern zu
3951 1366 4752 1529 wirken scheint.
4319 1426 6161 1626 Man sieht vor allem, dass ebenso wie
3956 1589 6059 1800 im Diogramm.Der Geist im Wort für die eine
3985 1806 6096 1934 (zufällig) linke Seite der Glaube,die In-
5836 1888 6159 1988 Seveling
5055 1894 5351 2000 un de
3968 1985 6170 2122 tuition, Ueberbeugung einer eigenen Mission
3968 2062 4784 2174 Charakieristick u
3948 2128 6053 2273 als bedeutungsvoll erscheint, für die an-
3985 2268 6036 2396 iere, (zufällig) rechte Seite das Wissen,
5035 2362 6330 2470 franz nach und Pauline, in
3936 2365 6096 2547 die Forschung,die Erkenntnis seÿ, die Tatsa-
4307 2527 4547 2630 dat
3956 2590 6121 2736 chen, Gleiches auch für das Diogramm „Der
3942 2730 5351 2898 Geist in der Tat' zutrifft.
4313 2787 6101 2978 Geradeso die Priester, und Staats-
5072 2935 5674 3041 in der Glarben
3936 2975 6190 3163 mann der Intuition notwendiger bedürfen, als
3962 3126 6176 3297 Philosoph und Historiker,während diese wie-
3951 3283 6204 3443 der auf ein möglichst hohes Mass von Kennt
3942 3417 6067 3623 nissen angewiesen sind, um den Sinn ihrer
3948 3571 6238 3845 Geistesverfassung zu erfüllen.
4367 3723 6133 3879 ebenso wird der Seefahrer/und der
4438 3859 4652 3956 Fuhre
3928 3868 6216 4088 Feldherr seiner inneren Berufung, vielleicht
