6840 4328
5973 677 6236 853 36 c.
4005 779 6069 1035 ner Politiker ist vor allem Parteimann.
3980 946 6288 1193 Wie der Pfaffe zu Gunsten, der Kirche wirkt,
3974 1072 6393 1344 weil die Vergrösserung ihrer Macht zu gleicher
3980 1202 6294 1471 Zeit eine Vergrösserung der seinen bedeutet,
3974 1400 6195 1656 so fördert der Politiker auch die Interes-
3961 1579 6273 1808 sen seiner Partei, vor allem,wenn auch manch-
3958 1724 6233 1990 mal kaum bewusst,aus egoistischen Rücksich-
3961 1826 4184 2033 ten.
4014 1999 6498 2268 Auch für den Politiker, wie für de Pfaffen
3554 1971 3906 2259 Lep¬
4688 2154 5228 2268 at the
3878 2151 6331 2410 heiligt der Zweck die Mittel. (Eines der lügen
6063 2203 6350 2302 ournt
4131 2302 4360 2392 Cherty
4836 2314 5383 2435 - de est
3930 2358 6304 2571 haftesten worte,so—recht für für den Pfaffen,
3915 2444 6288 2713 den Politiker, den Sophisten, den Journalisten.
3909 2626 5142 2852 den Literaten gemacht.
5469 2762 5621 2898 nide
3909 2784 6251 3068 Auf der positiven Seite gilt das Wort: Mit-
3915 2936 5340 3149 tel entheiligen den Zweck.
3884 3068 6149 3353 Eine gewisse höhere Art-von Politikern mag
5321 3266 5775 3402 a été Partei...
3934 3254 5497 3433 sogar über der Partei stehen.
4357 3387 5092 3498 - seirteverfen.
3872 3390 6291 3637 Ein Politiker ist auch wer die Interessen der
3878 3557 6288 3850 Menschheit den Interessen seines Staates auf-
3890 3717 4280 3949 opfert.
