6776 4280
5989 367 6140 614 31
4252 438 4795 648 is to w
3663 367 4040 672 (pubi)
3919 537 6300 789 Auf der einen (hier linken Seite des Dreiecks,
5064 709 5446 811 F. R.
3849 759 6192 947 das Gebiet des Glaubens, auf der andern Seite
3867 885 5434 1113 das des Wissens. Trösting.
4940 956 5686 1135 Er gebart zu lassen.
5477 999 5748 1101 gebue.
3919 1085 6164 1264 Nicht nur der Priester,auch der Staatsmann
4431 1184 4829 1295 un a Béry
3867 1156 6205 1437 muss von seiner Mission durchdrungen sein.Er
3886 1351 6251 1545 muss seine Berufung spüren. Der Philosoph und
3876 1511 6309 1718 Historiker dagegen ist vor allem auf Tatsachen
3876 1665 6263 1878 angewi esen, (die Fül.das System, die Beziehung
3886 1844 6251 2011 der Tatsachen, ihre Einordnung ist das Wesent-
3889 1949 6337 2193 liche für ihn. Daher ist auch Philosoph und Hi-
3876 2156 6356 2341 storiker eher Zweifeln unterworfen als Priester
3889 2294 4866 2510 und Statsmann. »
3960 2387 6180 2630 Den Philosophon und den Historiker fördern
3916 2612 6155 2760 Zweifel, den Priester, den Staatsmann können
3904 2735 5582 2951 sie ichten. (gefehls d.) -
3963 2893 6377 3115 Wohl ist Philosoph und Historiker,niemals aber
5455 3019 5908 3121 myst Servt
3969 3074 6393 3272 Priester und Staatsmann ohne Mystik zu denken.
4086 3269 6294 3556 And he is freiulins shept. N.  glaib habe
4203 3506 6235 3676 drei shent... jahr i d Seelurpich
4256 3651 5924 3821 woml. späté wt jezt von
4801 3762 5955 4012 Frschings-Julietar
