6872 4248
5733 479 5919 656 18
3826 717 6276 891 Auf die definition der Typen verzichte ich vor-
3820 885 5416 1074 läufig, denn jede wäre ungenau.
3826 1108 6188 1358 Dass der Priester auf der positiven, der Pfaf-
3838 1272 6225 1492 fe auf der negativen Seite steht,bedarf keiner
3832 1455 6063 1626 Erklärung. Hier deckt sich Sprachgeist und
3832 1623 5022 1825 allgemeine Empfindung.
3835 1904 6160 2093 Der Priester im Ursinn ist spender der gött-
3848 2066 6148 2234 lichen Gnadenmittel. Die Vieldeutigkeit er-
3851 2172 6130 2401 gibt sich hier von selbst. Nicht jeder wirk¬
3854 2313 6038 2536 liche Priester wird/sich dafür halten). Der
3842 2529 6109 2685 Priester kann ebenso gut ein Zweifler sein,
3845 2679 6157 2880 wie der Philosoph ein Glaubender, Glaube und
3866 2816 6164 3012 zweifel gehören auch zu den Seelenzuständen,
3860 2932 5572 3143 nicht zu den Geistsverfassungen.
3866 3128 6194 3326 Die Bezeichnung Pfaffe bekam sehr bald schon
3906 3292 6002 3485 bei Luther einen verächtlichen Beisinn.
4549 3399 6102 3625 [illegible] must alle, a i S.H
5270 3576 6017 3817 Statt, S. R.
4440 3613 4922 3793 to slaats.
4534 3744 4824 3921 "The
