6696 4424
3687 544 4505 792 diagnodiciren
3868 601 6273 900 kennen vermögen, und zu entscheiden wir son; ob
3833 773 6369 1040 man xxx geborenen Dichter, den schorenen Priester
3894 970 6324 1187 dam geborenen Histeriker u.s.w.gegenübersteht.
4352 1104 6219 1307 Wer aber als Repräsenamt des Typus
3872 1241 6213 1543 P faffe geboren ist, kann niemals zum Priester
3846 1435 6353 1664 werden, auch wenn er den Beruf des Priesters er-
3827 1607 6385 1769 wählt ###.Kein Politiker, auch auf dem Gipfel äu¬
3846 1724 6264 1995 serer Macht, vermag sich jemals zum Staatsmann
5278 1813 6448 1982 aust un des glävzeadsle
3852 1915 6232 2116 zu entwickeln, kein Literat als so glänzender
4501 2061 4750 2173 aber
3843 2049 6385 2256 Schriftsteller er auch auftreten möge, ist jemals
3865 2176 6321 2415 zum Dichter geworden. Dass auch der Sophist vom
6041 2256 6452 2411 Cantiundert
5004 2332 5469 2446 (Achicht)
3862 2329 6366 2551 Philosophon, der Journalist, vom Histociker,
3868 2516 6118 2707 wie gleich hier autreffender gesagt werden
3878 2691 6232 2879 soll, der Aktualist von Kontinualisten durch
3875 2790 6277 3016 Welten“, d,h.durch die unüberschreitbare Linie
3894 2943 6258 3169 von einander getrennt sind, leuchtet ohne wei-
3887 3159 4361 3363 ters ein
4390 3200 6375 3458 Ist aber auch die ideealle Grenzlinie
1231 3340 1616 3553 G.C.H.P.
3922 3378 6467 3649 unüberschreitbar,die tiefe, und doch trügerische,
1212 3496 1537 3697 G.C.H.F.P.
3942 3573 5093 3824 nicht seiten tragische
