6728 4504
5715 733 5900 906 33
3813 894 4687 1112 e in Testüms tück.
4767 874 5366 1136 Culil Deut
3911 1052 4660 1175 in mehren sicht
3795 1023 6094 1330 Historisch xxx er empfindet nur der, der fähig
5247 1151 6123 1270 ein Gegenwärtiges
4758 1204 4928 1297 out
3822 1225 6126 1413 ist das Vergagene durchaus als Gagemerk zu
3822 1345 6195 1586 erleben, in dem Sinn, dass er auch das Ende ei-
5602 1467 5861 1574 Yours
3834 1473 6043 1753 nes ihm theoretisch bekannten Ereignisses
3828 1670 6058 1875 während er sich mit dessen Entwicklung be-
3834 1836 6129 2051 schäftigt, als etwas vorläufig Ungewisses zu
3852 1986 6106 2212 empfinden vermag, ja es eigentlich gar nicht
3834 2161 5056 2364 anders empfinden kann.
3855 2278 6201 2504 Wenn aber dor Historiker als Urtypus im
4785 2382 6219 2528 den Geschichtsprüter breitet.
3855 2465 6156 2644 Diogram nicht a peider xxx Forschen ist,-
3855 2603 6249 2787 die Geistesterfassung als solche wird naturge-
3864 2761 6237 2960 mäss zum Beruf des Histor!kers disponie-
3879 2945 4129 3154 ren.
3896 3062 6129 3256 Interesse für Zusammenhänge, Empfindung für
3885 3193 6213 3440 Kontinuität ist überhaupt ein Charakteristi-
3891 3381 6243 3601 kon der positiven Typen.Be im Historiker (Kon-
3902 3536 6106 3727 tinualist) wird es zum Drange, ja zur Lei-
3894 3682 6273 3914 denschaft, die Zusammenhänge im engeren und im
3902 3807 6135 4099 weiteren Sinne zu entdecken, den Ablauf der
