<?xml version="1.0" encoding="UTF-8" standalone="yes"?>
<PcGts xmlns="http://schema.primaresearch.org/PAGE/gts/pagecontent/2013-07-15" xmlns:xsi="http://www.w3.org/2001/XMLSchema-instance" xsi:schemaLocation="http://schema.primaresearch.org/PAGE/gts/pagecontent/2013-07-15 http://schema.primaresearch.org/PAGE/gts/pagecontent/2013-07-15/pagecontent.xsd">
    <Metadata>
        <Creator>prov=READ-COOP:name=TrHtr:version=2.1.0:model_id=51170:date=28_07_2023_08:52</Creator>
        <Created>2023-05-10T11:17:24.825+02:00</Created>
        <LastChange>2023-07-28T08:52:03.852+02:00</LastChange>
        <TranskribusMetadata docId="1428141" pageId="55385894" pageNr="157" tsid="131327190" status="IN_PROGRESS" userId="64420" imgUrl="https://files.transkribus.eu/Get?id=LDNPFQSBLINUCWJVOMUTTGWG&amp;fileType=view" xmlUrl="https://files.transkribus.eu/Get?id=OWPEWLNUISJTXTKPJJVGCJHZ" imageId="44660793"/>
    </Metadata>
    <Page imageFilename="1428141_0157.jpg" imageWidth="6872" imageHeight="4392">
        <ReadingOrder>
            <OrderedGroup id="ro_1711822946451" caption="Regions reading order">
                <RegionRefIndexed index="0" regionRef="tr_1"/>
            </OrderedGroup>
        </ReadingOrder>
        <TextRegion id="tr_1" custom="readingOrder {index:0;}">
            <Coords points="3711,391 6582,391 6582,4097 3711,4097"/>
            <TextLine id="tr_1_tl_1" custom="readingOrder {index:0;}">
                <Coords points="5630,457 5651,454 5669,472 5692,472 5731,498 5752,490 5788,501 5806,346 5773,346 5761,331 5737,334 5731,325 5716,334 5683,313 5648,307"/>
                <Baseline points="5645,459 5710,453 5800,441"/>
                <TextEquiv>
                    <Unicode>27</Unicode>
                </TextEquiv>
            </TextLine>
            <TextLine id="tr_1_tl_2" custom="readingOrder {index:1;}">
                <Coords points="6397,436 6415,436 6424,445 6457,439 6501,472 6537,451 6552,466 6576,460 6576,343 6555,343 6543,352 6495,310 6471,319 6397,307"/>
                <Baseline points="6414,441 6504,447 6582,441"/>
                <TextEquiv>
                    <Unicode>3</Unicode>
                </TextEquiv>
            </TextLine>
            <TextLine id="tr_1_tl_3" custom="readingOrder {index:2;}">
                <Coords points="3952,630 3982,630 4021,600 4092,615 4128,594 4167,624 4221,594 4292,627 4307,436 4269,430 4221,394 4179,406 4134,382 4039,379 4015,400 4006,388 3970,403"/>
                <Baseline points="3974,560 4033,554 4123,549 4212,537 4302,537"/>
                <TextEquiv>
                    <Unicode>on lasse</Unicode>
                </TextEquiv>
            </TextLine>
            <TextLine id="tr_1_tl_4" custom="readingOrder {index:3;}">
                <Coords points="3695,836 5552,657 5904,696 5922,534 4800,522 4364,690 3704,752"/>
                <Baseline points="3711,829 3777,823 3866,811 3956,799 4045,793 4135,781 4224,775 4314,763 4403,751 4493,739 4582,733 4672,722 4761,716 4851,704 4941,698 5030,686 5120,674 5209,662 5299,650 5388,638 5478,632 5567,620 5657,614 5746,608 5836,596 5925,590"/>
                <TextEquiv>
                    <Unicode>Insbesondere bei bestimmten Arten von Bega-</Unicode>
                </TextEquiv>
            </TextLine>
            <TextLine id="tr_1_tl_5" custom="readingOrder {index:4;}">
                <Coords points="3704,1069 4728,875 5833,851 5973,800 5985,681 3725,872"/>
                <Baseline points="3729,978 3747,978 3837,972 3926,966 4016,948 4105,936 4195,930 4284,918 4374,913 4463,901 4553,889 4642,883 4732,877 4821,865 4911,853 5000,841 5090,829 5179,817 5269,811 5358,799 5448,787 5537,781 5627,769 5716,763 5806,751 5895,739 5985,728"/>
                <TextEquiv>
                    <Unicode>bung existiert eine gewisse Affinität zu be-</Unicode>
                </TextEquiv>
            </TextLine>
            <TextLine id="tr_1_tl_6" custom="readingOrder {index:5;}">
                <Coords points="3731,1137 5119,1063 5319,973 6036,934 6048,833 3740,1063"/>
                <Baseline points="3747,1133 3813,1127 3902,1115 3992,1109 4081,1098 4171,1092 4260,1080 4350,1068 4439,1056 4529,1044 4618,1038 4708,1026 4797,1020 4887,1008 4976,1002 5066,990 5155,978 5245,966 5334,960 5424,948 5513,942 5603,936 5692,924 5782,913 5871,901 5961,889 6050,871"/>
                <TextEquiv>
                    <Unicode>stimmten Arten von Geistesverfassung. In die-</Unicode>
                </TextEquiv>
            </TextLine>
            <TextLine id="tr_1_tl_7" custom="readingOrder {index:6;}">
                <Coords points="3746,1316 4806,1272 5334,1128 6051,1158 6071,964 3755,1227"/>
                <Baseline points="3765,1288 3837,1277 3926,1271 4016,1259 4105,1247 4195,1241 4284,1229 4374,1217 4463,1205 4553,1199 4642,1193 4732,1181 4821,1175 4911,1163 5000,1151 5090,1145 5179,1127 5269,1121 5358,1109 5448,1103 5537,1092 5627,1086 5716,1074 5806,1062 5895,1050 5985,1038 6074,1014"/>
                <TextEquiv>
                    <Unicode>sem Umstand ist ein Hauptgrund für die Schwie-</Unicode>
                </TextEquiv>
            </TextLine>
            <TextLine id="tr_1_tl_8" custom="readingOrder {index:7;}">
                <Coords points="3761,1451 4466,1466 4642,1364 5477,1325 5970,1230 5976,1167 5648,1113 5263,1221 3773,1346"/>
                <Baseline points="3777,1444 3831,1438 3920,1426 4010,1414 4099,1402 4189,1396 4278,1390 4368,1378 4457,1366 4547,1354 4636,1348 4726,1336 4815,1324 4905,1312 4994,1306 5084,1294 5173,1282 5263,1277 5352,1271 5442,1259 5531,1247 5621,1235 5710,1229 5800,1217 5889,1205 5979,1193"/>
                <TextEquiv>
                    <Unicode>rigkeiten gegeben,die bei der Diagnose von</Unicode>
                </TextEquiv>
            </TextLine>
            <TextLine id="tr_1_tl_9" custom="readingOrder {index:8;}">
                <Coords points="3767,1603 4478,1603 4982,1475 5388,1475 5400,1367 3779,1495"/>
                <Baseline points="3783,1593 3789,1587 3878,1581 3968,1569 4057,1563 4147,1551 4236,1545 4326,1533 4415,1521 4505,1515 4594,1509 4684,1497 4773,1485 4863,1473 4952,1462 5042,1456 5131,1444 5221,1432 5310,1426 5400,1426"/>
                <TextEquiv>
                    <Unicode>Geistesverfasungen unterlaufen.</Unicode>
                </TextEquiv>
            </TextLine>
            <TextLine id="tr_1_tl_10" custom="readingOrder {index:9;}">
                <Coords points="3773,1746 5083,1687 6107,1534 6119,1424 5901,1376 5710,1487 4955,1492 4245,1648 3785,1651"/>
                <Baseline points="3789,1748 3878,1736 3968,1730 4057,1724 4147,1706 4236,1700 4326,1688 4415,1682 4505,1670 4594,1658 4684,1652 4773,1641 4863,1629 4952,1617 5042,1605 5131,1599 5221,1587 5310,1581 5400,1569 5490,1563 5579,1551 5669,1539 5758,1533 5848,1521 5937,1509 6027,1497 6116,1491"/>
                <TextEquiv>
                    <Unicode>Die Affinität zwischen dem Selenzustand dich-</Unicode>
                </TextEquiv>
            </TextLine>
            <TextLine id="tr_1_tl_11" custom="readingOrder {index:10;}">
                <Coords points="3860,1904 4439,1925 4648,1818 6146,1695 6158,1585 3872,1800"/>
                <Baseline points="3878,1891 3920,1885 4010,1873 4099,1867 4189,1855 4278,1849 4368,1837 4457,1831 4547,1820 4636,1808 4726,1802 4815,1796 4905,1784 4994,1772 5084,1760 5173,1748 5263,1736 5352,1730 5442,1718 5531,1712 5621,1700 5710,1688 5800,1682 5889,1676 5979,1664 6068,1658 6158,1658"/>
                <TextEquiv>
                    <Unicode>terischer Begabung und der Geistesverfassung</Unicode>
                </TextEquiv>
            </TextLine>
            <TextLine id="tr_1_tl_12" custom="readingOrder {index:11;}">
                <Coords points="3815,2087 5376,1949 6024,1824 6039,1701 5704,1797 3830,1961"/>
                <Baseline points="3837,2052 3884,2046 3974,2034 4063,2028 4153,2016 4242,2005 4332,1993 4421,1981 4511,1975 4600,1969 4690,1957 4779,1945 4869,1939 4958,1927 5048,1921 5137,1909 5227,1897 5316,1891 5406,1873 5495,1867 5585,1855 5674,1849 5764,1837 5854,1826 5943,1820 6033,1820"/>
                <TextEquiv>
                    <Unicode>Dichter ist einleuchtend  Nicht minder klar</Unicode>
                </TextEquiv>
            </TextLine>
            <TextLine id="tr_1_tl_13" custom="readingOrder {index:12;}">
                <Coords points="3824,2233 6054,2015 6185,1988 6197,1884 3836,2110"/>
                <Baseline points="3843,2207 3866,2201 3956,2190 4045,2184 4135,2178 4224,2166 4314,2160 4403,2148 4493,2136 4582,2124 4672,2112 4761,2100 4851,2088 4941,2082 5030,2070 5120,2058 5209,2046 5299,2040 5388,2034 5478,2022 5567,2011 5657,1999 5746,1993 5836,1981 5925,1975 6015,1963 6104,1957 6194,1963"/>
                <TextEquiv>
                    <Unicode>aber, dass ein hoher Grad von dichterischer Be-</Unicode>
                </TextEquiv>
            </TextLine>
            <TextLine id="tr_1_tl_14" custom="readingOrder {index:13;}">
                <Coords points="4194,2101 4248,2110 4280,2095 4301,2101 4316,2087 4331,2098 4361,2084 4421,2084 4439,2069 4501,2087 4510,1997 4448,1973 4406,2003 4370,1997 4280,2021 4206,2015"/>
                <Baseline points="4212,2088 4242,2082 4332,2070 4421,2058 4511,2052"/>
                <TextEquiv>
                    <Unicode>selbst</Unicode>
                </TextEquiv>
            </TextLine>
            <TextLine id="tr_1_tl_15" custom="readingOrder {index:14;}">
                <Coords points="3836,2442 4594,2281 4973,2307 5979,2140 6048,2194 6069,2033 3857,2260"/>
                <Baseline points="3860,2363 3920,2357 4010,2345 4099,2333 4189,2327 4278,2309 4368,2303 4457,2291 4547,2279 4636,2267 4726,2255 4815,2249 4905,2237 4994,2225 5084,2219 5173,2207 5263,2201 5352,2190 5442,2178 5531,2166 5621,2160 5710,2148 5800,2136 5889,2130 5979,2118 6068,2112"/>
                <TextEquiv>
                    <Unicode>gabung noch nicht ausreicht das betreffen</Unicode>
                </TextEquiv>
            </TextLine>
            <TextLine id="tr_1_tl_16" custom="readingOrder {index:15;}">
                <Coords points="3872,2525 5964,2331 6080,2194 3883,2424"/>
                <Baseline points="3890,2506 3932,2500 4022,2488 4111,2482 4201,2470 4290,2464 4380,2446 4469,2440 4559,2434 4648,2422 4738,2410 4827,2404 4917,2392 5006,2380 5096,2375 5185,2363 5275,2351 5364,2345 5454,2333 5543,2321 5633,2315 5722,2303 5812,2297 5901,2285 5991,2273 6080,2273"/>
                <TextEquiv>
                    <Unicode>de Individuum als Repräsentanten des Typus</Unicode>
                </TextEquiv>
            </TextLine>
            <TextLine id="tr_1_tl_17" custom="readingOrder {index:16;}">
                <Coords points="3952,2689 5546,2478 6140,2489 6203,2322 4794,2445 4412,2558 3967,2531"/>
                <Baseline points="3974,2637 3986,2631 4075,2637 4165,2625 4254,2613 4302,2607 4320,2607 4409,2601 4499,2583 4588,2571 4678,2565 4767,2554 4857,2554 4946,2542 5036,2542 5125,2530 5215,2512 5305,2506 5394,2488 5484,2482 5573,2470 5663,2464 5752,2458 5842,2446 5931,2440 6021,2422 6110,2416 6200,2404"/>
                <TextEquiv>
                    <Unicode>ichter zu bezeichnen. (So gibt es z.B. sehr</Unicode>
                </TextEquiv>
            </TextLine>
            <TextLine id="tr_1_tl_18" custom="readingOrder {index:17;}">
                <Coords points="5188,2585 5260,2606 5280,2588 5343,2582 5355,2600 5492,2558 5606,2573 5615,2489 5543,2475 5436,2531 5400,2492 5331,2540 5316,2531 5295,2546 5194,2519"/>
                <Baseline points="5203,2583 5257,2577 5346,2571 5436,2554 5525,2548 5615,2548"/>
                <TextEquiv>
                    <Unicode>un bien de</Unicode>
                </TextEquiv>
            </TextLine>
            <TextLine id="tr_1_tl_19" custom="readingOrder {index:18;}">
                <Coords points="3901,2845 6245,2594 6274,2475 3913,2719"/>
                <Baseline points="3920,2816 3950,2810 4039,2804 4129,2786 4218,2780 4308,2768 4397,2762 4487,2750 4576,2739 4666,2733 4756,2721 4845,2709 4935,2697 5024,2685 5114,2673 5203,2667 5293,2661 5382,2649 5472,2643 5561,2631 5651,2625 5740,2607 5830,2595 5919,2583 6009,2577 6098,2571 6188,2560 6277,2548"/>
                <TextEquiv>
                    <Unicode>hervorragende Romanschriftsteller,die der Gei-</Unicode>
                </TextEquiv>
            </TextLine>
            <TextLine id="tr_1_tl_20" custom="readingOrder {index:19;}">
                <Coords points="3872,2746 4182,2692 4227,2731 4376,2713 4579,2651 4606,2678 4907,2657 4949,2585 4531,2579 4424,2624 4209,2624 4125,2672 3970,2639 3889,2570"/>
                <Baseline points="3890,2709 3968,2703 4057,2697 4147,2685 4236,2673 4326,2667 4415,2655 4505,2649 4594,2637 4684,2631 4773,2619 4863,2607 4952,2619"/>
                <TextEquiv>
                    <Unicode>pichterisch begabte</Unicode>
                </TextEquiv>
            </TextLine>
            <TextLine id="tr_1_tl_21" custom="readingOrder {index:20;}">
                <Coords points="3904,2973 5460,2881 6080,2728 6218,2785 6277,2642 5379,2672 4683,2851 3913,2886"/>
                <Baseline points="3920,2965 3950,2965 4039,2953 4129,2935 4218,2929 4308,2924 4397,2912 4487,2900 4576,2894 4666,2894 4756,2876 4845,2864 4935,2852 5024,2846 5114,2834 5203,2822 5293,2816 5382,2804 5472,2792 5561,2786 5651,2774 5740,2768 5830,2756 5919,2745 6009,2739 6098,2727 6188,2715 6277,2715"/>
                <TextEquiv>
                    <Unicode>stesverfassung Historiker (Kontinualist) zu</Unicode>
                </TextEquiv>
            </TextLine>
            <TextLine id="tr_1_tl_22" custom="readingOrder {index:21;}">
                <Coords points="3937,3158 4657,3170 5791,3015 6289,3078 6340,2872 4454,3057 3949,3024"/>
                <Baseline points="3956,3126 3968,3126 4057,3114 4147,3097 4236,3091 4326,3079 4380,3114 4463,3114 4553,3114 4642,3109 4732,3097 4821,3091 4911,3079 5000,3073 5090,3061 5179,3049 5269,3043 5358,3031 5448,3025 5537,3019 5627,3007 5716,2995 5806,2989 5895,2977 5985,2971 6074,2959 6164,2953 6253,2941 6343,2924"/>
                <TextEquiv>
                    <Unicode>gehören. Bestimmte Geistesverfassungen dispo-</Unicode>
                </TextEquiv>
            </TextLine>
            <TextLine id="tr_1_tl_23" custom="readingOrder {index:22;}">
                <Coords points="4024,3376 4275,3307 4812,3328 5048,3227 5283,3284 5651,3191 5970,3224 6003,3084 5648,3033 5143,3066 4931,3179 4618,3212 4045,3173"/>
                <Baseline points="4045,3329 4123,3323 4212,3311 4302,3299 4392,3288 4481,3282 4571,3276 4660,3264 4750,3252 4839,3246 4929,3234 5018,3222 5108,3216 5197,3204 5287,3198 5376,3186 5466,3180 5555,3168 5645,3156 5734,3150 5824,3138 5913,3132 6003,3132"/>
                <TextEquiv>
                    <Unicode>nieren zu bestimmten Seelenzuständen.</Unicode>
                </TextEquiv>
            </TextLine>
            <TextLine id="tr_1_tl_24" custom="readingOrder {index:23;}">
                <Coords points="4451,3445 4892,3492 5313,3364 5716,3397 5889,3313 6325,3278 6337,3182 4463,3328"/>
                <Baseline points="4469,3437 4547,3431 4636,3419 4726,3407 4815,3401 4905,3395 4994,3383 5084,3371 5173,3359 5263,3353 5352,3341 5442,3335 5531,3323 5621,3317 5710,3305 5800,3299 5889,3294 5979,3282 6068,3270 6158,3264 6247,3252 6337,3240"/>
                <TextEquiv>
                    <Unicode>Doch disponieren Seelenzustände nie-</Unicode>
                </TextEquiv>
            </TextLine>
            <TextLine id="tr_1_tl_25" custom="readingOrder {index:24;}">
                <Coords points="4045,3666 5060,3707 5522,3624 5537,3483 5319,3412 4692,3516 4579,3475 4406,3549 4066,3472"/>
                <Baseline points="4063,3640 4111,3634 4201,3622 4290,3616 4380,3610 4469,3598 4559,3586 4648,3580 4738,3568 4827,3562 4917,3550 5006,3538 5096,3526 5185,3520 5275,3514 5364,3502 5454,3502 5543,3508"/>
                <TextEquiv>
                    <Unicode>mals zu Geistesverfasungen.</Unicode>
                </TextEquiv>
            </TextLine>
            <TextLine id="tr_1_tl_26" custom="readingOrder {index:25;}">
                <Coords points="4361,4075 5719,3979 5731,3851 5415,3827 5182,3955 4875,3836 4713,3916 4519,3892 4373,3934"/>
                <Baseline points="4374,4087 4386,4087 4475,4063 4565,4063 4654,4051 4744,4045 4833,4033 4923,4027 5012,4022 5102,4010 5191,3998 5281,3992 5370,3980 5460,3974 5549,3968 5639,3962 5728,3968"/>
                <TextEquiv>
                    <Unicode>in Holos we am Fried</Unicode>
                </TextEquiv>
            </TextLine>
        </TextRegion>
    </Page>
</PcGts>
