5144 4104
752 535 2289 692 entsprechenden Punkten der beiden Diogramme
757 660 2293 802 gelegenen Typen im allgemeinen eine nähere als
769 725 2268 886 die zwischen den Typen des gleichen Diogramms.
836 817 2263 947 So ist die Geistesverwandtschaft zwi¬
780 903 2293 1043 schen dem lyp Mathematiker und Philosphen
780 1003 2263 1120 eine nähere als zwischen Mathematiker und Na-
782 1081 2293 1225 turforscher oder Philosoph und Historiker; die
775 1162 2293 1298 Verwandtschaft zwischen Feldherr (Organisator,
786 1260 2282 1398 Führer) und Staatsmann eine großere als zwischen
305 1342 731 1501 innigere
777 1358 1756 1490 Staatsmann und Priester usw;
859 1613 2305 1760 Dem flüchtigen Beurteiler wird unter den
805 1722 2311 1862 Typen von Geistesverfassungen, die ich
794 1789 2318 1914 in den beiden Diogrammen aufgestellt habe,
798 1881 2307 2000 immer noch mancher Typus zu fehlen scheinen,
794 1965 2286 2107 wie beispielsweise Jurist, Nationalökonom, Phy
788 2054 2314 2174 siker, Chemiker, Architekt, Erfinder usw. Hier,
798 2144 2307 2268 wie in vielen anderen Fällen, handelt es sich
805 2232 2311 2374 eben nicht um Typen von Geistesverfassungen,
807 2316 2316 2460 sondern um Bezeichnungen von Berufsarten oder
798 2412 2316 2566 Begabungen, die zu bestimmten Geistesverfas-
807 2529 2336 2648 sungen im Affinitätsverhältnis stehen können,
825 2575 2330 2709 nicht müssen, — sofern es sich im Einzelfall
817 2665 2288 2826 überhaupt um Geistesmenschen handelt.
884 2763 2341 2909 Denn nicht alle Angehörigen sogenannter
830 2838 2336 2997 geistiger Berufe, nicht einmal jeder geistig be-
817 2961 2339 3072 gabte Mensch ist in unserem Sinne als Geistes-
819 2999 2359 3137 mensch zu bezeichnen, zu welchem Begriff
834 3118 2359 3258 vor allem das Vorhandensein einer angeborenen,
2917 485 4410 633 einer, wie wir wissen, in jedem Falle ein-
2911 631 4426 734 heitlichen und unveränderlichen Gei¬
2915 713 4416 813 stesverfassung gehört. So gibt es manche Ju-
2911 792 4428 888 risten, Schriftsteller, Ärzte, Theologen, ja sogar
2909 874 4416 980 Philosophieprofessoren, geradeso wie es Natio-
2911 963 4439 1051 nalökonomen, Industrielle, Kaufleute gibt, die
2930 1066 4429 1172 man keineswegs als geborene Geistesmenschen
2941 1150 3475 1248 betrachten kann.
3001 1210 4445 1325 Doch wenn es beispielsweise auch keine spe¬
2930 1317 4435 1415 zifische juristische Geistesverfassung gibt, wenn
2930 1390 4435 1503 daher der Jurist als ein spezieller Typus in un¬
2924 1490 4435 1609 serem Diogramm fehlen muß, so gibt es anderer-
2936 1572 4447 1670 seits doch eine ganze Anzahl verschiedener Gei-
2940 1672 4451 1756 stesverfassungen, als deren Repräsentant der Jurist
2966 1766 4451 1854 (also: der Advokat, der Rechtsgelehrte, der Rich-
2966 1829 4464 1937 ter) in die Erscheinung treten kann: es gibt
2947 1935 4464 2021 Rechtsgelehrte, die den Typus Philosoph, andere,
2947 2000 4452 2125 die den Typus Historiker, es gibt manche Advo-
2945 2094 4464 2196 katen, die den Typus Sophist oder Literat reprä-
2953 2190 4464 2313 sentieren,-ebenso wie es Ärzte gibt, die ihrer
2966 2257 4456 2366 Geistesverfassung nach weder zu den Natur-
2964 2357 4462 2472 forschern noch auch zu den Quacksalbern, son-
2978 2449 4224 2552 dern zu den Priestern zu rechnen sind.
3043 2535 4475 2635 Mancher Industrielle wieder wird der
2978 2617 4487 2744 Geistesverfassung nach zu den Organisatoren zu
2995 2711 4487 2811 rechnen sein, der Nationalökonom zu den
2972 2773 4474 2932 Staatsmännern, Philosophén, Politikern; dei
2984 2859 4500 2991 Physiker wie der Chemiker wird als
2993 2978 4495 3081 Geistesmensch manchmal dem Typus Mathema¬
2993 3062 4504 3210 tiker, manchmal dem Typus Naturforscher; der
