6760 4424
4574 627 4798 805 or
4031 687 6250 877 Nicht nur der Sprachgebrauch, auch nahelie-
4048 877 6201 1038 gende Mataphorn bringen dieses hier ange-
4048 1006 6296 1179 deutete verhältnis in einer manchmal beina-
4031 1179 5992 1317 he überraschenden Weise zum Ausdruck.
4025 1322 5281 1506 Baut.darxxa kantxxxxx
4025 1469 6336 1668 Es liegt nahe den Sophisten (der im Diogramm
4036 1616 6196 1857 des Worts ie gleiche Stelle einnimmt, wie
4036 1900 6328 2090 der Spekulant im Diogramm der Tat) als einen
4031 2122 5281 2268 Spekulanten des Geistes
4031 2199 6242 2389 den Journalisten, der im Diogramm des Worts
4341 2389 4531 2470 and
4036 2401 6242 2570 die gleiche Stelle einnimmt,wie der Quack-
4048 2570 6290 2748 salber im Diogramm der Tat, als einen Quack-
4036 2705 5658 2861 salber der öffentlichen Meinun
4036 2889 6152 3088 den Literaten (der im Diogramm des Worts
4031 3027 6242 3186 dieselbe stelle einnimmt,wie der Hochstap-
4036 3183 6348 3384 ler in Diogramm der Tat) als einen Hochstap-
4036 3332 5635 3559 ler des Geistes zu bezeichnen.
