6792 4600
4038 1006 6199 1242 Held und Dichter sind einander in der At-
3579 1172 5949 1367 Hein früh mosphäre des Geistes nahe Febenso wie
3528 1337 6239 1509 Hochstapler und Literat; wie überhaupt, un-
3471 1438 3947 1587 Muth it is
4021 1489 6138 1698 beschadet strengster Umschriebenheit der
3474 1560 3967 1695 W que ces Sertes
3481 1671 3927 1823 be as in
4031 1644 6155 1833 Kategorie, Verwandtschaften verschieden
3481 1779 3879 1931 Helv obri
4024 1823 6175 2009 sten Grades zwischen den Typen immer wie-
3474 1908 3883 2066 abgeinten,
4024 1999 6239 2147 der festzustellen sind. Und zwar erscheint
3494 2019 3859 2242 urde.
4008 2093 6077 2255 die Verwandtschaft zwischen den auf den
4024 2289 6131 2434 einander entsprechenden Punkten der bei -
4021 2417 6222 2576 den Diogramme gelegenen Typen im Allgemei-
4014 2576 6226 2728 nen eine nähere als die zwischen den Typen
4014 2711 5237 2907 des gleichen Diogramms.
4001 2893 6428 3083 Z.B. Die Geistesverwandtschaft zwischen den
4041 3045 6037 3218 Mathematiker und Philosolphen ist eine
4001 3201 6175 3339 gränxxs nähere als zwischen Mathematiker
3997 3359 6243 3528 und Naturforscher oder Philosoph uid Histo¬
4001 3498 4386 3670 riker -
4038 3653 6212 3839 die Verwandtschaft zwischen Feldherr (Or-
3981 3832 6233 4008 ganisat or, Führer) und Staatsmann eine grös¬
3970 3974 6152 4129 sere als zwischen Staatsmann und Priester
5770 4102 6111 4268 u. s. r.
