6856 4088
4167 450 6259 692 Der Tückehold wie der Prophet können im
3927 659 6289 863 eigentlichen sinne nicht als Berufs gelten. Wir
3903 794 6253 965 fühlen wohl, dass es sich auch bei diesen bei-
3909 935 6190 1133 den Typen um Geistestypen handelt, aber ohne
3903 1130 6226 1307 dass hier das Wort als einziger oder als we-
3909 1265 6319 1448 sentlichster Ausdruck gelten könnte. Der Tücke-
3897 1436 6217 1601 hold wie der Prophet gehören sahen irgendwie
3909 1565 6208 1754 in ein anderes Diogramm, das die Menschen der
3897 1715 5222 1957 Tat umschliessen müsste.
4208 2056 6262 2236 Für das Wort Tückehold käme das populä-
3903 2200 6142 2356 re Wort Lausbub, im Französischen eventuell
3909 2344 5345 2578 das Wort Gamin in Betracht.
