5272 4120
1044 573 2465 712 Das Satanische kann immer nur durch seine
331 606 857 823 + rich be
985 682 2486 812 Äußerungen wirken, das Dämonische auch
985 772 1901 884 einfach durch sein Da-Sein.
347 775 812 962 merkbar
1050 853 2480 981 Humor ist immer dämonischer Natur;
331 954 939 1193 martin sont
987 964 2482 1061 das Reich von Witz, Ironie, Satyre, dieser
993 1052 2484 1160 gefallenen Engel des Geistes, ist innerhalb des
991 1149 1878 1244 Satanischen beschlossen.
1055 1217 2480 1330 Freilich ist auch hier — keineswegs eine Ein-
987 1309 2482 1400 schränkung — aber doch eine Erläuterung ge¬
1004 1387 2490 1501 boten: daß nämlich der Humor sich gelegentlich
998 1495 2505 1572 der Ironie, der Satyre, des Witzes zu stillstischen
1004 1574 2490 1669 Zwecken bedient, daß satyrische Begabung, eine
998 1642 2503 1755 Neigung zu ironischen Seelenzuständen, eine
1002 1743 2499 1857 Anlage zu Witz sich oft genug bei Repräsentanten
1004 1829 2490 1920 des positiven Typus findet, ja daß der große Sa-
1004 1901 2515 2017 tyriker der Geistesverfassung nach den Typus
1004 2006 2490 2120 Philosoph, Historiker oder auch Dichter reprä-
1004 2097 1509 2221 sentieren kann.
1074 2162 2497 2307 Auch hier gilt also der Satz, daß die Einzel
1002 2273 2509 2362 äußerung und auch eine Reihe von Einzel-
998 2353 2505 2452 äußerungen einer Persönlichkeit in ihren letzten
996 2450 2497 2539 Notiven und ihren Zusammenhängen er-
1017 2536 2505 2638 kannt werden müssen, ehe man sie als die eigent-
1017 2598 2517 2722 lichen Charakteristika dieser Persönlichkeit
1017 2699 2517 2816 ansprechen darf. Und eben darum weil die Ge¬
1010 2797 2526 2892 samtpersönlichkeit kaum jemals als Ganzes zu
1027 2884 2528 2997 übersehen ist, wird das wirkliche Erfassen einer
592 2875 935 2991 schaier
1010 2960 2528 3071 Persönlichkeit, Menschenkenntnis im wah-
1034 3065 2541 3187 ren Sinn des Wortes, zuletzt immer eine Sache
1010 3141 1899 3269 der Intuition bleiben:
3029 613 4475 728 Da es sich in diesem Diogramm um Urtypen
2974 716 4475 810 von Geistesverfassungen handelt, verbietet sich
2968 802 4473 895 eine sogenannte definition von selbst. Nur
2974 893 4488 994 Beschreibungen darf ich versuchen, die wohl
2957 970 4475 1080 auf nichts anderes hinauslaufen werden als auf
2968 1061 4456 1162 eine beiläufige Charakterisierung indivi-
2955 1151 4216 1244 dueller Repräsentanten jener Urtypen.
3040 1229 4484 1330 Beispiele für die einzelnen Typen werden
2974 1328 4486 1421 sich jedermann, sowohl aus der Geschichte,
2957 1398 4479 1495 als aus persönlicher Erfahrung aufdrängen.
2968 1511 4473 1594 Doch hüte ich mich, solche Beispiele anzuführen,
2981 1581 4462 1678 die doch nur verwirren würden, da kein Indivi-
2974 1663 4486 1766 duum den Typus rein darzustellen vermag.
2968 1745 4500 1871 Hierin spricht sich eine gewisse Beschränkung
2981 1844 4479 1934 alles Menschentums, zugleich aber dessen nie zu
2974 1934 4143 2025 erschöpfende, unendliche Fülle aus.
3040 2002 4492 2116 In manchen Fällen freilich erleichtert schon
2968 2120 4475 2202 der Sprachgebrauch so sehr das sofortige Ver-
2981 2185 4486 2284 ständnis, daß man auf den Versuch von Defini-
2985 2276 4481 2370 tionen resp. Beschreibungen ohne weiteres ver-
2987 2377 3429 2473 zichten kann.
3040 2465 4494 2555 So muß die Gegensätzlichkeit zwischen
2981 2539 4481 2657 Priester und Pfaff, Philosoph und Sophist
2987 2627 4484 2749 nicht erst erläutert werden. Hingegen wird man-
2997 2730 4498 2831 chem der Politiker bisher entweder nur als
2981 2825 4498 2922 eine Abart, vielleicht auch nur als eine geringere
2981 2899 4498 3012 Stufe, aber nicht ohne weiteres als Gegensatz des
2981 2995 4505 3090 Staatsmannes erschienen sein. Daß ein solcher
2981 3075 4505 3212 zwischen Literat und Dichter besteht, ist
