6888 4392
4261 553 6261 822 Ser Priester sucht mit dem Glauben, der
4261 783 6222 987 Philosoph mit dem Denken das Sein und
4276 935 5997 1110 das Werden, also Gott,zu erfassen
4276 1021 6332 1278 Doch weder der Priester kann vollkommen
4287 1207 6364 1432 des Denkens, noch der Philosoph des Glau-
4297 1417 5408 1597 bens völlig entraten.
4295 1521 6251 1744 Für den Priester wird auch das Denken
4303 1658 6251 1886 zu den Mitteln gehören (zu seinem Gott
4316 1828 6303 2071 zu gelangen,auch wenn er meint,dass es
4321 1985 6007 2195 nur durch den Glauben geschieht.
4337 2113 6405 2359 Der Philosoph wieder denkt Gott, denn nur
4334 2297 6403 2530 so kann er sich vermessen dem Rätsel
4337 2438 5787 2689 des Daseins nahe zu kommen.
4329 2682 6251 3004 Des Philosiöphen Leidenschaft ist das
4342 2978 4737 3182 Denken,
4347 3030 6455 3307 des Priesters Leidenschaft eine Vermitt-
4358 3195 6440 3470 lung zwischen Erde und Gott herbeizufüh-
4371 3462 4612 3632 ren.
