<?xml version="1.0" encoding="UTF-8" standalone="yes"?>
<PcGts xmlns="http://schema.primaresearch.org/PAGE/gts/pagecontent/2013-07-15" xmlns:xsi="http://www.w3.org/2001/XMLSchema-instance" xsi:schemaLocation="http://schema.primaresearch.org/PAGE/gts/pagecontent/2013-07-15 http://schema.primaresearch.org/PAGE/gts/pagecontent/2013-07-15/pagecontent.xsd">
    <Metadata>
        <Creator>prov=READ-COOP:name=TrHtr:version=2.1.0:model_id=51170:date=28_07_2023_08:52</Creator>
        <Created>2023-05-10T11:17:38.587+02:00</Created>
        <LastChange>2023-07-28T08:52:29.868+02:00</LastChange>
        <TranskribusMetadata docId="1428141" pageId="55386340" pageNr="249" tsid="131327301" status="IN_PROGRESS" userId="64420" imgUrl="https://files.transkribus.eu/Get?id=XWZUQGJPFKFBPBJIEIDTJCUV&amp;fileType=view" xmlUrl="https://files.transkribus.eu/Get?id=PTJSJHWWNJGWNEYFMUGQUWYM" imageId="44661238"/>
    </Metadata>
    <Page imageFilename="1428141_0249.jpg" imageWidth="6728" imageHeight="4504">
        <ReadingOrder>
            <OrderedGroup id="ro_1711823115198" caption="Regions reading order">
                <RegionRefIndexed index="0" regionRef="tr_1"/>
            </OrderedGroup>
        </ReadingOrder>
        <TextRegion id="tr_1" custom="readingOrder {index:0;}">
            <Coords points="3972,810 6349,810 6349,3892 3972,3892"/>
            <TextLine id="tr_1_tl_1" custom="readingOrder {index:0;}">
                <Coords points="6130,886 6153,883 6179,895 6237,901 6254,898 6263,886 6281,901 6298,898 6292,718 6257,729 6205,770 6173,784 6127,767"/>
                <Baseline points="6146,860 6236,860 6302,866"/>
                <TextEquiv>
                    <Unicode>52</Unicode>
                </TextEquiv>
            </TextLine>
            <TextLine id="tr_1_tl_2" custom="readingOrder {index:1;}">
                <Coords points="4052,982 4285,1086 6089,1072 6086,880 5444,912 5249,842 4805,953 4320,834 4052,901"/>
                <Baseline points="4067,979 4157,985 4247,985 4336,991 4426,997 4515,991 4605,991 4695,997 4784,997 4874,997 4963,1003 5053,1003 5143,997 5232,1003 5322,1003 5411,1009 5501,1009 5591,1009 5680,1009 5770,1009 5859,1009 5949,1009 6039,1015 6092,1009"/>
                <TextEquiv>
                    <Unicode>tehen Fällen erst ein Trauma (z.B. ein</Unicode>
                </TextEquiv>
            </TextLine>
            <TextLine id="tr_1_tl_3" custom="readingOrder {index:2;}">
                <Coords points="4038,1147 4514,1243 6266,1197 6237,1057 4035,1075"/>
                <Baseline points="4055,1140 4145,1140 4235,1140 4324,1146 4414,1146 4504,1146 4593,1146 4683,1146 4772,1152 4862,1152 4952,1158 5041,1158 5131,1158 5220,1158 5310,1158 5400,1158 5489,1158 5579,1158 5668,1158 5758,1164 5848,1164 5937,1170 6027,1170 6116,1170 6206,1170 6272,1176"/>
                <TextEquiv>
                    <Unicode>Schlag auf den Kopf) zur Entwicklung einer</Unicode>
                </TextEquiv>
            </TextLine>
            <TextLine id="tr_1_tl_4" custom="readingOrder {index:3;}">
                <Coords points="4052,1293 4848,1386 6304,1360 6263,1188 5377,1258 4052,1200"/>
                <Baseline points="4067,1290 4157,1290 4247,1296 4336,1296 4426,1296 4515,1296 4605,1302 4695,1302 4784,1302 4874,1308 4963,1308 5053,1308 5143,1314 5232,1314 5322,1314 5411,1314 5501,1314 5591,1314 5680,1320 5770,1320 5859,1326 5949,1332 6039,1326 6128,1326 6218,1326 6307,1332"/>
                <TextEquiv>
                    <Unicode>spezifischen Begabung nlass gab resp. dass</Unicode>
                </TextEquiv>
            </TextLine>
            <TextLine id="tr_1_tl_5" custom="readingOrder {index:4;}">
                <Coords points="4038,1540 6243,1528 6214,1389 4035,1374"/>
                <Baseline points="4050,1445 4139,1445 4229,1445 4318,1445 4408,1445 4498,1445 4587,1451 4677,1451 4766,1457 4856,1457 4946,1463 5035,1463 5125,1463 5214,1463 5304,1463 5394,1469 5483,1469 5573,1469 5662,1469 5752,1469 5842,1475 5931,1475 6021,1481 6110,1481 6200,1481 6248,1481"/>
                <TextEquiv>
                    <Unicode>unter der Einwirkung eines solchen Traumas</Unicode>
                </TextEquiv>
            </TextLine>
            <TextLine id="tr_1_tl_6" custom="readingOrder {index:5;}">
                <Coords points="4032,1670 6246,1670 6225,1525 4029,1551"/>
                <Baseline points="4044,1594 4133,1594 4223,1594 4312,1600 4402,1606 4492,1606 4581,1606 4671,1606 4760,1612 4850,1612 4940,1612 5029,1618 5119,1618 5208,1612 5298,1618 5388,1618 5477,1618 5567,1624 5656,1624 5746,1624 5836,1630 5925,1630 6015,1630 6104,1636 6194,1636 6254,1642"/>
                <TextEquiv>
                    <Unicode>diese Begabung erst xxx in die Erscheinung</Unicode>
                </TextEquiv>
            </TextLine>
            <TextLine id="tr_1_tl_7" custom="readingOrder {index:6;}">
                <Coords points="4090,1882 4485,1821 4610,1888 4909,1804 5456,1868 6342,1819 6286,1705 4087,1697"/>
                <Baseline points="4103,1756 4193,1756 4282,1756 4372,1762 4462,1762 4551,1768 4641,1768 4730,1768 4820,1768 4910,1768 4999,1768 5089,1774 5179,1774 5268,1780 5358,1780 5447,1780 5537,1780 5627,1780 5716,1780 5806,1780 5895,1786 5985,1786 6075,1786 6164,1786 6254,1786 6343,1798 6349,1798"/>
                <TextEquiv>
                    <Unicode>trat. (Es hat sich in solchen Fällen meist</Unicode>
                </TextEquiv>
            </TextLine>
            <TextLine id="tr_1_tl_8" custom="readingOrder {index:7;}">
                <Coords points="4035,2013 6164,2080 6159,1926 5961,1955 5726,1839 4825,1909 4250,1836 4032,1906"/>
                <Baseline points="4050,1989 4139,1983 4229,1989 4318,1989 4408,1983 4498,1989 4587,1989 4677,1995 4766,1995 4856,2001 4946,2001 5035,2001 5125,2007 5214,2007 5304,2007 5394,2007 5483,2013 5573,2013 5662,2013 5752,2013 5842,2019 5931,2019 6021,2025 6110,2030 6170,2030"/>
                <TextEquiv>
                    <Unicode>um e-in-e musikalische Begabungen gehandelt.</Unicode>
                </TextEquiv>
            </TextLine>
            <TextLine id="tr_1_tl_9" custom="readingOrder {index:8;}">
                <Coords points="4389,2164 6132,2187 6130,2106 5987,2083 5389,2115 5273,2048 4860,2019 4387,2060"/>
                <Baseline points="4402,2132 4492,2138 4581,2144 4671,2150 4760,2150 4850,2150 4940,2150 5029,2156 5119,2156 5208,2156 5298,2156 5388,2162 5477,2162 5567,2162 5656,2162 5746,2168 5836,2168 5925,2168 6015,2168 6104,2174 6140,2180"/>
                <TextEquiv>
                    <Unicode>Unter Figes chaften verstehen wir</Unicode>
                </TextEquiv>
            </TextLine>
            <TextLine id="tr_1_tl_10" custom="readingOrder {index:9;}">
                <Coords points="4015,2356 6286,2368 6313,2228 5244,2275 4012,2202"/>
                <Baseline points="4032,2293 4121,2293 4211,2293 4300,2293 4390,2293 4480,2299 4569,2299 4659,2299 4748,2305 4838,2305 4928,2311 5017,2311 5107,2311 5196,2311 5286,2311 5376,2317 5465,2317 5555,2323 5644,2323 5734,2323 5824,2329 5913,2329 6003,2329 6092,2335 6182,2329 6272,2329 6319,2323"/>
                <TextEquiv>
                    <Unicode>Attribute der Seele, die nicht schon als Cha-</Unicode>
                </TextEquiv>
            </TextLine>
            <TextLine id="tr_1_tl_11" custom="readingOrder {index:10;}">
                <Coords points="4015,2487 6223,2507 6220,2405 5929,2429 5764,2333 5145,2330 5023,2402 4012,2353"/>
                <Baseline points="4032,2449 4121,2449 4211,2449 4300,2449 4390,2449 4480,2455 4569,2455 4659,2455 4748,2455 4838,2461 4928,2461 5017,2461 5107,2467 5196,2467 5286,2467 5376,2473 5465,2473 5555,2478 5644,2478 5734,2478 5824,2478 5913,2484 6003,2484 6092,2484 6182,2484 6230,2484"/>
                <TextEquiv>
                    <Unicode>rakteranlagen vorhanden waren, sondern sich</Unicode>
                </TextEquiv>
            </TextLine>
            <TextLine id="tr_1_tl_12" custom="readingOrder {index:11;}">
                <Coords points="4009,2612 6313,2681 6310,2553 5877,2580 5691,2484 4009,2513"/>
                <Baseline points="4026,2604 4115,2604 4205,2604 4294,2604 4384,2604 4474,2604 4563,2610 4653,2610 4742,2610 4832,2610 4922,2616 5011,2622 5101,2622 5190,2622 5280,2622 5370,2628 5459,2628 5549,2628 5638,2634 5728,2634 5818,2634 5907,2634 5997,2634 6086,2640 6176,2640 6266,2640 6319,2646"/>
                <TextEquiv>
                    <Unicode>aus fliessenden Seelenzuständen bei häufiger</Unicode>
                </TextEquiv>
            </TextLine>
            <TextLine id="tr_1_tl_13" custom="readingOrder {index:12;}">
                <Coords points="4003,2777 5650,2783 5906,2885 6272,2824 6269,2737 6109,2707 5336,2737 5209,2649 4616,2687 4000,2606"/>
                <Baseline points="4020,2753 4109,2753 4199,2753 4288,2759 4378,2759 4468,2759 4557,2765 4647,2765 4736,2765 4826,2771 4916,2771 5005,2771 5095,2771 5184,2777 5274,2777 5364,2777 5453,2777 5543,2783 5632,2783 5722,2789 5812,2789 5901,2789 5991,2795 6080,2795 6170,2795 6260,2789 6278,2789"/>
                <TextEquiv>
                    <Unicode>Wiederkehr oder längerer Dauer dieser Zu -</Unicode>
                </TextEquiv>
            </TextLine>
            <TextLine id="tr_1_tl_14" custom="readingOrder {index:13;}">
                <Coords points="4003,2949 5923,2975 5920,2885 5470,2795 4000,2850"/>
                <Baseline points="4020,2915 4109,2915 4199,2915 4288,2915 4378,2915 4468,2921 4557,2921 4647,2921 4736,2927 4826,2927 4916,2927 5005,2927 5095,2927 5184,2927 5274,2927 5364,2932 5453,2932 5543,2938 5632,2938 5722,2938 5812,2944 5901,2950 5931,2956"/>
                <TextEquiv>
                    <Unicode>stände allmählig stabilisiert haben.</Unicode>
                </TextEquiv>
            </TextLine>
            <TextLine id="tr_1_tl_15" custom="readingOrder {index:14;}">
                <Coords points="4506,3097 6252,3137 6249,2989 6109,3036 5859,2972 5514,3039 4880,2928 4686,2998 4503,2972"/>
                <Baseline points="4521,3070 4611,3076 4701,3076 4790,3076 4880,3082 4969,3082 5059,3082 5149,3082 5238,3088 5328,3088 5417,3088 5507,3094 5597,3094 5686,3100 5776,3100 5865,3100 5955,3106 6045,3106 6134,3112 6224,3118 6260,3118"/>
                <TextEquiv>
                    <Unicode>Es gibt gewisse Charakteranlagen,</Unicode>
                </TextEquiv>
            </TextLine>
            <TextLine id="tr_1_tl_16" custom="readingOrder {index:15;}">
                <Coords points="3991,3248 6304,3286 6301,3161 6132,3108 3989,3140"/>
                <Baseline points="4008,3213 4097,3219 4187,3219 4277,3219 4366,3219 4456,3225 4545,3231 4635,3231 4725,3231 4814,3237 4904,3237 4993,3237 5083,3237 5173,3243 5262,3243 5352,3243 5441,3243 5531,3249 5621,3249 5710,3255 5800,3255 5889,3255 5979,3261 6069,3261 6158,3255 6248,3255 6307,3261"/>
                <TextEquiv>
                    <Unicode>von denen wir a priori annehmen möchten,dass</Unicode>
                </TextEquiv>
            </TextLine>
            <TextLine id="tr_1_tl_17" custom="readingOrder {index:16;}">
                <Coords points="3974,3416 6249,3442 6246,3338 5825,3338 5668,3254 3971,3271"/>
                <Baseline points="3990,3375 4079,3375 4169,3375 4259,3375 4348,3380 4438,3380 4527,3380 4617,3380 4707,3386 4796,3386 4886,3386 4975,3392 5065,3392 5155,3392 5244,3398 5334,3398 5423,3398 5513,3404 5603,3404 5692,3404 5782,3404 5871,3404 5961,3410 6051,3410 6140,3410 6230,3416 6254,3416"/>
                <TextEquiv>
                    <Unicode>die sich ausschliesslich xxx</Unicode>
                </TextEquiv>
            </TextLine>
            <TextLine id="tr_1_tl_18" custom="readingOrder {index:17;}">
                <Coords points="3968,3535 6202,3576 6199,3489 5461,3509 5087,3419 3965,3454"/>
                <Baseline points="3984,3530 4073,3530 4163,3530 4253,3530 4342,3536 4432,3536 4521,3536 4611,3542 4701,3542 4790,3542 4880,3542 4969,3542 5059,3542 5149,3548 5238,3548 5328,3548 5417,3548 5507,3554 5597,3554 5686,3560 5776,3560 5865,3566 5955,3566 6045,3566 6134,3566 6206,3572"/>
                <TextEquiv>
                    <Unicode>werk bei den Repräsentanten der positiven</Unicode>
                </TextEquiv>
            </TextLine>
            <TextLine id="tr_1_tl_19" custom="readingOrder {index:18;}">
                <Coords points="3974,3707 5758,3721 6071,3811 6313,3745 6310,3620 5653,3660 5351,3567 4311,3535 4183,3623 3971,3602"/>
                <Baseline points="3990,3679 4079,3685 4169,3685 4259,3685 4348,3685 4438,3685 4527,3691 4617,3691 4707,3691 4796,3697 4886,3697 4975,3697 5065,3697 5155,3703 5244,3703 5334,3709 5423,3709 5513,3709 5603,3709 5692,3715 5782,3715 5871,3721 5961,3721 6051,3721 6140,3721 6230,3721 6313,3733"/>
                <TextEquiv>
                    <Unicode>oder ausschliesklich bei den Repräsentanten</Unicode>
                </TextEquiv>
            </TextLine>
            <TextLine id="tr_1_tl_20" custom="readingOrder {index:19;}">
                <Coords points="3957,3843 4715,3852 5011,3939 5833,3869 6196,3977 6193,3803 6127,3791 3954,3718"/>
                <Baseline points="3972,3834 4061,3834 4151,3840 4241,3840 4330,3846 4420,3846 4509,3852 4599,3852 4689,3852 4778,3852 4868,3852 4957,3852 5047,3858 5137,3858 5226,3858 5316,3858 5405,3864 5495,3864 5585,3864 5674,3864 5764,3870 5854,3870 5943,3870 6033,3876 6122,3876 6200,3882"/>
                <TextEquiv>
                    <Unicode>der negativen Typen fänden; ebenso wie wir</Unicode>
                </TextEquiv>
            </TextLine>
        </TextRegion>
    </Page>
</PcGts>
