6696 4488
704 1716 898 1846 G.C.F.P.
720 1834 945 1904 G.C.F.P.
466 2046 945 2180 G.C.H.F.P.K
4375 676 4974 847 Kuntum.
5032 695 5396 863 at
4185 765 6250 987 Noch öfter aber ist der negative Typ ge-
3810 964 6247 1215 neigt sich entweder für den entsprechenden po-
3820 1091 6145 1342 sitiven Gegentyp zu halten oder doch alssol-
3817 1202 6177 1491 chen aufzuspielen, auch wenn es ihm mehr oder
5653 1345 6164 1463 irmertell
5174 1399 5444 1478 re ces
3839 1434 6202 1605 weniger to wusst ist, dass ihr Reich auf den ne
5517 1507 5967 1624 a Solite
3823 1596 6215 1808 ativen xxx beschlossen ist. Die Repräsentan-
3861 1726 6250 1913 ten diesuxnegativen Trpus wirken in ihren an-
3848 1846 6266 2113 gemassten Rollen je nach Begabung, Charakteran
3855 2040 6190 2240 lagen, äusseren Umständen träihenisch, lächer
3839 2195 6202 2379 lich, unverschämt oder beklagenswert, manchmal
3858 2291 6250 2551 aber gelingt es ihnen durch Gewandtheit oder
3867 2487 6199 2697 auch durch Naivetät über ihre eigentliche Na
3931 2649 5105 2824 cette jeune fait hondert.
3886 2722 4740 2881 tur zu täuschen.
4286 2811 6323 3042 Manche Repräsentanten des positiven Ty
3889 2982 6294 3172 pus sind verdammt zeitlebens unerkannt auf Er-
5730 3042 6440 3182 entwertender
4908 3109 5146 3211 sogar
3889 3141 6183 3328 den zu wandeln oder selbst mit den GegentyP
3896 3255 6126 3493 zu gelten. Für manche wiederbedarf es eines
3937 3410 6377 3661 grossen Anlasses, damit sie sich als das über-
3934 3585 6278 3810 haupt erweisen können, was sie wirklich sind.
3915 3737 6466 4026 Blo ibt ein solober Anlass überhaupt aus, so kann zu
