5224 4168
808 564 2313 734 sönlichkeitskomplexes eine dominierende
820 698 2321 816 Rolle spielt so pflegen wir das betreffende Ad-
829 770 2323 920 jektiv, das dièse Anlage, diese Eigenschaft, diesen
808 879 2332 994 Seelenzustand bezeichnet, gern in Verbindung
818 949 2324 1070 mit dem Wort Natur anzuwenden und sprechen
808 1040 2326 1188 dann z. B. von enthusiastischen, dilettantischen
806 1146 1660 1256 fanatischen usw. Naturen.
913 1197 2324 1334 Wahrhaft enthusiastische Naturen z. B.
837 1313 2307 1431 gibt es wohl nur unter den positiven Typen, ge¬
831 1395 2336 1518 legentliche enthusiastische Stimmungen
820 1478 2343 1592 oft genus unter den negativen Typen (etwa
837 1579 2264 1685 unter dem Einfluß von Massensuggestionen).
890 1632 2334 1772 Manche seelischen Attribute (Eigenschaften)
837 1732 2332 1841 wieder, die gerne als ursprüngliche Charak-
842 1814 2355 1941 teranlagen angesehen werden, sind sehr häufig
831 1920 2336 2015 nur als fließende Seelenzustände zu wer¬
915 2068 2351 2222 Tapferkeit und Feigheit z. B. sind viel
848 2178 2374 2279 seltener ursprüngliche Charakteranlagen, als man.
841 2256 2347 2370 denkt. Es gibt wenige geborene Feiglinge und
846 2355 1860 2471 noch weniger geborene Helden.
915 2414 2349 2545 Auch Glaube und Zweifel sind nicht allzu¬
841 2516 2362 2641 häufig als Charakteranlage vorhanden. Gerade
861 2588 2368 2727 siesindfließende Seelenzustände kat' tžoxfijv
873 2679 2360 2823 und häufig genug kommen sie sogar nur als
879 2787 2347 2932 Stimmungen vor. Wie könnte man sonst ver-
842 2867 2368 3004 stehen, daß auch gläubige Naturen nicht selten
410 2816 620 3070 Sir,
861 2962 2381 3101 an ihrem Gott irre werden — und daß immer
861 3032 2381 3152 wieder Zweifler sich zu einem Glauben oder ganz
854 3129 1941 3311 allgemein zum Glauben bekehren.
3064 510 4488 687 Es kann in derselben Menschenseele eine be¬
3004 653 4493 778 stimmte Eigenschaft zugleich als Bega¬
3017 761 4493 848 bung und als Charakteranlageund als flie¬
3004 824 4499 934 Bender Seelenzustand vorhanden sein, z. B.
3011 922 4516 1047 gibt es zuweilen kritische Begabung im Verein
4611 886 4958 1114 1st
3002 1004 4518 1142 mit einer Art kritizistischer ###Charakteranlage*
3011 1089 4497 1214 (Nörgelsucht); oft genug gibt es eine solche An-
4617 1114 4962 1334 wee
3004 1199 4503 1302 lage ohne spezifisch kritische Begabung; oder
3004 1260 4518 1404 auch wieder kritische Begabung ohne eigentliche
3011 1361 3962 1478 kritizistische Charakteranlage.
3083 1423 4510 1581 Der Seelenzustand des Kritizismus wird
3004 1526 4527 1632 sich unter den Repräsentanten der negativen
3028 1624 4518 1753 Typen besonders häufig beobachten lassen, ins¬
3017 1696 4510 1810 besondere wird er hier als fließender Seelenzu-
3017 1784 4508 1899 stand Neigung haben, sich zur Eigenschaft zu ent-
3028 1894 4510 1979 wickeln, da er aus Minderwertigkeitsgefühlen,
3034 1966 4516 2072 Eitelkeit und Ressentiment hervorzugehen
3034 2044 4505 2178 pflegt. Politiker, Journalisten, Lite-
3028 2129 4529 2241 raten sind vor allem zum Seelenzustand des
3027 2231 3763 2349 Kritizismus disponiert.
3112 2294 4535 2423 Man möchte glauben, daß die Neigung zu
3028 2416 4535 2522 dilettantischen Seelenzuständen nur den
3034 2497 4543 2592 negativen Typen zukäme, doch gerade dieser
3047 2586 4533 2696 Seelenzustand, sowohl als Anlage wie als fließen-
3047 2662 4541 2797 der Seelenzustand ist unter den positiven Typen
3047 2757 3780 2867 durchaus nicht selten.
3112 2801 4546 2941 Die Bezeichnung Dilettantismus gehört ja
3047 2934 4560 3028 zu denjenigen, mit denen der Sprachgebrauch
3051 3027 4535 3123 am willkürlichsten zu verfahren pflegt. Bald be-
3053 3101 4558 3252 zeichnet man als Dilettanten einen Künstler von
