5176 4136
842 601 2346 708 dadurch zuweilen gesteigerten Möglichkeiten
854 710 1579 812 eines höheren Wirkens.
914 780 2340 901 Ein bedeutender Anlaß kann den Reprä-
842 903 2342 986 sentanten des negativen Typs für beschränkte
848 967 2340 1078 Dauer, natürlich immer nur scheinbar, in
848 1086 2334 1163 seinen positiven Gegentyp verwandeln: merk¬
854 1160 2340 1262 würdige Zeitumstände, ein starkes persönliches
842 1237 2346 1333 Erlebnis, ein gewaltiges Beispiel, éin äußerer
842 1322 2342 1437 Zwang, —all dies kann solchescheinbare Wand¬
842 1407 2346 1498 lungen herbeiführen. So wird z. B. ein Politi-
842 1519 2342 1600 ker von diplomatischer, rhetorischer, organisa¬
861 1592 2346 1687 torischer Begabung gelegentlich wie ein Staats¬
848 1681 2348 1800 mann, ein redegewandter Pfaff wie ein Priester,
842 1762 2334 1879 ein Literat unter dem Einfluß eines starken
861 1849 2336 1957 persönlichen Erlebnisses in irgendeinem seiner
861 1938 2342 2040 Werke wie ein Dichter wirken. Niemals aber wird
840 2021 2342 2125 ein solcher Trug dauern, und der Kenner durch-
842 2115 2334 2217 schaut ihn oft schon im Augenblick, da er ver-
831 2208 2331 2314 sucht wird und der Menge gegenüber gelingt.
920 2452 2329 2591 Die Bedeutung und der Umfang der
837 2555 2340 2640 Persönlichkeit steht keineswegs in einem
837 2646 2336 2733 direkten Zusammenhang mit der Zugehörigkeit
818 2756 2329 2846 zum positiven oder negativen Gebiet. Es gibt
837 2831 2329 2928 schwache Begabungen, unbeträchtliche Energien
837 2914 2310 3047 auch im positiven [und es gibt außerordent-
831 3011 2334 3094 liche Temperamente und große Talente auch
837 3096 2323 3205 im negativen Gebiet. Denn die Persönlich¬
831 3186 2331 3309 keit des Geistesmenschen wird nicht allein
2759 604 4269 739 durch die Geistesverfassung, sondern auch
2765 723 4255 806 durch die Begabungen und Seelenzu-
2765 808 4255 914 stände bestimmt (über die in einem nächsten
2765 895 4255 999 Kapitel mehr zu sagen sein wird); — bis zu einem
2771 980 4255 1095 gewissen Grade auch durch die äußere Er-
2759 1077 4263 1194 scheinung und körperlichen Eigen¬
2752 1169 4263 1256 schaften, insofern diese von Seelenzuständen
2763 1248 4274 1358 und auch Begabungen beeinflußt werden oder
2759 1335 4269 1451 auf diese zurückwirken können. Bedeutende
2771 1430 4263 1524 Persönlichkeiten gibt es also auch im nega¬
2752 1507 4263 1609 tiven, große Menschen. in jedem Fall nur
4365 1483 4777 1715 Zestreten
2752 1632 4270 1717 m positiven Gebiet, denn nur dort gibt es
2765 1692 3575 1809 Fruchtbarkeit und Folge.
2835 1779 4255 1898 Ja die allgemeine Geistes- und Kul¬
2752 1881 4263 1964 turatmosphäre wird ebensosehr, vielleicht in
2752 1955 4255 2053 noch höherem Maße, durch die Repräsentanten
2752 2046 4272 2146 des negativen als durch.die des positiven Typus
2752 2136 4263 2223 bedingt. Erregend, belebend, öfter freilich
2741 2229 4255 2310 noch beunruhigend, nicht nur durch seine
2750 2310 4255 2414 Leistungen, sondern schon durch sein Dasein
2765 2391 4267 2518 wirkt manchmal der Repräsentant des negativen
2795 2486 4233 2586 Typus in höherem Maße als der positive; wahr
2759 2586 4244 2669 haft fördernd nur dieser. Alles im eigentlichen
2759 2665 4240 2786 Sinn Dauernde wird trotz des zahlenmäßigen
2771 2752 4252 2850 Überwiegens der bedeutenden Persönlichkeiten
2741 2848 4244 2945 im negativen Gebiet nur durch den positiven
2765 2922 3211 3056 17p geleistet.
2818 3033 4265 3120 Der positiveblp ist Irrtümern unterworfen
2746 3139 4250 3228 gerade so wie der negative, aber sein Irrtum
2741 3194 4255 3305 auch ist fruchtbar, denn in seinem Irrtum
