6680 4232
5134 624 6034 868 in all the 2 b
3891 781 6034 976 Zur Bezeichnung der Typen sind nicht die
4829 932 5334 1040 intreffevorte
3894 950 6017 1147 verhältnismässig richtigsten,sondern die
3894 1095 6223 1292 einprägsamsten Worte gewählt, das ein zweilen
3990 1228 5932 1315 sion du nouffe mort a klamé beigefo
3882 1272 6057 1484 Denn das absolut zutreffende Wort zur Be-
5424 1405 5630 1516 aber
3900 1463 6098 1609 zeichnung des Tyrus existiert/so wenig, als
5212 1554 6356 1707 in de wihls bekentenkund
3874 1574 6011 1795 oben der Typus als solcher existiert, der
3833 1745 5985 1911 (nur in der Idee und niemals in der Wirk-
3862 1911 4948 2082 lichkeit vorkommt.
4989 2268 5735 2529 mark 3
