6776 4264
3952 225 5097 490 dies noch anders.
3761 378 6274 674 Die positiven Typen: naiv,ohne Tücke, vielfältig
3783 562 6277 836 aber nicht kompliziert, reich aber nicht protzig.
3752 712 6239 952 Die positiven Typen - Idee, die negativen - Ma-
3811 949 4226 1186 terie.)
3811 1102 5035 1292 Menschen - Unmenschen.
3802 1199 6274 1455 Der Mensch (positiver Typus) einsam; aber einge-
3858 1430 4245 1604 ordnet.
4229 1529 4398 1645 -
3845 1467 5784 1757 Der Unmensch gesellig,aber isoliert.
3858 1664 6193 1945 Für den Einsamen besteht die Kontinuität der
3808 1829 5662 2063 Zeit, alles hat Bezug auf einander.)
3830 1941 6196 2216 Der Isolierte lebt ohne Zusammenhang. Das Ge-
3839 2147 5974 2369 stern ist tot, das Morgen noch ungeboren.
5253 2266 5590 2391 in her
3830 2257 6161 2531 Für den negatifen Typus ist die Zeit als Be-
5381 2456 5575 2519 r
3845 2406 6264 2687 griff bedeutungslos,da er ja nur die Gegenwart
3861 2662 4395 2862 kennt.
4935 2703 5584 2850 Mat kece Raal.
3902 2709 6186 2996 Für den positiven Typus ist der Raum (bedeu-
3867 2912 6205 3168 tungslos da nichts ihn beschränkt, da er. ins
3849 3090 5521 3387 Ewige und ins Unendliche wirkt.
5144 3705 6523 3952 im - eine überteil Begrüße
5568 3839 6342 4008 have..., do you
