6776 4440
4097 730 6338 935 Folgendes sind die Typen, innerhalb des Dia-
3997 898 5560 1106 gramms, der Geist in der Tat.
4069 1058 6253 1260 Im positiven Gebiete steigt auf der einen
4077 1223 6278 1397 Seite die Linie auf, vom Entdecker (Seefah-
5047 1294 5831 1414 Fuhrer, Orgauicator
4069 1397 5885 1557 rer) über den Feldherrn zum Helden
4077 1505 6370 1705 Auf der anderen Seite vom Mathematiker (Brü-
4092 1682 6196 1873 ckenbauer) über den Naturforscher (Arzt,
4080 1816 5777 2013 Heilkünstler) wieder zum Helden.
4092 1945 6296 2181 Und wieder über diesem Dreieck bleibt dann
4094 2136 6264 2329 schwebend, geradeso wie über dem positiven
5611 2215 6102 2310 Siriss & Wort
4109 2270 6370 2489 Dreieck in dem anderen Diogramm der Prophet,
3755 2301 4046 2481 spale
4816 2412 5018 2495 I am
4112 2438 6256 2640 über den sich imaginäre Linie zu Gott
4114 2620 4670 2794 fortsetzt.
4083 2697 6338 2934 Der Prophet steht also in ganz gleicher Be-
4097 2885 6261 3102 ziehung zum Diogram der Geist in der Tat,
4114 3068 5962 3270 wie zum Diogramm der Geist im Wort.
