6872 4360
6086 396 6254 597 21
3996 486 6374 754 Ich habe mich gehütet Beispiele zu geben, denn
3981 676 6275 862 es handelt sich hier nicht, wie immer wieder
3975 793 6302 1030 bemerkt werden muss, um Individuen, sondern um
3972 913 5050 1147 Typen, um Kategorien.
3999 1078 6407 1363 Daher ist es auch kaum möglich scharf umrisse-
3939 1261 6356 1528 ne definitionen der hier aufgestellten Katego-
3933 1384 6182 1651 rien von Geistesverfassungen zu geben. Wenn
3915 1600 6119 1802 es trotzdem versucht wird, so geschieht es
3909 1732 6251 1967 auch nur, um das Diagramm dem Verständnis nä-
3882 1874 6170 2114 herzubringen, nicht um etwas Abschliessendes
3879 2015 4609 2204 zu behaupten.
4663 2312 5269 2513 Beschreits
