6712 4472
5864 594 6056 821 22
4338 775 6203 1039 Was an einem Menschen als satanisch
3945 928 6048 1191 wirkt, ist eine Vereinigung von
3942 1101 6130 1370 niederen menschlichen Eigenschaften (Bos-
3948 1248 6223 1514 heit, NeidHass) in einer Atmosphäre von mehr
3979 1387 6116 1673 oder minder hoher Geistigkeit. Was als dä-
3970 1542 6093 1823 monisch wirkt, eine Vereinigung ausseror-
3990 1715 6133 1956 dentlicher Geistesgaben in der Atmosphäre
4033 1865 5414 2131 reinster Seelenhaftigkeit.
4386 1989 6093 2256 Das Satanische ist stets bewusst
5371 2139 5589 2261 und
4002 2142 5968 2442 auf seine Wirkung bedacht, unfruchtbar
3993 2323 6144 2584 auch bei lebhaftester Geschäftigkeit; das
3996 2476 6175 2765 Dämonische stets unbewusst, unbekümmert um
4426 2649 5046 2773 aus geabei mich
4019 2618 6203 2918 seine angeklehe Wirkung und immer frucht-
3996 2788 5963 3076 bar, auch bei scheinbarer Untätigkeit.
2397 2977 2725 3167 Gouvernement
4440 2929 6251 3212 Das satanische kann immer nur durch
4016 3113 6141 3351 seine jeusserungen wirken, das Dämonische
4024 3252 5731 3540 auch einfach durch sein Da-Sein.
4429 3376 6266 3671 Huor ist (wie ich schon an anderer
4030 3543 6150 3829 Stelle schrieb) immer dämonischer Natur;
4021 3716 6268 4019 das meich von Witz, Ironie, Satyre, dieser ge-
