5144 4136
867 476 2376 620 erst die Voraussetzung für die Möglichkeit weite¬
872 592 2169 694 ren Schaffens, bieten würde oder bietet.
944 679 2395 808 Diese Notwendigkeit, ja manchmal schon
884 779 2384 876 die Voraussicht der Notwendigkeit, jenen
872 868 2382 977 Hauch höllischen Geistes nicht entbehren
859 942 2367 1058 zu können, ist es, die unter Umständen die Tra¬
884 1033 2365 1145 gik solcher Menschen bedeutet, an der zu-
878 1130 2365 1233 grunde zu gehen sie.um so eher in Gefahr sind,
878 1206 2376 1303 in je reinerer und höherer Weise sie ihren Tyrus
878 1312 1356 1420 repräsentieren.
944 1390 2365 1489 Andererseits wieder ist dem negativen Ty¬
884 1506 2365 1583 pus das Streben oder zum mindesten eine —
872 1572 2378 1669 zuweilen kaum bewußte Sehnsucht nach
878 1663 2365 1769 der Wesenheit seines positiven Gegentypus ein¬
867 1741 2384 1847 geboren, manchmal verbunden mit dem Wissen
861 1841 2370 1932 um die Vergeblichkeit dieser Sehnsucht, was
848 1936 2365 2027 auch hier zu nahezu tragischen, im Grunde aber
861 2002 2359 2118 doch nur tragikomischen Konfliktne führen
846 2099 1058 2184 kann.
937 2181 2351 2294 Noch öfter aber kommt es vor, daß der nega-
855 2274 2351 2399 tive Typ geneigt ist, sich entweder als den ent-
855 2367 2365 2448 sprechenden positiven Gegentyp zu fühlen oder
848 2456 2359 2549 doch sich als solchen aufzuspielen, auch wenn
848 2535 2359 2634 es ihm mehr oder weniger bewußt ist, daß sein
848 2617 2353 2731 Reich innerhalb des negativen Gebietes be¬
855 2721 2361 2806 schlossen ist. Solche Repräsentanten des nega¬
855 2810 2361 2916 tiven Typus wirken in ihren angemaßten Rollen
855 2899 2361 2992 je nach Begabung, Charakteranlagen, äußeren
861 2970 2340 3078 Umständen lächerlich, unverschämt oder be-
855 3074 2351 3216 klagenswert manchmal aber gelingt es ihnen,
2746 548 4244 681 durch Gewandtheit oder auch durch Naivität
2770 673 4249 764 über ihre eigentliche Natur auch den
2770 755 4257 868 Menschenkenner eine gewisse Zeit hindurch zu
2765 848 3146 950 täuschen.
2818 929 4249 1033 Manche Repräsentanten des positiven Ty-
2753 1014 4259 1134 pus sind verdammt, zeitlebens unerkannt auf
2759 1115 4249 1200 Erden zu wandeln oder sogar für den entspre-
2770 1185 4249 1314 chenden Gegentyp zu gelten. Für manche wie-
2746 1291 4257 1380 der bedarf es eines großen Anlasses, damit sie
2753 1367 4263 1475 sich als das erweisen können, was sie wirklich sind.
2753 1449 4263 1553 Bleibt ein solcher Anlaß aus, so kann es gesche-
2751 1540 4259 1636 hen, daß ihnen zeitlebens ihr eigenes Wesen ver¬
2759 1631 4280 1720 borgen bleibt oder ihnen nur ahnungsweise
2759 1718 3899 1813 schmerzlich zu Bewußtsein kommt.
2829 1813 4280 1928 Mancher Repräsentant des positivenblpus
2759 1896 4249 2004 wandelt, mit Absicht in den Gegentyp ver-
2765 1985 4263 2080 kleidet, auf Erden umher; mancher gefällt
2753 2063 4263 2173 sich dauernd aus irgendeinem Grunde in dieser
2770 2169 4263 2257 Rolle eines Gegentyps, mancher spielt sie aus
2757 2249 4246 2346 Ekel weiter („an der Menschheit verzweifelnd
2759 2338 4274 2456 oder „sie verachtend“), nicht selten tritt auch
2765 2433 4257 2531 eine Art von Mimikry ein, so daß z. B. mancher
2765 2514 4274 2630 Staatsmann von dem Gewimmel der Politiker
2759 2626 4274 2700 um ihn, mancher Priester nicht von den Pfaffen
2759 2710 4268 2812 — gelegentlich selbst für den Kenner —zu unter¬
2759 2786 4274 2890 scheiden ist. Es geschieht sogar manchmal, daß
2759 2882 4268 2975 der positiveblpp eine Sehnsucht darnach emp¬
2776 2954 4274 3085 findet, sein Gegen typ zu sein, insofern er näm-
2765 3051 4280 3140 lich diesen beneidet — um dessen Unbeschwert-
2759 3136 4274 3254 sein, dessen innere Unverantwortlichkeit und die
