5224 4152
805 580 2323 734 den und ausnützen könnte. Seine Erlebnisse
816 704 2329 837 sind ihm bewußt oder unbewußt Mittel zum
822 772 2319 913 Zweck. Er ist unfähig, einem Erlebnis,einem
818 864 2317 993 Menschen, einer Sache betrachtend, also wahr-
818 942 2323 1109 haft reinen Herzens gegenüberzustehen. Keiner
837 1029 2329 1187 unter den negativen Typen ist manchmal so na he
835 1126 2336 1271 daran, tragisch zu wirken als er, denn' er ist
299 1164 742 1273 wenn auch
831 1212 2350 1341 der bewußteste unter ihnen. Aber er bleibt in
327 1254 751 1442 oft bedu
847 1292 2294 1454 jedem Falle nur eine tragikomische Figur
906 1381 2340 1524 Er ist unter allen Typen der unmensch¬
280 1395 660 1552 tendu
843 1484 2342 1610 lichste, daher schreibt man ihm zuweilen
854 1551 2346 1707 Dämonie zu, während er doch auch in seinen
293 1539 691 1743 From als
847 1670 2329 1775 bedeutendsten Erscheinungen nur als sata
841 1750 1872 1882 nisch bezeichnet werden kann.
932 1815 2363 1967 Beim Dichter ist die Linie des Lebens
860 1893 2367 2036 und des Schaffens ein und dieselbe. Beim
854 2007 2361 2127 Diteraten sind es zwei Linien, die in gewissen
864 2074 2365 2218 (erhöhten) Momenten nahe zueinanderfließen,
871 2182 2371 2327 ja sich so völlig decken können, daß der Eindruck
864 2249 2365 2399 einer einheitlichen Linie hervorgerufen (und der
871 2355 2371 2468 literat für einen Dichter gehalten) wird. Der
877 2433 2371 2557 Typus Literat findet sich keineswegs nur unter
864 2525 2361 2648 den Schriftstellern; literatenhafte Einstel-
883 2584 2376 2745 lung zum Leben im Sinne steter Bereitschaft
864 2705 2365 2831 zur selbstbeobachtung, Neigung zur Selbst-
881 2799 2371 2907 bespiegelung bei Vernachlässigung der zu er-
883 2854 2395 2998 füllenden wesentlichen Forderungen, manchmal
888 2955 2395 3101 selbst zum eigenen Schaden, findet sich bei
890 3048 2386 3206 vielen Menschen die mit dem Literatenberuf
896 3162 1571 3291 nichts zu tun haben.
2913 489 4440 637 Der Dichter bringt immer sich selbst dar,
2930 620 4418 736 auch in einem Werk, darin er matt und unzuläng
2936 706 4440 829 lich ist. Der Literat spart sich auf, auch wo
2936 776 4435 911 er sich zu verschwenden scheint. Deutlicher noch
2945 868 4442 1018 als anderswo zeigt sich hier das quanti tative Über-
2960 982 4448 1088 wiegen des negativen Prinzips in der Welt: es
2960 1069 4437 1193 gibt viel mehr bedeutende Literaten, als es be-
2939 1143 4454 1258 deutende Dichter gibt; aber kein Literat, mag
4562 1145 4863 1328 tge
2958 1229 4477 1410 er auch Meisterwerke schaffen ist jemals ein
2947 1318 3765 1469 großer Mensch gewesen.
4456 1336 4943 1533 Le haber
3002 1589 4423 1752 EIN ZWISCHENKAPITEL UBER
3084 1727 4351 1857 BEGABUNGEN UED SEELEN
3497 1821 3972 1965 ZUSTAND
3044 2007 4482 2129 Auf den ersten Blick mag es scheinen, als wenn
2987 2097 4463 2234 mit den aufgestellten Typen nicht sämtliche in-
2983 2188 4482 2313 nerhalb dieses Diogramms möglichen einheit-
2970 2279 4484 2384 lichen Geistesverfassungen aufgezählt wären, und
2976 2367 4477 2481 mancher wird z. B. den Satiriker, den Dilettan-
2989 2452 4490 2566 ten, den Kritiker,den Melancholiker, den Fana-
2989 2534 4490 2654 tiker, den Zweifler, den Enthusiasten und noch
2996 2643 4083 2761 viele andere zu vermissen glauben.
3055 2722 4499 2833 Diese genannten und viele andere Typen
2983 2804 4499 2922 haben in dem Diogramm einfach deshalb keinen
2989 2901 4494 3044 Platz gefunden, weil sie nicht hineingehören.
3008 3004 4499 3112 Denn der Kritiker, Enthusiast, Zweifler usw.
2995 3073 4511 3227 stellt nie und nimmer den Typus einer Geistes-
3866 3603 4577 3725 Schnitzler, Diogramm
2915 3581 3681 3813 1 8. SEZischer, Berlin.
3204 3717 4429 3932 Spamersche Buchdruckerei in Leipzig
