3480 4232
342 299 524 458 de S.
299 481 382 561 1
541 717 2810 849 Der Geist im Wort und der Geist in der Tat.
604 886 3022 972 *... -.., -. - * - - * * * - *
488 1038 2697 1145 Vorläufige Bemerkungen zu zwei Diogrammen.
2501 1105 3029 1208 ===  =======
498 1151 2468 1211 * * * * ̃ * * - * ** *  =================*
955 1267 1639 1456 Im Folgenden
896 1413 2803 1523 Es wird hier versucht das Gebiet des
302 1516 2963 1695 menschlichen Geistes, insofern er sich durch das
478 1682 2959 1908 Wort (kundzugeben) und insofern er sich durch die
809 1805 3112 1937 gegennetige Stelle de lutyser de cet et juste,
488 1901 3049 2044 Tat auszudrücken vermag; insbesondere die
740 1977 2107 2060 in dacuilche Bezeitung ist ein de
534 2014 2906 2146 der Urtypen xxxainandxxx und xxx
1655 2136 2369 2233 in twee temps in
491 2166 2664 2302 zu einander schematisch darzustellen. - xxx
906 2342 3026 2455 Vielen wird dieser Versuch kaum mehr be-
2525 2428 2853 2528 Andere
484 2505 2972 2611 deuten als einegraphische Spielerei. Auf Mancka
484 2667 2972 2793 aber wird er vielleicht anregend, ja in gewissem
1612 2707 3138 2850 involorn ; durch der Aufklar
508 2810 3128 2939 Sinne beruhigend wirken, indem manche Widersprüchen
541 2919 2140 2996 ihose Aufklärung finden dürften
494 2996 2972 3089 die uns immer wieder in der Beurteilung von In-
1828 3065 1927 3172 in
491 3072 2969 3261 dividuen, als welche diese Typen in der Welt der
484 3271 3042 3390 Erscheinungen aufzutreten genötigt sind, zu verwin¬
484 3390 2899 3629 ren pflegen x Weltung kommt nicht beobristigt
1685 3440 2316 3540 Teilge besch ver¬
2631 3454 3072 3550 Kaleferin
985 3513 2926 3643 Die erläuternden Bemerkungen erheben
1702 3613 1931 3672 in the
484 3639 2919 3779 auf Vollständigkeit oder gar auf Endgültigheit
484 3762 1330 3872 keinen Anspruch.
