6840 4360
5703 517 5865 677 49
3840 639 6144 941 Beim Literaten ist die Linie des Lebens und
3872 773 6196 1139 des Schaffens ###
3884 933 6214 1252 In gewissen erhöhten Momenten der Produktion
3878 1121 6103 1452 decken sich die beiden Linien, um dann umso
3890 1255 6005 1548 kräftiger wieder auseinander zu streben.
3881 1415 6225 1726 Je höher die spezifische Begabung,umso siche-
5854 1493 6501 1636 is, -fllein
3916 1595 6231 1894 rer wird dadurch den Eindruck der dontität
3901 1758 5665 2036 der beiden Linien hervorgerufen.
5290 1885 6042 2097 sehns sont
