6808 4328
5924 693 6288 894 34 b
3929 750 6342 1023 Als Pfaffen bezeichnen wir in Allgemeinen ei-
3941 1017 6225 1167 nen angehörigen des prieste/lichen Berufes,
3938 1158 6084 1366 dessen Anlage den Forderungen, die mir an
3935 1330 6210 1495 den Priester zu stellen gewohnt sind, nur in
3929 1492 6255 1669 bescheidenen Masse entsprechen. Ja, das Eigen-
3920 1588 6195 1813 schaftswort „pfäffisch" hat einen besonders
3923 1774 6258 1975 hässlichen Nebensinn, insbesondere von Unauf-
3914 1939 5042 2140 richtigkeit bekommen.
3899 2098 6204 2272 Dass es unter den Angehörigen des priester-
3905 2230 6069 2395 lichen Berufes mehr Pfaffen als Priester
3905 2395 6201 2557 gibt,, ist selbstverständlich,sowie es unter
3902 2533 6183 2749 den Angehörigen des Staatsdienstes mehr Po-
3899 2713 5510 2935 litiker als Staatsmänner gibt.
