6728 4504
5908 725 6175 925 47
3905 846 6257 1060 Einflüsse,persönliche Schicksale können ihre
3932 1039 6169 1271 Verkümmerung oder auch ihre Vervollkommnung
5934 1142 6325 1315 a solide
3926 1189 6151 1424 zur Folge haben. Die Geistesverfassung kann
3926 1318 6184 1547 weder verkümmern noch sich vervollkommnen.
4572 1512 6237 1685 Gewisse Affinitäten zwischen be-
3932 1674 6201 1850 stimmten Geistesverfassungen und bestimmten
3935 1791 6169 2064 Begabungen leuchten ohneweiters ein,wie z.
3932 1964 6260 2185 B. die zwischen spezifisch dichterischer Be-
3938 2141 6298 2340 gabung und der dichterischen Geistesverfassig
3929 2261 6225 2493 Doch auch hier handelt es sich immer nur um
3949 2452 6260 2625 Affinität nicht um notwendige Beziehung oder
3943 2604 6034 2787 gar um Identität. Es kann auch ein sehr
3940 2728 6166 2945 hohes Mass dichterischer Begabung batehen,
3955 2919 6248 3095 ohne dass das betreffende Individuum als Re-
3967 3042 6254 3247 präsentant des Typ Dichter zu bezeichnen wä-
3961 3209 6081 3424 re, wie es andererseits wieder ganz echte
3961 3424 6207 3556 Repräsentanten xyz Dichter von ge-
3949 3538 5823 3747 ringer dichterischer Begabung gibt.
4328 3679 6345 3896 Schon bei der Betrachtung des Diagrams
