6776 4632
5875 864 6041 999 66
3959 1007 5099 1196 den Propheten zu Gott
4232 1148 6050 1328 von der Spitze des negativen Drei¬
3970 1314 6171 1488 ecks eine imaginäre Linie über den Tücks¬
4280 1443 4736 1548 Bosemicht
3970 1511 4817 1643 hold zum Teufel.
4232 1612 6185 1801 Prophet und Tückehold also, ebenso wie
3959 1753 6218 1947 Gott und Teufel stehen xxx in der gleichen
3965 1922 6035 2107 Beziehung zum „Geist im Wort,wie zum
3959 2116 4902 2262 Geist in der Tat.
4288 2395 5948 2530 Nicht hierin allein drückt sich
3979 2546 6165 2698 eine, man darf wohl sagen, gesetzmässige Be-
3962 2715 5999 2876 ziehung zwischen den beiden Diogrammen
3984 2864 5355 3033 des Worts und der Tat aus.
5450 2923 5681 3050 die
4342 2969 6002 3149 Stellen wir nämlich diese beiden
3967 3140 6095 3309 Diogramme einander gegen über,so erkennen
3967 3334 6128 3495 wir, dass zwischen den Urten an den ang-
3984 3430 6069 3621 logen Punkten des einen und des anderen
3979 3588 6182 3773 Diogramms befindlichen Ertypen auch gewis-
3990 3745 6235 3917 se Analogien, Geistesverwandtschaften gerin-
3996 3922 6120 4097 geren und höheren Grades batehen, so dass
