6856 4536
4267 842 6303 1013 Der Geist im Wort und der Geist in der
5440 943 6477 1065 x* * * * - * *'* * n * * » * *
4331 977 5003 1090 x* ̃  =============  =========  =
4048 1044 6248 1239 Vorläufige Bemerkungen zu zwei Diogrammen.
5076 1184 6282 1285 x* * * - * * *. * *'* * » * *
4472 1212 4869 1303 3 ̃ — — —  — —
4026 1221 4331 1319 — — — —
5034 1264 5244 1383 Von
4741 1355 5897 1502 Arottaufonigle
4554 1471 6340 1612 Im volgenden wird versucht das Ge-
5534 1563 5894 1673 eviter
4023 1627 6300 1780 biet des menschlichen Geistes 1. insofern er
5186 1725 5604 1856 zweiten
4035 1786 6264 1951 sich durch das Wort und S. insofern er sich
4029 1886 6410 2088 durch die Tat kundzugeben vermag, insbesondere
4029 2115 6456 2265 die Beziehung zwischen den Ortypen des mensch-
4038 2265 6410 2415 lichen Geistes,schematisch in zwei Diogrammen
4042 2399 6352 2592 darzuste len,womit xxx keine Wertung,
4048 2598 6383 2698 sondern (ausschliesslich) eine Kategorisierung
4029 2717 5769 2866 dieser Ortypan beabsichtigt ist.
4637 2836 6545 3059 Vielen wird dieser Versuch kaum mehr
4054 3034 6285 3187 bedeuten als einegraphische Spiele rei. Auf
5525 3117 6096 3226 Mg Märss
4045 3172 6203 3352 Andere xxxx xyz er
4066 3352 6416 3513 vielleicht anregend. ja in gewissen Sinn beru-
4057 3471 6291 3666 higend wirken-durch Aufklärung scheinbarer
4060 3669 6441 3816 Widersprüche, die uns immer wie der bei der Be-
4069 3806 6523 3990 trachtung und in der Beurteilung von Individuen
