6856 4440
4101 610 6325 888 pas Diogramm : Der Geist in der Tat stellt
4496 789 5494 923 all in ewelt sollten
4052 807 6388 1062 gewissermassen (ein Gegenstück zu dem frühe-
4124 940 6298 1213 ren Diogramm: Der Geist im Wort vor. Auch
4127 1083 6333 1329 hier handelt es sich um zwei gegenständige
4130 1254 6301 1498 Dreiecke,die durch eine ingainäre, aber un-
4136 1425 6403 1622 überschreit bare Linie-ihre gemeinsame Basia-
4124 1620 4879 1831 getrennt sind.
4548 1704 6339 1892 Auch hier stellt das obere preieckt
5097 1834 6339 1939 geblückt in die Köchte
4142 1913 6339 2128 das positive, dem Göttlichen zugewandte, das
5634 1982 6383 2096 den in d Rille
4133 2043 6400 2229 untere preieck das negative,ins Teuflische
3997 2145 6319 2412 gewandte Gebiet vor, innerhalb dessen. der
4148 2307 6406 2516 Geist seine Wirksamkeit entfaltet, doch xxx
4206 2482 6417 2728 nicht insofern er sich durch das Wort,son-
4148 2659 6226 2891 dern insofern er sich die Tat ausdrückt
4156 2827 4844 3053 und- kundgibt.
