6856 4392
5956 357 6313 666 38
5269 573 6027 746 Newahie 46
3993 662 6181 940 er Dichter,Gestalter-aus innerer Notwen-
3993 850 4443 1011 digkeit.
3972 927 6335 1223 (In seinen höchsten Momenten) ist ihm die gan-
3987 1137 5220 1334 ze Welt Stoff. heleue)
5401 1229 5614 1365 Un
4012 1263 6264 1513 In seinem schöpferischen Augenblicken wird
4557 1417 4776 1522 il et
3987 1427 6073 1627 ihm alles zu Material für sein Werk, in
5075 1575 5343 1673 recher
3975 1611 6277 1787 seinen unfruchtbaren wird die ganze Welt für
3984 1747 6298 1957 ihn glanzlos. Mein kauf heusch in Jnade der Appellan¬
3962 1907 6039 2092 (Die Linie des Lebens und des Schaffens
5331 2034 5636 2200 Nu S.
3969 2034 5198 2249 ist bei ihm identisch.
3944 2194 6421 2406 Er ist der fliessende Spiegel der Welt.Br. bleibt
3950 2388 6227 2557 bleibt és (in der Idee) auch wenn der Spiegel
3947 2539 6098 2776 sich trübt oder zeitweise undurchsichtig
3935 2653 4252 2826 wird.
3916 2736 6187 3004 (Auch heftige Bewegung der Oberfläche kann
3941 3017 6227 3232 das Bild der Welt trüben, aber nicht auf die
3932 3158 4289 3325 Dauer.
3913 3254 6264 3497 (Die Welt, das Leben, seine Erfahrung gibt ihm
3929 3436 6169 3648 Material, aus dem er mit Notwendigkeit sein
3941 3593 4640 3842 Werk bildet.
