6712 4520
5758 781 5947 973 38
3983 918 6234 1142 Der Dichter ist Gestalter und Bewahrer aus
4003 1110 6202 1278 innerer Notwendigkeit.In seinen schöpferi-
3997 1249 6179 1444 schen Momenten ist ihm die ganze Welt Ma-
3983 1374 6266 1586 torial für sein Werk. In seinen unfruchtba-
3983 1566 6164 1749 ren ved iert die ganze Welt für ihn ihren
4413 1705 5357 1821 Votre ulischt gewiert
2600 1711 2783 1836 G.C.F.P
3991 1699 6281 1909 Glanz,je in gewissen Sinn ihr Dasein. Keiner
1560 1726 1737 1941 G.C.P.
3991 1880 6292 2065 ist so sehr wie er Mensch von Gnaden des Au¬
3991 2028 4529 2217 genblicks.
3971 2141 6254 2341 Er ist der fliessende Spiegel der Welt und
5046 2301 6376 2440 geilverly bis so durch seitlichkeit
3983 2336 6208 2603 bleibt es, auch wenn der Spiegel sich trübt
3997 2510 6164 2652 oder seitweise undurchsichtig wird. (Auch
3977 2644 6127 2841 heftigen Bewegung der Oberfläche kann das
3977 2789 6263 2998 Bild den Welt trüben, aber nicht auf die Pau-
3983 2963 4172 3204 ek).
4265 3207 6353 3460 Dem viteraten ist die Welt nicht april-
3983 3408 6173 3564 ri Mat erial für sein Werk.Er ist vielmehr
3971 3582 6138 3739 auf Stoffe aus. Er betrachtet
3971 3695 6310 3887 sich, seine eigenen Erlebnisse,seine Bekannt-
5888 3852 6388 4015 Bezichung
