6888 4344
6017 417 6181 572 21
3861 554 5554 874 Prophetentum Tiefblick,Erkennen.
4787 798 5134 987 Ma. 7.
3919 904 6194 1118 Manche positiven Typen spielen die negative
5274 1020 5792 1172 and is - w
3873 1054 5320 1318 aus Ekel oder aus Mimikrie.
4150 1212 5645 1398 A Element de J’ Autea („ aujentet in¬
3974 1215 6370 1492 Mehr Elemente des Glaubens auf der linken Sei
4007 1449 6069 1669 te des Dreiecks. Beim Priester und beim
4004 1541 6410 1781 Staasmann mehr als beim Philosphen und Histo-
4001 1723 5910 1985 riker, (die zum Zweifel disponieren).
4019 1772 6477 2122 Gefühl der Berufung,insbesondere beim Priester.
4077 2077 5862 2323 Ueberzeugtsein von seiner Mission.
