<?xml version="1.0" encoding="UTF-8" standalone="yes"?>
<PcGts xmlns="http://schema.primaresearch.org/PAGE/gts/pagecontent/2013-07-15" xmlns:xsi="http://www.w3.org/2001/XMLSchema-instance" xsi:schemaLocation="http://schema.primaresearch.org/PAGE/gts/pagecontent/2013-07-15 http://schema.primaresearch.org/PAGE/gts/pagecontent/2013-07-15/pagecontent.xsd">
    <Metadata>
        <Creator>prov=READ-COOP:name=TrHtr:version=2.1.0:model_id=51170:date=28_07_2023_08:51</Creator>
        <Created>2023-05-10T11:17:20.786+02:00</Created>
        <LastChange>2023-07-28T08:51:55.532+02:00</LastChange>
        <TranskribusMetadata docId="1428141" pageId="55385756" pageNr="130" tsid="131327157" status="IN_PROGRESS" userId="64420" imgUrl="https://files.transkribus.eu/Get?id=QKOTDZEJQNTWJCJFFFNSMKHN&amp;fileType=view" xmlUrl="https://files.transkribus.eu/Get?id=OSANWPTWXLJPWSCGSWBGBNYU" imageId="44660655"/>
    </Metadata>
    <Page imageFilename="1428141_0130.jpg" imageWidth="6824" imageHeight="4360">
        <ReadingOrder>
            <OrderedGroup id="ro_1711822898590" caption="Regions reading order">
                <RegionRefIndexed index="0" regionRef="tr_1"/>
            </OrderedGroup>
        </ReadingOrder>
        <TextRegion id="tr_1" custom="readingOrder {index:0;}">
            <Coords points="3810,499 6444,499 6444,3127 3810,3127"/>
            <TextLine id="tr_1_tl_1" custom="readingOrder {index:0;}">
                <Coords points="5825,620 5873,620 5892,601 5936,582 5981,541 6006,544 6006,379 5968,385 5930,414 5911,407 5879,429 5857,414 5825,420"/>
                <Baseline points="5841,549 5930,549 6014,549"/>
                <TextEquiv>
                    <Unicode>34</Unicode>
                </TextEquiv>
            </TextLine>
            <TextLine id="tr_1_tl_2" custom="readingOrder {index:1;}">
                <Coords points="5208,655 5255,662 5351,617 5379,624 5430,592 5574,604 5589,468 5558,474 5500,429 5472,426 5373,458 5306,449 5252,474 5230,464"/>
                <Baseline points="5232,621 5315,609 5405,603 5494,585 5584,585"/>
                <TextEquiv>
                    <Unicode>vor 53.</Unicode>
                </TextEquiv>
            </TextLine>
            <TextLine id="tr_1_tl_3" custom="readingOrder {index:2;}">
                <Coords points="3789,907 4565,811 6270,824 6350,643 5526,598 5233,687 4861,592 4632,700 3795,674"/>
                <Baseline points="3810,812 3846,818 3935,818 4025,824 4115,824 4204,818 4294,818 4383,818 4473,812 4563,806 4652,806 4742,806 4831,800 4921,794 5011,800 5100,800 5190,788 5279,788 5369,782 5458,782 5548,776 5638,770 5727,770 5817,764 5906,764 5996,758 6086,758 6175,752 6265,752 6354,758"/>
                <TextEquiv>
                    <Unicode>Der Priester auf der positiven, der Pfaffe auf</Unicode>
                </TextEquiv>
            </TextLine>
            <TextLine id="tr_1_tl_4" custom="readingOrder {index:3;}">
                <Coords points="3973,1002 5968,970 6334,926 6337,808 3980,875"/>
                <Baseline points="3995,979 4013,973 4103,973 4192,979 4282,973 4371,973 4461,967 4551,961 4640,961 4730,961 4819,955 4909,949 4999,949 5088,943 5178,943 5267,943 5357,943 5447,937 5536,931 5626,925 5715,925 5805,919 5894,919 5984,913 6074,913 6163,913 6253,907 6342,901"/>
                <TextEquiv>
                    <Unicode>der negativen Seite steht,bedarf keine Erklä-</Unicode>
                </TextEquiv>
            </TextLine>
            <TextLine id="tr_1_tl_5" custom="readingOrder {index:4;}">
                <Coords points="3977,1139 6098,1123 6331,1078 6334,980 4778,964 3980,1085"/>
                <Baseline points="3995,1134 4007,1134 4097,1134 4186,1134 4276,1128 4365,1128 4455,1122 4545,1122 4634,1116 4724,1110 4813,1110 4903,1104 4993,1104 5082,1104 5172,1104 5261,1098 5351,1092 5441,1092 5530,1092 5620,1087 5709,1081 5799,1081 5888,1081 5978,1075 6068,1069 6157,1069 6247,1063 6336,1051"/>
                <TextEquiv>
                    <Unicode>rung. Hier dankt sich sprachgebrauch und all-</Unicode>
                </TextEquiv>
            </TextLine>
            <TextLine id="tr_1_tl_6" custom="readingOrder {index:5;}">
                <Coords points="3977,1311 4781,1279 4937,1307 5045,1272 5049,1155 4215,1142 4101,1199 3983,1145"/>
                <Baseline points="3995,1290 4067,1290 4156,1284 4246,1284 4336,1278 4425,1272 4515,1272 4604,1272 4694,1266 4784,1266 4873,1266 4963,1266 5052,1260"/>
                <TextEquiv>
                    <Unicode>gemeine Empfindung.</Unicode>
                </TextEquiv>
            </TextLine>
            <TextLine id="tr_1_tl_7" custom="readingOrder {index:6;}">
                <Coords points="5952,1352 5968,1352 6070,1279 6114,1311 6146,1282 6191,1279 6188,1190 6133,1196 6073,1148 6038,1161 6013,1187 5949,1196"/>
                <Baseline points="5966,1266 6056,1272 6145,1272 6199,1272"/>
                <TextEquiv>
                    <Unicode>for</Unicode>
                </TextEquiv>
            </TextLine>
            <TextLine id="tr_1_tl_8" custom="readingOrder {index:7;}">
                <Coords points="3973,1476 5084,1409 5901,1470 6248,1425 6254,1263 5990,1327 5539,1225 3977,1362"/>
                <Baseline points="3995,1439 4019,1439 4109,1439 4198,1439 4288,1433 4377,1433 4467,1427 4557,1421 4646,1421 4736,1421 4825,1421 4915,1421 5005,1415 5094,1409 5184,1403 5273,1403 5363,1403 5452,1397 5542,1397 5632,1391 5721,1385 5811,1391 5900,1385 5990,1379 6080,1379 6169,1373 6259,1379"/>
                <TextEquiv>
                    <Unicode>Die Bezeichnung Pfaffe bekam schon sehr bei</Unicode>
                </TextEquiv>
            </TextLine>
            <TextLine id="tr_1_tl_9" custom="readingOrder {index:8;}">
                <Coords points="3989,1616 6302,1610 6347,1454 4877,1419 4470,1460 4346,1552 3992,1463"/>
                <Baseline points="4007,1594 4019,1594 4109,1594 4198,1588 4288,1582 4377,1582 4467,1576 4557,1576 4646,1576 4736,1576 4825,1570 4915,1570 5005,1564 5094,1558 5184,1558 5273,1558 5363,1558 5452,1552 5542,1552 5632,1546 5721,1546 5811,1540 5900,1540 5990,1534 6080,1534 6169,1528 6259,1528 6348,1534"/>
                <TextEquiv>
                    <Unicode>Luther sehr bald einen verächtlichen Beisinn.</Unicode>
                </TextEquiv>
            </TextLine>
            <TextLine id="tr_1_tl_10" custom="readingOrder {index:9;}">
                <Coords points="3961,1750 6121,1756 6127,1565 3964,1607"/>
                <Baseline points="3977,1749 3983,1749 4073,1744 4162,1744 4252,1744 4342,1738 4431,1738 4521,1738 4610,1732 4700,1732 4790,1726 4879,1726 4969,1720 5058,1714 5148,1708 5237,1708 5327,1708 5417,1708 5506,1702 5596,1702 5685,1696 5775,1696 5865,1696 5954,1690 6044,1684 6133,1684"/>
                <TextEquiv>
                    <Unicode>Der Pfaffe ergreift v elleicht öfter den</Unicode>
                </TextEquiv>
            </TextLine>
            <TextLine id="tr_1_tl_11" custom="readingOrder {index:10;}">
                <Coords points="3999,1931 6410,1877 6439,1778 5100,1731 4276,1839 4005,1766"/>
                <Baseline points="4019,1893 4025,1893 4115,1893 4204,1893 4294,1893 4383,1893 4473,1887 4563,1887 4652,1881 4742,1875 4831,1875 4921,1869 5011,1869 5100,1869 5190,1869 5279,1863 5369,1863 5458,1857 5548,1857 5638,1851 5727,1845 5817,1845 5906,1845 5996,1839 6086,1839 6175,1839 6265,1839 6354,1833 6444,1827"/>
                <TextEquiv>
                    <Unicode>Priesterberuf als der geborene Priester salhst</Unicode>
                </TextEquiv>
            </TextLine>
            <TextLine id="tr_1_tl_12" custom="readingOrder {index:11;}">
                <Coords points="4285,1979 5472,1988 6146,1912 6347,1963 6347,1871 4288,1918"/>
                <Baseline points="4306,1953 4383,1959 4473,1953 4563,1953 4652,1947 4742,1947 4831,1947 4921,1941 5011,1941 5100,1935 5190,1935 5279,1941 5369,1941 5458,1941 5548,1947 5638,1935 5727,1929 5817,1929 5906,1929 5996,1917 6086,1917 6175,1911 6265,1911 6354,1917"/>
                <TextEquiv>
                    <Unicode>te mériche dazuen glaubes, aber.. in alle</Unicode>
                </TextEquiv>
            </TextLine>
            <TextLine id="tr_1_tl_13" custom="readingOrder {index:12;}">
                <Coords points="4352,2052 6213,2046 6216,1921 4355,1985"/>
                <Baseline points="4371,2048 4431,2042 4521,2042 4610,2036 4700,2036 4790,2030 4879,2030 4969,2024 5058,2024 5148,2024 5237,2024 5327,2024 5417,2018 5506,2018 5596,2012 5685,2012 5775,2006 5865,2006 5954,2000 6044,2000 6133,1994 6223,1988"/>
                <TextEquiv>
                    <Unicode>Er benützt die Dogmen, ob er sie nun</Unicode>
                </TextEquiv>
            </TextLine>
            <TextLine id="tr_1_tl_14" custom="readingOrder {index:13;}">
                <Coords points="3989,2217 6302,2186 6308,2011 5344,2030 5026,2138 4829,2049 3992,2084"/>
                <Baseline points="4007,2215 4073,2209 4162,2209 4252,2203 4342,2203 4431,2203 4521,2197 4610,2197 4700,2191 4790,2191 4879,2185 4969,2185 5058,2185 5148,2180 5237,2180 5327,2174 5417,2174 5506,2168 5596,2168 5685,2162 5775,2162 5865,2156 5954,2156 6044,2156 6133,2150 6223,2150 6313,2162"/>
                <TextEquiv>
                    <Unicode>selbst glaubt oder nicht zur Machtförderung</Unicode>
                </TextEquiv>
            </TextLine>
            <TextLine id="tr_1_tl_15" custom="readingOrder {index:14;}">
                <Coords points="3996,2373 6191,2354 6226,2208 4708,2189 3999,2262"/>
                <Baseline points="4013,2365 4079,2365 4168,2359 4258,2359 4348,2359 4437,2359 4527,2359 4616,2347 4706,2347 4796,2341 4885,2341 4975,2341 5064,2335 5154,2335 5243,2329 5333,2329 5423,2329 5512,2323 5602,2323 5691,2323 5781,2323 5871,2317 5960,2311 6050,2311 6139,2311 6229,2311"/>
                <TextEquiv>
                    <Unicode>der Kirche, deren wacht wieder ihn fördert,</Unicode>
                </TextEquiv>
            </TextLine>
            <TextLine id="tr_1_tl_16" custom="readingOrder {index:15;}">
                <Coords points="4015,2535 6226,2497 6261,2360 5061,2348 4731,2453 4015,2472"/>
                <Baseline points="4031,2520 4115,2520 4204,2520 4294,2520 4383,2514 4473,2514 4563,2514 4652,2508 4742,2508 4831,2502 4921,2502 5011,2496 5100,2496 5190,2496 5279,2490 5369,2484 5458,2484 5548,2478 5638,2478 5727,2478 5817,2472 5906,2472 5996,2466 6086,2466 6175,2466 6265,2472"/>
                <TextEquiv>
                    <Unicode>oft genug nur zu ganz persönlichen Zwecken.</Unicode>
                </TextEquiv>
            </TextLine>
            <TextLine id="tr_1_tl_17" custom="readingOrder {index:16;}">
                <Coords points="4403,2669 4826,2714 5290,2647 6149,2656 6219,2631 6226,2481 5376,2491 5119,2609 4406,2558"/>
                <Baseline points="4419,2663 4437,2657 4527,2663 4616,2657 4706,2657 4796,2657 4885,2657 4975,2651 5064,2651 5154,2651 5243,2645 5333,2645 5423,2639 5512,2633 5602,2633 5691,2633 5781,2633 5871,2627 5960,2627 6050,2621 6139,2621 6229,2616"/>
                <TextEquiv>
                    <Unicode>Dass er sich zum Priester genau so</Unicode>
                </TextEquiv>
            </TextLine>
            <TextLine id="tr_1_tl_18" custom="readingOrder {index:17;}">
                <Coords points="4008,2831 6289,2809 6318,2650 5294,2650 4626,2780 4489,2672 4015,2615"/>
                <Baseline points="4025,2831 4085,2831 4174,2825 4264,2825 4354,2825 4443,2825 4533,2819 4622,2819 4712,2819 4801,2813 4891,2813 4981,2807 5070,2807 5160,2807 5249,2807 5339,2801 5429,2795 5518,2795 5608,2795 5697,2795 5787,2795 5877,2789 5966,2783 6056,2783 6145,2777 6235,2771 6324,2771"/>
                <TextEquiv>
                    <Unicode>verhält wie der Sophist zum Philosolphen (muss</Unicode>
                </TextEquiv>
            </TextLine>
            <TextLine id="tr_1_tl_19" custom="readingOrder {index:18;}">
                <Coords points="4015,3000 4905,3019 5112,2965 5306,3032 5443,3009 5449,2822 4021,2847"/>
                <Baseline points="4031,2986 4109,2986 4198,2986 4288,2986 4377,2980 4467,2974 4557,2974 4646,2974 4736,2968 4825,2968 4915,2968 5005,2968 5094,2968 5184,2962 5273,2956 5363,2950 5452,2950"/>
                <TextEquiv>
                    <Unicode>nicht erst bewiesen werden.</Unicode>
                </TextEquiv>
            </TextLine>
            <TextLine id="tr_1_tl_20" custom="readingOrder {index:19;}">
                <Coords points="4419,3137 4591,3111 5125,3184 5275,3114 5599,3140 5580,3022 5446,3064 5360,3013 5236,3067 5182,3019 5010,3076 4848,3025 4766,3070 4508,2987 4419,3003"/>
                <Baseline points="4437,3111 4527,3111 4616,3105 4706,3111 4796,3111 4885,3117 4975,3117 5064,3117 5154,3117 5243,3111 5333,3111 5423,3105 5512,3111 5602,3111 5608,3111"/>
                <TextEquiv>
                    <Unicode>H. Dublin fait eu gleichung</Unicode>
                </TextEquiv>
            </TextLine>
        </TextRegion>
    </Page>
</PcGts>
