6872 4344
3997 432 4464 694 reis
3979 679 6278 888 Des Priesters Leidenschaft eine Vermittlung
4003 850 6255 984 zwischen Mensch und Gott herbeizuführen. Der
4847 929 5433 1036 vermittelsé
4014 1001 6206 1196 Priester sucht mit dem Mittel des Glaubens
4034 1161 5123 1344 (auch unter Zweifeln)
4005 1228 6336 1503 der Philosoph mit dem Denk das Sein und das
4011 1443 5608 1663 Werden, also Cott zu erfassen.
4017 1608 6258 1802 Weder der Priester kann vollkommen des Den-
4023 1768 6275 1965 kens noch der Philosoph des Glaubens völlig
4011 1942 4516 2096 entraten.
4058 1980 6380 2229 Für den Priester wird auch das Denken zu den
4011 2235 6281 2418 Mitteln gehören zu seinem Gott zu gelangen,
4005 2392 6194 2592 selbst wenn er kam meint, dass es nur durch
4000 2531 5230 2737 den Glauben geschieht.
