6792 4392
4525 400 5190 600 nach 13.
3574 449 3899 652 Etat
3974 455 6084 685 Lort d Gebuld pieter ist, wel d eine
5579 593 6271 724 das erfahr sind
3899 636 5442 796 derdres. Où tout est à un duc
5425 662 6215 773 the time, and I am
5268 708 5439 770 in ye
3768 721 6317 957 Vom Dichter, also von der Spitze des oberen Drei-
3758 852 6333 1101 ecks, führt eine imaginäre OLinie über den Prophe-
3732 986 6369 1268 ten zu Gott; vom Literaten, der Spitze des unteren
3748 1173 6212 1406 Dreiecks, eine Linie vom Tückerbold zum Teufel.
3751 1265 6353 1586 Der Prophet sowohl wie der Tückehold bewegen sich
3764 1468 5982 1740 in einem Bezirk des Wahns.
5694 1533 6028 1655 (him)
5334 1589 5530 1707 by —
3768 1602 6343 1861 Für den Ra-tionalisten wird der Prophet stets ein
3774 1746 6326 2018 religiös Verrückter, der Tückehold ein pathologi-
4810 1940 5078 2103 wch
4983 1946 5711 2175 de Repraisant
3784 1959 4934 2195 scher Bösewicht sein.
4285 2110 4452 2215 und
3732 2103 6297 2375 Das Dasein, das Wirken dieser beiden Untypen hat
3797 2231 6379 2483 mit der Realität kaum mehr etwas zu tun. Sie bil-
3804 2356 6068 2673 den den Uebergang zu Gott resp.zum Teufel.
3804 2526 6405 2808 Sie sind beide im wahren Sinn des Worts besessen,
4230 2729 4580 2814 etc. or T
3814 2680 6425 2975 daher verhältnismässig unfreier im Geiste als die
3836 2863 6284 3070 übrigen Typen. des Diogramms..
4980 3073 6421 3378 so soll. Teufel gelte vor
3945 3139 4747 3437 Rentenford
5019 3253 6510 3506 sibelars kein Repraesen¬
5019 3430 6261 3650 keit: - de vie
3902 3368 4839 3715 du - Fusse etc. golls
5114 3578 6281 3771 <gap/> <gap/>
4095 3578 4639 3778 Iube Aln
5127 3725 6536 3958 M - wenn in hörtel Beyn¬
5573 3820 6608 3928 here...., he is a little
