6888 4376
6096 431 6268 576 34
4036 618 6340 839 Als Analogie zum Diogramm:Der Geist im Wort,
4063 784 6343 944 gle ichsam als ein kongruentes Doppeldreieck,
4045 929 6310 1092 das sich an jenes erstes uns schon bekannte
4048 1053 6322 1264 lehnt, stellt sich das Diogramm der Geist in
4048 1219 4684 1418 der Tat dar.
4045 1369 6416 1550 Auch hier handelt es sich um zwei gegenständ-
4030 1508 6337 1752 lighe Dreiecke die durch eine mathematische,
4054 1686 6304 1825 aber unüberschreitbare Linie getrennt sind.
4060 1831 6310 2003 Auch hier stellt das obere die positive, ins
4051 1973 6367 2163 Göttliche gerichtete, die untere die negative
4054 2136 6307 2298 ins Teuflische gewandte Hälfte des Gebietes
4051 2241 6319 2488 dar, innerhalb welchen der menschliche Geist
4051 2464 6364 2600 wirkt, doch nicht insofern er durch das Wort,
4054 2567 6379 2742 sondern insofern er durch die Tat sich kund-
4618 2624 6560 2841 Mr. Reyerh but is it for with a rethlver
5447 2787 5613 2884 in the
6440 2757 6648 2947 145
4784 2802 5378 2911 gl - was "
4084 2787 4337 2914 gibt.
5046 2811 6337 2950 un nuit juiet. at de c'une
4114 2902 6422 3065 Hier steigt auf der positivenSeite links die
4084 3074 6449 3224 Linie auf vom Seefahrer (Entdecker ) über den
4334 3182 4582 3279 Sturv.
4081 3170 5939 3369 Feldherrn (Heerführer) zum Helden -
4597 3336 4772 3414 &c
4063 3318 6400 3565 Auf der rechten Seite vom Mathematiker (Brü¬
4069 3517 6500 3674 ckenbauer) über den Naturforscher (Arzt), Heil-
