6819 4360
4631 388 5649 637 im een wohl nex
3915 501 4190 709 in
4694 725 6128 1047 Tagschrech, Achialist von unterm 44
5807 889 6280 1151 sondern
3887 927 5750 1217 Der Journalist, wieder nicht als per
4921 1081 5747 1217 des J. Servis  f. d 1
3887 1088 6078 1352 als Typus, hat eigentlich nur eine Leiden-
3896 1242 6289 1551 schaft: Aktualität. Die Geschichte hat für ihn
3909 1390 6239 1680 nur einen Sinn, insofern er sie irgendwie auf
5983 1520 6337 1633 segennent
3915 1589 6371 1819 die Gegenwart beziehen kann.Er ist vom Tag
3941 1734 6195 1983 (barausch t,ön Tagesinteressen befangen.—
3919 1876 6318 2112 Politiker und Journalist sind ti-el) verwandter
3931 2021 6173 2323 miteinander als Philosoph und Sophist. Auch
3953 2182 6387 2440 als Berufsarten ergänzen sie sich gegenseitig.
3594 2153 3796 2412 Yr
5558 2421 5908 2572 Bergang
3963 2427 4767 2639 und ane inander.
3950 2484 6384 2743 Dem Journalisten kann das Wesentlichste gleich
3963 2635 6296 2938 gültig sein, wenn es nicht zugleich sensatio-
3969 2818 6507 3061 nell ist, das Unwesentlichste hat Bedeutung.
6012 2913 6463 3023 Représial
3982 2992 6368 3257 für ihn,wenn es aktuell ist. Von allen negaÖ-
3982 3134 6270 3364 tiven Typen ist er am unrettbarsten mit dem
3997 3269 6296 3553 Tag verwurzelt. Bei ihm sind alle Charakteri¬
4010 3405 6422 3714 stika dieser Seite: Unsachlichkeit, Lüge, Partei-
4019 3606 6381 3808 lichkeit u.s.w. stärker ausgesprochen als bei
4019 3692 6346 3890 sämmtlichen anderen, ja er bedarf dieser Ele-
4026 3792 6226 3966 mente, um sich selbst zu betätigen, er weiss
4032 3808 6564 4048 nichts von Zusammenhang, sondern nur vom Bezug.
