6760 4488
5976 701 6152 880 53
3905 851 6217 1085 eine solche Ausschliesslichkeit für gewisse
3917 1074 6243 1235 Begriffe annehmen durften. Wie also Wahrheit
3917 1168 6255 1376 Opfermut, Erlebnis,Dämonie u.s.w. nur bei den
4424 1341 5231 1443 be un portion qu'il
3911 1350 6258 1558 Menschen,-Lüge,Egoismus,Sensation,Satanie etc
3911 1499 6149 1666 nur bei den Un-Menschen (beim negativen Ty-
3911 1675 6237 1845 pus) xxxx sich fanden. Dies ist aber keines-
3917 1795 6164 1977 wegs der Fall. Es gibt nur ganz wenige Cha-
5272 1939 5542 2057 Tyner
4125 1951 4814 2074 deren Verkennen
3905 1930 6222 2171 rakteranlagen,die auf die positive nndx oder
4932 2106 5140 2233 ed it.
3922 2089 6161 2303 auf die negative Seite beschränkt sind.Ein
3908 2262 6243 2470 wahrha 't gutes (nicht nur gutmütiges) Indivi-
3914 2453 6272 2617 duÿm wird sich niemals auf der negativen, doch
3908 2567 6266 2769 wird sich oft genug ein wahrhaft böser xxx
3917 2714 6093 2966 Mensch unter den positiven Typen der Gei
3928 2884 5119 3116 stesverfassungen finden.
4222 3016 6255 3215 Doch gibt es selbstverständlich Affini-
3937 3177 6269 3397 täten zwischen bestimmten Geistesverfassungen
3934 3356 6202 3550 und bestimmten Charakteranlagen: ein Philo-
3922 3512 6243 3726 soph wird eher gütig sein als ein Staatsmann
3934 3641 6214 3873 oder ein Sophist.Ein Priester ohne Güte ist
