6824 4248
5431 232 6140 427 as
3988 217 4452 468 du m
4613 282 5267 474 Repar..
4338 384 5223 560 Manche porit typ.
5548 365 6220 548 cil de veu elle
3861 486 6344 660 Manche Vertreter der positiven Seite müssen ihr
3864 638 6360 842 ganzes Leben lang verkleidet in ihren Gegentyp
3877 796 6177 988 umherwandeln. Es mag auch zuweilen vorkommen,
5471 907 6124 1025 in ys ciel fu
3858 947 6137 1133 dass sie sich in dieser Rolle gefallen, dass
3855 1087 6261 1328 sie sie aus Ekel weiterspielen, (an der Mensch
3852 1238 6344 1495 heit verzweifeln); manchmal tritt auch eine
4034 1390 4440 1499 or de Mie
3883 1400 6230 1641 (ollkommene) Minikrin ein, so dass z.B. mancher
3858 1539 6301 1799 Staatsmann von dem Gewimmel der Politiker auch
3852 1734 6288 1913 für den Kenner kaum mehr zu unterscheiden ist.
3877 1920 6295 2071 wie mancher Priester nicht von den Pfaffen u.
3870 2102 4177 2260 s.w.)
