5272 4104
980 578 2496 713 biet charakteristischen Begiffen gegeben. Also:
991 717 2506 810 nicht jeder Repräsentant des positiven Typus
997 782 2424 902 weist dämonische Züge auf oder hat Humor;
985 868 2500 993 nicht jeder Repräsentant des negativen Typus
985 966 2485 1083 ist satanisch angelegt oder lügenhafter Natur; —
984 1035 2485 1149 dies aber ist gewiß, daß niem als bei den posi¬
985 1138 2498 1263 tiven Urtypen Begriffe, die für das negative Ge¬
985 1227 2500 1339 biet charakteristisch sind, und niemals bei den
985 1307 2496 1408 negativen Urtypen Begriffe, die für das positive
995 1393 2509 1514 Gebiet charakteristisch sind, als wesentlich
991 1490 2513 1589 in die Erscheinung treten. Es wird beispielsweise
985 1571 2498 1701 in irgendeinem Einzelfall dem Politiker nicht
991 1644 2490 1760 an Verantwortungsgefühl fehlen oder der Dich-
1010 1746 2487 1849 ter mag in irgend einem seiner Werke als leicht
997 1855 2483 1950 fertig erscheinen;— die Idee der Gesamtper
997 1920 2509 2057 sönlichkeit wird hierdurch nicht berührt, und
1003 1994 2513 2119 in einem höheren Sinn haben Pfaffe, Politiker,
1003 2104 2502 2213 Sophist, Journalist, Literat nichts mit der Wahr-
997 2171 2521 2287 heit und mit den übrigen Begriffen der positiven
1014 2253 2521 2376 Reihe, — Priester, Staatsmann, Philosoph, Hi¬
1016 2355 2532 2466 storiker und Dichter nichts mit der Lüge und
1010 2450 2506 2578 den übrigen Begriffen der negativen Reihe zu
1003 2551 1309 2658 schaffen.
1069 2601 2525 2724 Die meisten dieser Begriffe und deren strenge
1016 2702 2532 2825 Zugehörigkeit entweder zum positiven oder zum
1016 2797 2540 2911 negativen Gebiet bedürfen keiner Erklärung.
1010 2880 2532 3004 Z. B. ist die Gegensätzlichkeit zwischen
1014 2983 2521 3084 Altruismus und Egoismus, zwischen Verant-
1020 3063 2513 3173 wortungsgefühl und Leichtfertigkeit, Sachlich-
1020 3160 2527 3284 keit und Opportunismus ohne weiteres verständ-
2846 514 4372 673 lich. Bei anderen gegensätzlichen Begriffen, wie
2850 639 4381 769 z. B. Erlebnis und Sensation, Weg und Karriere
2858 725 4347 875 gilt zuweilen Ähnliches, als anläßlich der Ge
2871 801 4362 946 gensätzlichkeit gewisser Geistesverfassungen be-
2865 894 4381 1018 merkt wurde daß diese Begriffe sich manchmal
2877 984 4383 1132 nur durch das positive oder negative Vorzeichen
2869 1046 4387 1199 voneinander zu unterscheiden scheinen. Ein
2871 1159 4381 1298 Schicksal, das dem Dichter Erlebnis bedeutet, ist
2880 1233 4395 1368 dem Literaten meist nur Sensation usw.) Wenn
2863 1332 4393 1459 ich aber Begriffe wie Dämonie und Satanie
2894 1400 4400 1543 (dämonisches und satanisches-Wesen), wie Humor
2882 1509 4378 1617 und Witz (lronie, Satyre) als absolute Gegensätze
2880 1606 4399 1710 ansehe und die ausschließliche Affinität der einen
2892 1686 4399 1811 Begriffe zu den positiven, der anderen zu dene
2894 1779 4393 1882 negativen Geistesverfassungen als gegeben er-
2892 1866 4393 2009 achte, so bedarf es vielleicht eines ###ungs
2903 1981 3076 2091 immeuble
2972 2030 4423 2137 Was an einem Menschen als satanisch wirkt;
2898 2106 4412 2275 ist eine Vereinigung von niederen menschlichen
2911 2203 4418 2325 Eigenschaften (Bosheit, Neid, Haß), in einer
2899 2277 4423 2416 Atmosphäre von mehr oder minder hoher Gei¬
2905 2369 4404 2498 stigkeit; was als dämonisch wirkt, eine Ver-
2917 2468 4423 2585 einigung außerordentlicher Geistesgaben in der
2918 2576 4102 2675 Atmosphäre höherer Seelenzustände.
2989 2660 4437 2761 Das Satanische ist stets bewußt, auf seine
2928 2734 4435 2873 Wirkung bedacht und unfruchtbar — auch bei
2930 2812 4440 2937 lebhaftester Geschäftigkeit; das Dämonische
2930 2896 4440 3031 stets unbewußt, unbekümmert um seine augen-
2928 2995 4435 3141 blickliche Wirkung und immer fruchtbar — auch
2934 3095 3851 3225 bei scheinbarer Untätigkeit.
4543 835 4711 1022 1.
4461 1031 4901 1237 1 (z. B)
4467 1383 4986 1549 + defur
4524 1796 4792 1956 L2
4610 1948 5078 2078 Erklerin
4810 2059 5026 2253 ëe
