6728 4504
5807 719 6046 879 48 a
3888 847 4835 1081 ###
3875 1004 6206 1218 So gibt es dichterisch höchst begabte noman-
4582 1129 6021 1237 nicht eine Kifonee historische Runau
3834 1167 6251 1349 Schriftsteller,die der Geistesverfassung nach
3875 1353 6251 1509 als Historiker (Kontinualisten) zu bezeichnen
4492 1410 6430 1560 besonders solche mit rönnige oder prach abgestel¬
3898 1493 6472 1707 sind. Es gibt auch dichterische Begabungen, die Ein
6229 1596 6453 1755 Holl. I
3882 1624 6187 1851 der reistesverfassung nach dem Tyrp Naturfor-
3901 1803 6094 1960 scher (siehe nächstes Diogramm.Der Geist
3895 1899 6206 2136 in der Tat" (mit vorwiegend
3895 2107 6251 2318 Einstellung) angehörenes gibt auch Dichter,
3901 2245 6126 2452 die ihrer Geistesverfassung nach dem Typus
3895 2414 5225 2635 Prophet zuzuzählen sind.
4540 2548 6315 2772 Die individuelle geistige Leistung
3914 2695 6139 2910 wird im allgemeinen umso erheblicher sein,
3907 2878 6216 3041 eine je ausgeprägtere Affinität zwischen der
3904 2977 6146 3233 angeborenen Geistesverfassung und kam spezifi-
3917 3182 5164 3393 sch ### Begabung besteht.
