6808 4456
6064 490 6224 669 39
3939 740 6272 999 Kla rheit zu schaffen (nicht zu Abgeklärtheit
3936 913 6141 1168 zu gelangen, so wünschenswert ihm das auch
3953 1079 6159 1332 erscheinen mag). Ein System zu bauen (aber
5773 1186 6171 1278 d'a tien
3950 1234 6343 1498 nicht sich innerhalb dieses Systeme (gewisser-)
5080 1361 5582 1459 i bertissi –
3953 1403 6224 1638 massen sich aufs Altenteil zurückzuziehen).
3980 1534 6218 1784 Ob einer abgeklärt und ruhig und milde ist,
3968 1676 6320 1932 das ist eine Sache des Temperaments, nicht der
5767 1810 5963 1899 only
3974 1879 6224 2045 Philosophie.Und Temperamente sind Seelenzu-
3965 2021 5880 2253 stände und nicht Geistesverfassungen.
3915 2152 6248 2426 Auch der Philosophieprofessor hat im allge-
3977 2259 6358 2568 meinen nicht viel mit Philosophie zu tun,wenn
3989 2449 6218 2705 auch gelegentlich ein wirklicher Philosoph
3986 2663 5175 2848 Professor werden kann.)
3974 2744 6207 2990 Ein Priester ohne Güte ist fast undeukbar.
3656 2744 3909 3017 sich
4028 2895 6266 3100 Hier ist ein Fall, wo ein Seelenzustand mdt
3998 3094 6218 3255 einer Geistesverfassung untrennbar verbun-
3992 3231 6141 3424 den ist) (nicht ein Beruf).Ein Philosoph
4007 3389 5151 3609 ohne Cüte ohnweiters.
3962 3469 6328 3754 Das Denken ist die Leidenschaft des Philoso-
4013 3701 4307 3873 phen.
