<?xml version="1.0" encoding="UTF-8" standalone="yes"?>
<PcGts xmlns="http://schema.primaresearch.org/PAGE/gts/pagecontent/2013-07-15" xmlns:xsi="http://www.w3.org/2001/XMLSchema-instance" xsi:schemaLocation="http://schema.primaresearch.org/PAGE/gts/pagecontent/2013-07-15 http://schema.primaresearch.org/PAGE/gts/pagecontent/2013-07-15/pagecontent.xsd">
    <Metadata>
        <Creator>prov=READ-COOP:name=TrHtr:version=2.1.0:model_id=51170:date=28_07_2023_08:51</Creator>
        <Created>2023-05-10T11:17:20.307+02:00</Created>
        <LastChange>2023-07-28T08:51:54.623+02:00</LastChange>
        <TranskribusMetadata docId="1428141" pageId="55385737" pageNr="127" tsid="131327154" status="IN_PROGRESS" userId="64420" imgUrl="https://files.transkribus.eu/Get?id=BGNQZLIEDWZLFRXTKJSKJBEO&amp;fileType=view" xmlUrl="https://files.transkribus.eu/Get?id=FYAQVXYLBULBDZMFWDIQJLHC" imageId="44660636"/>
    </Metadata>
    <Page imageFilename="1428141_0127.jpg" imageWidth="6856" imageHeight="4344">
        <ReadingOrder>
            <OrderedGroup id="ro_1711822893349" caption="Regions reading order">
                <RegionRefIndexed index="0" regionRef="tr_1"/>
            </OrderedGroup>
        </ReadingOrder>
        <TextRegion id="tr_1" custom="readingOrder {index:0;}">
            <Coords points="3735,325 6366,325 6366,3518 3735,3518"/>
            <TextLine id="tr_1_tl_1" custom="readingOrder {index:0;}">
                <Coords points="5917,385 5935,385 5954,404 5967,398 5979,407 6011,407 6026,420 6032,414 6042,420 6067,401 6086,401 6092,241 6070,241 6045,222 6014,213 5985,222 5954,248 5948,241 5923,248"/>
                <Baseline points="5937,381 6008,381 6098,375"/>
                <TextEquiv>
                    <Unicode>18</Unicode>
                </TextEquiv>
            </TextLine>
            <TextLine id="tr_1_tl_2" custom="readingOrder {index:1;}">
                <Coords points="4795,505 4920,448 4945,473 4973,464 5005,498 5108,436 5142,464 5174,448 5240,467 5252,317 5224,310 5133,342 5036,320 4933,370 4864,326 4810,342"/>
                <Baseline points="4815,459 4892,447 4982,435 5071,429 5161,417 5250,417"/>
                <TextEquiv>
                    <Unicode>twiled.</Unicode>
                </TextEquiv>
            </TextLine>
            <TextLine id="tr_1_tl_3" custom="readingOrder {index:2;}">
                <Coords points="3842,639 5446,558 6289,614 6365,423 3842,489"/>
                <Baseline points="3860,584 3950,578 4039,572 4129,572 4218,566 4308,566 4397,566 4487,566 4576,566 4666,560 4755,560 4845,560 4934,554 5024,554 5113,554 5203,554 5292,548 5382,548 5471,543 5561,543 5650,548 5740,548 5829,543 5919,543 6008,537 6098,537 6187,537 6277,531 6366,537"/>
                <TextEquiv>
                    <Unicode>In manchen Fällen/erleichtert der Sprachgebrauch</Unicode>
                </TextEquiv>
            </TextLine>
            <TextLine id="tr_1_tl_4" custom="readingOrder {index:3;}">
                <Coords points="4666,652 4716,664 4744,646 4813,683 4882,639 4907,661 4936,646 4967,649 4970,570 4933,570 4901,595 4864,570 4851,580 4839,567 4801,570 4760,599 4726,580 4666,608"/>
                <Baseline points="4684,644 4707,638 4797,644 4887,632 4976,638"/>
                <TextEquiv>
                    <Unicode>ertzog</Unicode>
                </TextEquiv>
            </TextLine>
            <TextLine id="tr_1_tl_5" custom="readingOrder {index:4;}">
                <Coords points="3717,783 5907,780 6189,718 6192,608 5437,652 5055,580 4810,683 4331,630 3717,714"/>
                <Baseline points="3735,757 3777,745 3866,733 3956,727 4045,733 4135,727 4224,727 4314,722 4403,722 4493,722 4582,722 4672,722 4761,722 4851,716 4940,716 5030,710 5119,710 5209,704 5298,710 5388,704 5477,704 5567,704 5656,704 5746,698 5835,698 5925,698 6014,698 6104,692 6193,698"/>
                <TextEquiv>
                    <Unicode>so sehr das augenblickliche Verständnis, dass</Unicode>
                </TextEquiv>
            </TextLine>
            <TextLine id="tr_1_tl_6" custom="readingOrder {index:5;}">
                <Coords points="3848,909 4629,881 5224,975 5891,862 6148,906 6233,884 6236,755 3851,790"/>
                <Baseline points="3866,883 3914,883 4003,883 4093,883 4182,883 4272,883 4361,877 4451,877 4540,877 4630,877 4719,871 4809,865 4898,865 4988,865 5077,865 5167,865 5256,865 5346,859 5435,859 5525,853 5614,853 5704,853 5793,853 5883,853 5973,847 6062,847 6152,841 6241,853"/>
                <TextEquiv>
                    <Unicode>wir auch auf den Versuch einer definition ver-</Unicode>
                </TextEquiv>
            </TextLine>
            <TextLine id="tr_1_tl_7" custom="readingOrder {index:6;}">
                <Coords points="3842,1062 3927,1091 4071,1044 4629,1069 4676,1047 4676,893 4547,918 4359,890 4240,946 3842,934"/>
                <Baseline points="3860,1038 3950,1038 4039,1038 4129,1038 4218,1032 4308,1032 4397,1032 4487,1032 4576,1032 4666,1032 4684,1038"/>
                <TextEquiv>
                    <Unicode>zichten können.</Unicode>
                </TextEquiv>
            </TextLine>
            <TextLine id="tr_1_tl_8" custom="readingOrder {index:7;}">
                <Coords points="3842,1216 4961,1257 5895,1166 6114,1238 6214,1100 5801,1012 4895,1125 3842,1106"/>
                <Baseline points="3860,1199 3896,1199 3985,1193 4075,1193 4164,1187 4254,1187 4344,1187 4433,1181 4523,1181 4612,1181 4702,1181 4791,1175 4881,1175 4970,1175 5060,1175 5149,1175 5239,1175 5328,1169 5418,1169 5507,1169 5597,1163 5686,1163 5776,1163 5865,1163 5955,1163 6044,1157 6134,1157 6223,1151"/>
                <TextEquiv>
                    <Unicode>So leuchtet der Unterschied zwischen Priester</Unicode>
                </TextEquiv>
            </TextLine>
            <TextLine id="tr_1_tl_9" custom="readingOrder {index:8;}">
                <Coords points="3842,1360 4390,1348 4572,1429 5381,1326 5904,1373 6120,1319 6120,1235 5785,1172 5001,1279 3845,1279"/>
                <Baseline points="3860,1348 3890,1348 3980,1348 4069,1342 4159,1342 4248,1342 4338,1336 4427,1336 4517,1336 4606,1330 4696,1330 4785,1330 4875,1330 4964,1324 5054,1324 5143,1324 5233,1324 5322,1324 5412,1324 5501,1318 5591,1318 5680,1318 5770,1318 5859,1318 5949,1312 6038,1312 6128,1306"/>
                <TextEquiv>
                    <Unicode>und Pfaff ohneweiters ein und auch der Laie</Unicode>
                </TextEquiv>
            </TextLine>
            <TextLine id="tr_1_tl_10" custom="readingOrder {index:9;}">
                <Coords points="3836,1517 6036,1514 6230,1476 6230,1379 5634,1326 5268,1420 3836,1445"/>
                <Baseline points="3854,1497 3908,1497 3997,1497 4087,1497 4176,1497 4266,1491 4355,1491 4445,1491 4534,1491 4624,1491 4713,1491 4803,1485 4892,1485 4982,1485 5071,1479 5161,1479 5250,1479 5340,1479 5430,1473 5519,1473 5609,1473 5698,1473 5788,1473 5877,1473 5967,1473 6056,1473 6146,1467 6235,1467"/>
                <TextEquiv>
                    <Unicode>wird die Gegensätzlichkeit empfinden Hingegen</Unicode>
                </TextEquiv>
            </TextLine>
            <TextLine id="tr_1_tl_11" custom="readingOrder {index:10;}">
                <Coords points="3842,1677 6268,1670 6268,1554 5913,1495 5186,1576 3842,1545"/>
                <Baseline points="3860,1652 3944,1652 4033,1646 4123,1652 4212,1646 4302,1646 4391,1640 4481,1646 4570,1640 4660,1640 4749,1640 4839,1640 4928,1634 5018,1634 5107,1634 5197,1634 5286,1629 5376,1629 5465,1629 5555,1629 5644,1623 5734,1623 5823,1623 5913,1623 6002,1623 6092,1623 6181,1617 6271,1623"/>
                <TextEquiv>
                    <Unicode>wird manchem bisher/der Politiker entweder nur</Unicode>
                </TextEquiv>
            </TextLine>
            <TextLine id="tr_1_tl_12" custom="readingOrder {index:11;}">
                <Coords points="3836,1814 6173,1830 6280,1793 6280,1673 3836,1745"/>
                <Baseline points="3854,1808 3872,1808 3962,1808 4051,1802 4141,1802 4230,1802 4320,1802 4409,1796 4499,1796 4588,1796 4678,1796 4767,1796 4857,1796 4946,1796 5036,1790 5125,1790 5215,1790 5304,1784 5394,1784 5483,1784 5573,1784 5662,1778 5752,1778 5841,1778 5931,1778 6020,1778 6110,1778 6199,1772 6289,1766"/>
                <TextEquiv>
                    <Unicode>als eine Abart, vielleicht auch nur als eine ge</Unicode>
                </TextEquiv>
            </TextLine>
            <TextLine id="tr_1_tl_13" custom="readingOrder {index:12;}">
                <Coords points="3855,1965 6239,1999 6327,1971 6330,1793 3858,1893"/>
                <Baseline points="3872,1963 3920,1957 4009,1957 4099,1957 4188,1951 4278,1951 4367,1951 4457,1951 4546,1951 4636,1945 4725,1945 4815,1945 4904,1945 4994,1939 5083,1939 5173,1939 5262,1939 5352,1939 5441,1939 5531,1933 5620,1933 5710,1933 5799,1933 5889,1933 5978,1933 6068,1933 6157,1933 6247,1927 6336,1927"/>
                <TextEquiv>
                    <Unicode>ringere Stufe, aber nicht ohneweiteres als Gegen</Unicode>
                </TextEquiv>
            </TextLine>
            <TextLine id="tr_1_tl_14" custom="readingOrder {index:13;}">
                <Coords points="3848,2118 5907,2137 6280,2084 6283,1996 3848,1999"/>
                <Baseline points="3866,2112 3872,2112 3962,2112 4051,2112 4141,2106 4230,2106 4320,2106 4409,2106 4499,2106 4588,2106 4678,2106 4767,2100 4857,2100 4946,2100 5036,2094 5125,2094 5215,2094 5304,2094 5394,2088 5483,2088 5573,2088 5662,2082 5752,2088 5841,2082 5931,2082 6020,2082 6110,2082 6199,2076 6289,2082"/>
                <TextEquiv>
                    <Unicode>salz des Staatsmannes erschienen sein.Dass ein</Unicode>
                </TextEquiv>
            </TextLine>
            <TextLine id="tr_1_tl_15" custom="readingOrder {index:14;}">
                <Coords points="3848,2325 5760,2237 6023,2303 6214,2285 6217,2150 3848,2206"/>
                <Baseline points="3866,2267 3896,2267 3985,2267 4075,2261 4164,2261 4254,2261 4344,2261 4433,2261 4523,2255 4612,2255 4702,2255 4791,2255 4881,2255 4970,2249 5060,2255 5149,2249 5239,2249 5328,2249 5418,2243 5507,2243 5597,2243 5686,2237 5776,2237 5865,2237 5955,2237 6044,2237 6134,2237 6223,2237"/>
                <TextEquiv>
                    <Unicode>solcher zwischen Literat und Dichter besteht,</Unicode>
                </TextEquiv>
            </TextLine>
            <TextLine id="tr_1_tl_16" custom="readingOrder {index:15;}">
                <Coords points="3908,2426 6183,2419 6289,2410 6293,2269 3911,2338"/>
                <Baseline points="3926,2422 3974,2416 4063,2416 4153,2416 4242,2410 4332,2416 4421,2416 4511,2416 4600,2410 4690,2410 4779,2410 4869,2404 4958,2410 5048,2404 5137,2404 5227,2410 5316,2404 5406,2404 5495,2398 5585,2398 5674,2392 5764,2392 5853,2392 5943,2392 6032,2392 6122,2386 6211,2386 6301,2386"/>
                <TextEquiv>
                    <Unicode>ist vielleicht erst im Lajfe des letzten Jahr-</Unicode>
                </TextEquiv>
            </TextLine>
            <TextLine id="tr_1_tl_17" custom="readingOrder {index:16;}">
                <Coords points="3855,2610 6305,2557 6224,2473 5638,2444 3858,2516"/>
                <Baseline points="3872,2577 3896,2571 3985,2571 4075,2571 4164,2571 4254,2571 4344,2571 4433,2565 4523,2565 4612,2565 4702,2565 4791,2559 4881,2559 4970,2559 5060,2559 5149,2559 5239,2559 5328,2559 5418,2553 5507,2553 5597,2553 5686,2547 5776,2553 5865,2553 5955,2547 6044,2547 6134,2547 6223,2547 6313,2547"/>
                <TextEquiv>
                    <Unicode>zehnte einem weiteren Kreise deutlich geworden.</Unicode>
                </TextEquiv>
            </TextLine>
            <TextLine id="tr_1_tl_18" custom="readingOrder {index:17;}">
                <Coords points="3842,2745 5810,2761 6268,2726 6268,2632 5738,2560 5450,2654 3842,2651"/>
                <Baseline points="3860,2732 3944,2732 4033,2732 4123,2726 4212,2720 4302,2720 4391,2726 4481,2720 4570,2720 4660,2720 4749,2720 4839,2720 4928,2715 5018,2715 5107,2709 5197,2709 5286,2709 5376,2709 5465,2709 5555,2709 5644,2709 5734,2709 5823,2709 5913,2703 6002,2703 6092,2697 6181,2697 6271,2703"/>
                <TextEquiv>
                    <Unicode>Dass aber zwischen Historiker und Tagschreiber</Unicode>
                </TextEquiv>
            </TextLine>
            <TextLine id="tr_1_tl_19" custom="readingOrder {index:18;}">
                <Coords points="4215,2808 4274,2811 4281,2805 4337,2824 4356,2811 4394,2814 4397,2736 4353,2736 4337,2748 4331,2739 4315,2745 4296,2726 4284,2726 4246,2748 4218,2745"/>
                <Baseline points="4236,2792 4314,2792 4403,2786"/>
                <TextEquiv>
                    <Unicode>der</Unicode>
                </TextEquiv>
            </TextLine>
            <TextLine id="tr_1_tl_20" custom="readingOrder {index:19;}">
                <Coords points="3848,2958 5678,2924 6299,2874 6330,2792 3851,2817"/>
                <Baseline points="3866,2888 3920,2888 4009,2888 4099,2882 4188,2882 4278,2882 4367,2882 4457,2888 4546,2882 4636,2876 4725,2876 4815,2870 4904,2870 4994,2870 5083,2870 5173,2870 5262,2870 5352,2870 5441,2864 5531,2864 5620,2864 5710,2864 5799,2864 5889,2858 5978,2858 6068,2858 6157,2858 6247,2852 6336,2858"/>
                <TextEquiv>
                    <Unicode>ein (solcher) gegensatz besteht, dass wir den einen</Unicode>
                </TextEquiv>
            </TextLine>
            <TextLine id="tr_1_tl_21" custom="readingOrder {index:20;}">
                <Coords points="5136,3037 6239,3043 6239,2949 6123,2896 6007,2971 5829,2921 5663,2918 5544,2968 5409,2911 5327,2949 5136,2914"/>
                <Baseline points="5155,3032 5173,3025 5262,3019 5352,3019 5441,3013 5531,3013 5620,3019 5710,3019 5799,3019 5889,3019 5978,3019 6068,3013 6157,3013 6247,3007"/>
                <TextEquiv>
                    <Unicode>dern zu den Unmens chen</Unicode>
                </TextEquiv>
            </TextLine>
            <TextLine id="tr_1_tl_22" custom="readingOrder {index:21;}">
                <Coords points="3848,3080 4597,3049 4757,3090 4964,3049 5146,3087 5146,2965 5001,2927 4882,2983 4751,2946 4578,2980 4494,2927 4306,2977 3848,2958"/>
                <Baseline points="3866,3043 3896,3043 3985,3037 4075,3037 4164,3037 4254,3037 4344,3037 4433,3037 4523,3037 4612,3037 4702,3031 4791,3031 4881,3031 4970,3031 5060,3031 5155,3032"/>
                <TextEquiv>
                    <Unicode>zu den Menschen, den anden</Unicode>
                </TextEquiv>
            </TextLine>
            <TextLine id="tr_1_tl_23" custom="readingOrder {index:22;}">
                <Coords points="5142,3099 5236,3093 5265,3109 5359,3080 5396,3099 5525,3093 5575,3115 5641,3102 5634,3024 5581,3043 5531,3024 5512,3043 5468,3021 5390,3021 5340,3046 5274,3021 5136,3037"/>
                <Baseline points="5155,3032 5227,3073 5316,3078 5406,3084 5495,3084 5585,3084 5644,3084"/>
                <TextEquiv>
                    <Unicode>est liberté</Unicode>
                </TextEquiv>
            </TextLine>
            <TextLine id="tr_1_tl_24" custom="readingOrder {index:23;}">
                <Coords points="3855,3243 4961,3200 5525,3269 6227,3181 6227,3080 4237,3137 3855,3077"/>
                <Baseline points="3872,3198 3908,3198 3997,3198 4087,3198 4176,3192 4266,3192 4355,3192 4445,3186 4534,3186 4624,3180 4713,3186 4803,3186 4892,3180 4982,3180 5071,3180 5161,3180 5250,3180 5340,3180 5430,3180 5519,3174 5609,3174 5698,3174 5788,3168 5877,3168 5967,3174 6056,3168 6146,3168 6235,3168"/>
                <TextEquiv>
                    <Unicode>einreihen, wird vielleicht doch erst klar, wenn</Unicode>
                </TextEquiv>
            </TextLine>
            <TextLine id="tr_1_tl_25" custom="readingOrder {index:24;}">
                <Coords points="3842,3375 5127,3347 5453,3422 5672,3337 6164,3384 6202,3272 3845,3247"/>
                <Baseline points="3860,3353 3878,3353 3968,3353 4057,3353 4147,3353 4236,3353 4326,3353 4415,3347 4505,3347 4594,3347 4684,3341 4773,3335 4863,3335 4952,3335 5042,3335 5131,3335 5221,3335 5310,3329 5400,3329 5489,3329 5579,3329 5668,3329 5758,3329 5847,3329 5937,3329 6026,3329 6116,3329 6205,3335"/>
                <TextEquiv>
                    <Unicode>man wen igstens den Versuch einer definition,</Unicode>
                </TextEquiv>
            </TextLine>
            <TextLine id="tr_1_tl_26" custom="readingOrder {index:25;}">
                <Coords points="3867,3510 4180,3582 4528,3510 4870,3557 5769,3507 5769,3435 5603,3400 3867,3435"/>
                <Baseline points="3884,3508 3896,3508 3985,3508 4075,3508 4164,3508 4254,3502 4344,3502 4433,3502 4523,3502 4612,3496 4702,3502 4791,3496 4881,3490 4970,3496 5060,3496 5149,3496 5239,3490 5328,3490 5418,3490 5507,3484 5597,3490 5686,3490 5776,3490"/>
                <TextEquiv>
                    <Unicode>einer Umzirkelung der Begriffe wagt.</Unicode>
                </TextEquiv>
            </TextLine>
        </TextRegion>
    </Page>
</PcGts>
