6872 4248
3968 579 6192 745 Der Gegensatz zwischen Dichter und Literat
2210 606 2744 796 6.11.1924.
3983 745 6083 974 wird dem iaien nicht gleich zwingend er-
3983 912 6148 1123 scheinen,obzwar gerade diese beiden Typen
3986 1057 6038 1238 am wei tsten von einander entfernt sind.
3986 1238 6094 1482 Hier lookte es mich zuerst Begriffliches
4004 1476 5221 1690 graphisch darzustellen.
3995 1595 6213 1788 Der Dichter ist für mich derjenige, bei dem
5494 1729 5759 1809 ahr 1
4010 1764 6204 1957 Lebens-und Schaffenslinie in höherem Sinn)
5043 1883 5447 1975 - Iet bereite
4021 1874 6302 2076 identisch sind. Beim Literaten ist die Linie
4015 2031 6071 2242 des Lebens und des Schaffens zwäierlei.
2412 2088 2946 2334 e e e
4039 2225 6397 2385 In den Momenten der Produktion decken sich zu
4018 2343 6394 2578 weilen die beiden Linien beim Literat,um dann
4021 2513 6285 2706 wieder umso kräftiger auseinanderzustreben.
4018 2676 6210 2863 Dem Dichter ist die Welt Stoff. In seinen
4033 2816 6285 3015 schöpferischen Momenten ist ihm alles Mate-
4054 3003 6198 3196 rial,in anderen wieder wird ihm die ganze
4039 3166 5117 3335 Welt glanzlos u.s.w.
4039 3282 6320 3487 Der Literat sucht sich den Stoff,er ist aus
4054 3418 6415 3638 auf Stoffe,er sieht sich seine eigenen Erleb-
4054 3579 6445 3825 nisse daraufhin an,wie er sie etwa zur Produk-
