6776 4376
5960 396 6121 578 38
77 262 402 569 V
4114 545 6175 804 hungen zu den Tatsachen. Auch hier beim
4108 721 6235 914 Ggist in der Tat auf der xxxnen Seite das
4120 903 6127 1069 Reich des Glaubens, das neberwiegen der
4123 1016 6229 1239 phantasie, auf der andern Ueberwiegen des
4120 1194 6512 1385 Forschertriebs, des Sammelss von Exakttatsacher
4382 1343 6413 1597 Die gegentypen sind hier noch eviden
4126 1489 5817 1710 ter als in dem andern Diogramm.
4120 1617 6485 1814 Der Spekulant als Gegentyl des Mathematiker,
5323 1778 5496 1889 him
4143 1787 6112 1990 (des Brückenbauers,er baut ins Leere),
4132 1933 6339 2192 der Quacksalber (Giftmischer) Gegentyp des
4146 2136 5770 2300 Maturforschers (Heilkünstlers).
4140 2225 6190 2440 Und man wird sich nicht wundern, dass im
4179 2404 6354 2583 niagnamm der Tat der Spekulant die gleiche
4212 2559 6318 2743 Stelle einnimmt,wie im Diogramm des Wort:
4140 2714 6443 2898 der Sophist. Und dass der Quacksalber wieder
4158 2872 6410 3062 beinerseits xxxx die entsprechende Stelle
4143 3014 6452 3193 einnimmt im Diogramm der Tat,wie der Journa-
5517 3152 5829 3289 getre u
4155 3154 6366 3360 list in Diogramm des Worts.vergifter beide
4155 3333 6392 3527 in gleicher Weise, manchmal ganz ohne bösen
4152 3503 4563 3664 Willen.
