<?xml version="1.0" encoding="UTF-8" standalone="yes"?>
<PcGts xmlns="http://schema.primaresearch.org/PAGE/gts/pagecontent/2013-07-15" xmlns:xsi="http://www.w3.org/2001/XMLSchema-instance" xsi:schemaLocation="http://schema.primaresearch.org/PAGE/gts/pagecontent/2013-07-15 http://schema.primaresearch.org/PAGE/gts/pagecontent/2013-07-15/pagecontent.xsd">
    <Metadata>
        <Creator>prov=READ-COOP:name=TrHtr:version=2.1.0:model_id=51170:date=28_07_2023_06:51</Creator>
        <Created>2023-05-10T11:15:26.324+02:00</Created>
        <LastChange>2023-07-28T06:51:43.094+02:00</LastChange>
        <TranskribusMetadata docId="1428138" pageId="55385264" pageNr="102" tsid="131322611" status="IN_PROGRESS" userId="64420" imgUrl="https://files.transkribus.eu/Get?id=OMAOARPKSFRHFUBUOJSKHIWI&amp;fileType=view" xmlUrl="https://files.transkribus.eu/Get?id=HOTZMUKDPBSMWSJOSTHCLPLD" imageId="44660163"/>
    </Metadata>
    <Page imageFilename="1428138_0102.jpg" imageWidth="7656" imageHeight="5176">
        <ReadingOrder>
            <OrderedGroup id="ro_1711823592774" caption="Regions reading order">
                <RegionRefIndexed index="0" regionRef="tr_1"/>
                <RegionRefIndexed index="1" regionRef="tr_2"/>
            </OrderedGroup>
        </ReadingOrder>
        <TextRegion id="tr_1" custom="readingOrder {index:0;}">
            <Coords points="358,982 3868,982 3868,4797 358,4797"/>
            <TextLine id="tr_1_tl_1" custom="readingOrder {index:0;}">
                <Coords points="337,1184 645,1133 860,1210 998,1143 1175,1175 1461,1101 1676,1207 1833,1201 1849,941 1204,998 655,931 465,1002 350,969"/>
                <Baseline points="358,1140 417,1140 507,1134 597,1128 686,1122 776,1116 865,1116 955,1110 1044,1104 1134,1098 1223,1098 1313,1092 1402,1086 1492,1080 1582,1068 1671,1062 1761,1050 1850,1032"/>
                <TextEquiv>
                    <Unicode>Sie dreht sich um; owas verhieß</Unicode>
                </TextEquiv>
            </TextLine>
            <TextLine id="tr_1_tl_2" custom="readingOrder {index:1;}">
                <Coords points="340,1348 1085,1294 1175,1384 1306,1300 1611,1290 1618,1156 1438,1104 1249,1197 1075,1133 870,1210 645,1133 350,1168"/>
                <Baseline points="358,1325 370,1319 459,1313 549,1307 638,1301 728,1295 817,1295 907,1289 996,1283 1086,1271 1176,1265 1265,1259 1355,1259 1444,1253 1534,1247 1623,1241"/>
                <TextEquiv>
                    <Unicode>Mir dieserblick vorferne?</Unicode>
                </TextEquiv>
            </TextLine>
            <TextLine id="tr_1_tl_3" custom="readingOrder {index:2;}">
                <Coords points="395,1531 1014,1493 1085,1550 1181,1480 1531,1441 1852,1550 2035,1473 2051,1242 1377,1367 1245,1319 1172,1384 1111,1313 809,1416 684,1326 404,1371"/>
                <Baseline points="417,1492 435,1492 525,1492 614,1486 704,1480 794,1474 883,1468 973,1462 1062,1462 1152,1456 1241,1450 1331,1438 1420,1438 1510,1432 1599,1426 1689,1420 1779,1414 1868,1408 1958,1402 2047,1396"/>
                <TextEquiv>
                    <Unicode>Wohl einen Kuß, parwunderhüß</Unicode>
                </TextEquiv>
            </TextLine>
            <TextLine id="tr_1_tl_4" custom="readingOrder {index:3;}">
                <Coords points="433,1762 725,1663 1069,1788 1326,1727 1428,1775 1599,1746 1749,1624 1862,1640 1868,1538 1525,1441 1329,1515 1168,1483 1063,1563 947,1489 514,1637 443,1583"/>
                <Baseline points="459,1659 531,1659 620,1653 710,1653 799,1641 889,1635 979,1635 1068,1629 1158,1623 1247,1617 1337,1611 1426,1599 1516,1599 1605,1593 1695,1588 1785,1582 1874,1582"/>
                <TextEquiv>
                    <Unicode>Im matten Nicht der Sterne.</Unicode>
                </TextEquiv>
            </TextLine>
            <TextLine id="tr_1_tl_5" custom="readingOrder {index:4;}">
                <Coords points="443,2064 639,2042 748,2122 966,2013 1278,2106 1666,1965 1865,2029 2205,2006 2282,1971 2295,1769 1749,1782 1576,1878 1444,1804 703,1843 453,1929"/>
                <Baseline points="465,2029 501,2023 591,2011 680,2005 770,1999 859,1993 949,1993 1038,1988 1128,1982 1217,1982 1307,1976 1396,1970 1486,1958 1576,1952 1665,1952 1755,1946 1844,1946 1934,1940 2023,1928 2113,1922 2202,1910 2292,1910"/>
                <TextEquiv>
                    <Unicode>" Mein Herr" spricht sie mit Kinderein</Unicode>
                </TextEquiv>
            </TextLine>
            <TextLine id="tr_1_tl_6" custom="readingOrder {index:5;}">
                <Coords points="514,2266 722,2253 790,2305 1091,2170 1367,2186 1486,2253 1759,2141 1916,2164 1923,2035 1663,1961 1522,2054 1473,2013 1284,2099 1104,2103 924,2013 751,2115 523,2080"/>
                <Baseline points="537,2185 585,2185 674,2179 764,2179 853,2173 943,2167 1032,2167 1122,2155 1211,2149 1301,2143 1391,2137 1480,2131 1570,2131 1659,2125 1749,2125 1838,2113 1928,2113"/>
                <TextEquiv>
                    <Unicode>Sich jetzt noch zu befassen</Unicode>
                </TextEquiv>
            </TextLine>
            <TextLine id="tr_1_tl_7" custom="readingOrder {index:6;}">
                <Coords points="501,2456 719,2375 1191,2391 1528,2318 1820,2404 1971,2302 2359,2269 2366,2173 1968,2119 1489,2279 1416,2205 1111,2167 783,2305 510,2269"/>
                <Baseline points="525,2358 579,2352 668,2358 758,2352 847,2346 937,2340 1026,2334 1116,2328 1205,2322 1295,2316 1385,2310 1474,2304 1564,2298 1653,2292 1743,2286 1832,2286 1922,2280 2011,2268 2101,2268 2190,2262 2280,2256 2370,2256"/>
                <TextEquiv>
                    <Unicode>„Ein Mädchen Abends nicht allein</Unicode>
                </TextEquiv>
            </TextLine>
            <TextLine id="tr_1_tl_8" custom="readingOrder {index:7;}">
                <Coords points="507,2629 732,2552 857,2648 1050,2645 1271,2529 1528,2600 1724,2539 1820,2607 2189,2488 2199,2302 2058,2343 1974,2295 1769,2414 1634,2318 1255,2427 960,2350 517,2462"/>
                <Baseline points="531,2537 591,2537 680,2531 770,2525 859,2519 949,2519 1038,2513 1128,2507 1217,2495 1307,2495 1396,2489 1486,2483 1576,2483 1665,2471 1755,2471 1844,2465 1934,2465 2023,2459 2113,2447 2202,2429"/>
                <TextEquiv>
                    <Unicode>"Nach Hausezehn zu lassen!</Unicode>
                </TextEquiv>
            </TextLine>
            <TextLine id="tr_1_tl_9" custom="readingOrder {index:8;}">
                <Coords points="494,2963 639,3014 889,2899 1104,2976 1245,2873 1489,2834 1855,2825 2042,2886 2058,2642 1631,2671 1457,2754 1229,2690 928,2806 751,2709 507,2773"/>
                <Baseline points="519,2883 531,2889 620,2883 710,2877 799,2871 889,2865 979,2853 1068,2853 1158,2847 1247,2841 1337,2835 1426,2829 1516,2823 1605,2817 1695,2811 1785,2799 1874,2793 1964,2787 2053,2793"/>
                <TextEquiv>
                    <Unicode>Oschämen, schönen Sie sich doch</Unicode>
                </TextEquiv>
            </TextLine>
            <TextLine id="tr_1_tl_10" custom="readingOrder {index:9;}">
                <Coords points="488,3165 754,3072 899,3101 1140,3037 1306,3149 1480,3030 1778,3050 1945,3011 1958,2828 1249,2873 1107,2976 873,2915 639,3014 498,2989"/>
                <Baseline points="513,3068 525,3068 614,3062 704,3056 794,3050 883,3044 973,3038 1062,3032 1152,3026 1241,3020 1331,3008 1420,3008 1510,3002 1599,2996 1689,2996 1779,2990 1868,2985 1958,2985"/>
                <TextEquiv>
                    <Unicode>des in die tiefste Seele</Unicode>
                </TextEquiv>
            </TextLine>
            <TextLine id="tr_1_tl_11" custom="readingOrder {index:10;}">
                <Coords points="478,3245 1014,3306 1217,3213 2035,3159 2131,3232 2167,3021 2013,3098 1464,3046 1306,3149 1181,3050 482,3162"/>
                <Baseline points="495,3229 555,3229 644,3229 734,3217 823,3217 913,3205 1002,3205 1092,3199 1182,3187 1271,3187 1361,3176 1450,3176 1540,3170 1629,3170 1719,3158 1808,3158 1898,3152 1988,3146 2077,3140 2167,3134"/>
                <TextEquiv>
                    <Unicode>Nur das erläuten Sie mir noch,</Unicode>
                </TextEquiv>
            </TextLine>
            <TextLine id="tr_1_tl_12" custom="readingOrder {index:11;}">
                <Coords points="430,3441 1107,3518 1570,3473 2186,3351 2192,3255 2042,3159 1294,3226 1059,3329 443,3245"/>
                <Baseline points="447,3426 489,3420 579,3408 668,3402 758,3396 847,3390 937,3384 1026,3384 1116,3379 1205,3367 1295,3361 1385,3349 1474,3349 1564,3343 1653,3337 1743,3337 1832,3325 1922,3331 2011,3325 2101,3325 2190,3319"/>
                <TextEquiv>
                    <Unicode>daß - ich mich rasch empfeste.</Unicode>
                </TextEquiv>
            </TextLine>
            <TextLine id="tr_1_tl_13" custom="readingOrder {index:12;}">
                <Coords points="507,3810 632,3852 960,3743 1454,3717 1544,3804 1846,3695 2003,3733 2067,3717 2080,3534 1836,3598 1528,3486 1175,3605 520,3598"/>
                <Baseline points="525,3767 555,3767 644,3761 734,3749 823,3737 913,3731 1002,3725 1092,3719 1182,3713 1271,3707 1361,3701 1450,3695 1540,3689 1629,3689 1719,3683 1808,3683 1898,3683 1988,3677 2077,3671"/>
                <TextEquiv>
                    <Unicode>Ach wie kokett das Mädchen spricht.</Unicode>
                </TextEquiv>
            </TextLine>
            <TextLine id="tr_1_tl_14" custom="readingOrder {index:13;}">
                <Coords points="533,3961 799,3987 1428,3891 1685,3952 1778,3884 1942,3961 2208,3894 2218,3717 2090,3756 1839,3695 1544,3804 1444,3717 539,3849"/>
                <Baseline points="549,3946 608,3940 698,3928 788,3916 877,3910 967,3904 1056,3898 1146,3892 1235,3886 1325,3874 1414,3874 1504,3868 1593,3868 1683,3868 1773,3862 1862,3862 1952,3850 2041,3844 2131,3844 2220,3850"/>
                <TextEquiv>
                    <Unicode>Mit Worten und mit Blicken¬</Unicode>
                </TextEquiv>
            </TextLine>
            <TextLine id="tr_1_tl_15" custom="readingOrder {index:14;}">
                <Coords points="565,4189 774,4141 873,4228 1226,4102 1554,4106 1608,4160 1852,4073 2019,4147 2119,4112 2135,3900 1936,3964 1753,3897 1589,4009 1406,3900 1117,3990 578,3964"/>
                <Baseline points="585,4119 614,4113 704,4107 794,4101 883,4095 973,4089 1062,4083 1152,4077 1241,4071 1331,4065 1420,4059 1510,4053 1599,4047 1689,4047 1779,4035 1868,4029 1958,4023 2047,4017 2137,4011"/>
                <TextEquiv>
                    <Unicode>trotz ihrer Rede ging sie nicht</Unicode>
                </TextEquiv>
            </TextLine>
            <TextLine id="tr_1_tl_16" custom="readingOrder {index:15;}">
                <Coords points="661,4295 1037,4276 1461,4398 1557,4337 1836,4356 2022,4244 2141,4273 2192,4144 2051,4170 1794,4080 1634,4176 1355,4157 825,4237 668,4138"/>
                <Baseline points="680,4280 764,4280 853,4274 943,4274 1032,4268 1122,4256 1211,4250 1301,4250 1391,4244 1480,4238 1570,4232 1659,4226 1749,4220 1838,4214 1928,4214 2017,4208 2107,4208 2196,4202"/>
                <TextEquiv>
                    <Unicode>Eswar rein zum Behicken</Unicode>
                </TextEquiv>
            </TextLine>
            <TextLine id="tr_1_tl_17" custom="readingOrder {index:16;}">
                <Coords points="2385,4725 2989,4651 3136,4744 3752,4732 3855,4683 3868,4401 3428,4472 3316,4420 2616,4488 2398,4446"/>
                <Baseline points="2405,4680 2441,4680 2531,4674 2620,4662 2710,4656 2799,4644 2889,4638 2979,4638 3068,4638 3158,4638 3247,4632 3337,4638 3426,4632 3516,4620 3605,4608 3695,4608 3784,4596 3868,4632"/>
                <TextEquiv>
                    <Unicode>beendet am 27. April 1897</Unicode>
                </TextEquiv>
            </TextLine>
            <TextLine id="tr_1_tl_18" custom="readingOrder {index:17;}">
                <Coords points="944,4789 1056,4850 1191,4812 1271,4854 1384,4796 1467,4841 1743,4735 1894,4876 2016,4799 2157,4796 2176,4536 1913,4555 1798,4436 1499,4581 1249,4507 1056,4571 963,4533"/>
                <Baseline points="961,4776 1008,4787 1098,4776 1188,4776 1277,4764 1367,4758 1456,4758 1546,4752 1635,4746 1725,4740 1814,4728 1904,4716 1993,4710 2083,4698 2173,4698"/>
                <TextEquiv>
                    <Unicode>tette habe été</Unicode>
                </TextEquiv>
            </TextLine>
        </TextRegion>
        <TextRegion id="tr_2" custom="readingOrder {index:1;}">
            <Coords points="4137,600 6871,600 6871,4212 4137,4212"/>
            <TextLine id="tr_2_tl_1" custom="readingOrder {index:0;}">
                <Coords points="4629,754 4760,825 5094,709 5258,703 5361,796 5666,703 6019,716 6134,690 6144,465 5829,555 5598,507 5139,587 4815,514 4638,555"/>
                <Baseline points="4650,722 4710,716 4799,704 4889,698 4978,692 5068,692 5158,692 5247,692 5337,680 5426,674 5516,668 5605,662 5695,662 5784,656 5874,650 5964,650 6053,650 6143,656"/>
                <TextEquiv>
                    <Unicode>Andrer Schluß der</Unicode>
                </TextEquiv>
            </TextLine>
            <TextLine id="tr_2_tl_2" custom="readingOrder {index:1;}">
                <Coords points="4918,918 6545,857 6555,668 5878,693 5640,790 5357,790 5191,713 5020,815 4924,796"/>
                <Baseline points="4937,895 4943,895 5032,877 5122,871 5211,865 5301,859 5390,859 5480,853 5570,847 5659,847 5749,841 5838,841 5928,841 6017,835 6107,829 6196,823 6286,823 6375,823 6465,829 6555,829"/>
                <TextEquiv>
                    <Unicode>Modernen Ballade II.</Unicode>
                </TextEquiv>
            </TextLine>
            <TextLine id="tr_2_tl_3" custom="readingOrder {index:2;}">
                <Coords points="4263,1104 5030,1082 5101,1149 5409,1050 6118,1034 6417,1117 6423,918 6166,857 5614,963 5361,880 4266,1002"/>
                <Baseline points="4280,1086 4370,1074 4459,1074 4549,1068 4638,1062 4728,1062 4817,1056 4907,1050 4996,1044 5086,1038 5176,1038 5265,1038 5355,1038 5444,1032 5534,1032 5623,1032 5713,1026 5802,1026 5892,1020 5981,1014 6071,1002 6161,1002 6250,1008 6340,1008 6429,1008"/>
                <TextEquiv>
                    <Unicode>Sich da! Wasseh ich! Sie bleibt stehen</Unicode>
                </TextEquiv>
            </TextLine>
            <TextLine id="tr_2_tl_4" custom="readingOrder {index:3;}">
                <Coords points="4298,1278 4590,1326 4764,1255 4927,1335 5171,1223 5393,1226 5505,1294 5967,1223 5971,1104 5569,1143 5409,1050 5120,1165 5033,1082 4809,1095 4298,1217"/>
                <Baseline points="4316,1253 4364,1253 4453,1253 4543,1247 4632,1241 4722,1241 4811,1235 4901,1229 4990,1229 5080,1229 5170,1223 5259,1223 5349,1217 5438,1211 5528,1211 5617,1211 5707,1211 5796,1199 5886,1199 5975,1188"/>
                <TextEquiv>
                    <Unicode>Was soll ich jetzt beginnen?</Unicode>
                </TextEquiv>
            </TextLine>
            <TextLine id="tr_2_tl_5" custom="readingOrder {index:4;}">
                <Coords points="4266,1454 4539,1554 4831,1483 4992,1566 5165,1438 5406,1534 5550,1441 5919,1499 6224,1406 6231,1226 5999,1207 5752,1332 5438,1262 5203,1345 5088,1265 4802,1364 4693,1271 4269,1345"/>
                <Baseline points="4286,1432 4352,1432 4441,1426 4531,1420 4620,1414 4710,1414 4799,1414 4889,1414 4978,1408 5068,1408 5158,1402 5247,1402 5337,1396 5426,1396 5516,1391 5605,1391 5695,1385 5784,1379 5874,1379 5964,1373 6053,1373 6143,1373 6232,1373"/>
                <TextEquiv>
                    <Unicode>Soll ich ihr wohl entgegengehen?</Unicode>
                </TextEquiv>
            </TextLine>
            <TextLine id="tr_2_tl_6" custom="readingOrder {index:5;}">
                <Coords points="4266,1621 4638,1650 4831,1740 5200,1583 5573,1685 5743,1595 6115,1592 6118,1467 5650,1499 5553,1441 5399,1531 5191,1441 4988,1563 4898,1489 4539,1554 4378,1467 4273,1499"/>
                <Baseline points="4286,1599 4334,1605 4423,1593 4513,1593 4602,1588 4692,1588 4781,1588 4871,1588 4961,1588 5050,1582 5140,1582 5229,1576 5319,1576 5408,1570 5498,1570 5587,1558 5677,1558 5767,1558 5856,1552 5946,1546 6035,1534 6125,1528"/>
                <TextEquiv>
                    <Unicode>Wer wagt, der muß gewinnen</Unicode>
                </TextEquiv>
            </TextLine>
            <TextLine id="tr_2_tl_7" custom="readingOrder {index:6;}">
                <Coords points="4282,2051 4385,1997 4558,2064 4857,1932 5049,2000 5229,1948 5303,2013 5409,1929 5682,1913 5800,2019 5945,1952 5948,1775 5759,1740 5634,1807 5300,1740 5210,1810 4841,1814 4289,1724"/>
                <Baseline points="4304,1928 4340,1922 4429,1928 4519,1928 4608,1928 4698,1934 4787,1928 4877,1928 4967,1928 5056,1922 5146,1916 5235,1916 5325,1910 5414,1910 5504,1910 5593,1910 5683,1904 5773,1904 5862,1898 5952,1898"/>
                <TextEquiv>
                    <Unicode>Ist schwerweiß, ob sie das nicht</Unicode>
                </TextEquiv>
            </TextLine>
            <TextLine id="tr_2_tl_8" custom="readingOrder {index:7;}">
                <Coords points="4189,2128 4314,2173 4712,2122 5017,2218 5207,2112 5890,2128 5894,1977 5396,1942 5306,2013 5223,1945 5049,2003 4908,1945 4664,2061 4298,1993 4189,2048"/>
                <Baseline points="4208,2101 4286,2095 4376,2101 4465,2101 4555,2101 4644,2101 4734,2101 4823,2101 4913,2101 5002,2095 5092,2095 5181,2089 5271,2089 5361,2083 5450,2083 5540,2083 5629,2083 5719,2083 5808,2083 5898,2089"/>
                <TextEquiv>
                    <Unicode>Für eine Rückheit nähme,</Unicode>
                </TextEquiv>
            </TextLine>
            <TextLine id="tr_2_tl_9" custom="readingOrder {index:8;}">
                <Coords points="4186,2343 5855,2250 6205,2395 6426,2314 6430,2096 5534,2109 4905,2231 4667,2138 4189,2205"/>
                <Baseline points="4202,2292 4286,2292 4376,2286 4465,2286 4555,2286 4644,2280 4734,2274 4823,2274 4913,2274 5002,2274 5092,2268 5181,2262 5271,2262 5361,2256 5450,2250 5540,2250 5629,2256 5719,2250 5808,2250 5898,2250 5987,2250 6077,2244 6167,2238 6256,2238 6346,2226 6435,2220"/>
                <TextEquiv>
                    <Unicode>Und ich in meinen Fuß beim Ficht</Unicode>
                </TextEquiv>
            </TextLine>
            <TextLine id="tr_2_tl_10" custom="readingOrder {index:9;}">
                <Coords points="4118,2497 4488,2520 4651,2603 5165,2485 5598,2462 5669,2520 6064,2430 6064,2334 5797,2269 5351,2298 5175,2385 5001,2311 4533,2298 4122,2366"/>
                <Baseline points="4137,2471 4190,2465 4280,2453 4370,2459 4459,2459 4549,2459 4638,2453 4728,2447 4817,2441 4907,2435 4996,2435 5086,2435 5176,2435 5265,2435 5355,2429 5444,2429 5534,2435 5623,2429 5713,2429 5802,2429 5892,2423 5981,2417 6071,2411"/>
                <TextEquiv>
                    <Unicode>des bleichen Mordes käme</Unicode>
                </TextEquiv>
            </TextLine>
            <TextLine id="tr_2_tl_11" custom="readingOrder {index:10;}">
                <Coords points="4263,2838 4847,2793 4979,2895 5139,2806 5589,2838 5871,2773 6080,2841 6205,2812 6208,2629 5874,2603 5528,2709 4963,2533 4764,2668 4266,2661"/>
                <Baseline points="4280,2799 4334,2799 4423,2799 4513,2793 4602,2787 4692,2787 4781,2787 4871,2787 4961,2787 5050,2787 5140,2787 5229,2782 5319,2782 5408,2776 5498,2776 5587,2776 5677,2770 5767,2770 5856,2764 5946,2770 6035,2764 6125,2764 6214,2764"/>
                <TextEquiv>
                    <Unicode>So thät ich sinnend vor mich hin</Unicode>
                </TextEquiv>
            </TextLine>
            <TextLine id="tr_2_tl_12" custom="readingOrder {index:11;}">
                <Coords points="4269,3001 4542,2982 4680,3062 4796,2982 5691,2947 5778,3033 5903,2937 6118,2956 6121,2857 5871,2777 5621,2847 5325,2793 4972,2899 4844,2796 4622,2902 4423,2828 4273,2924"/>
                <Baseline points="4286,2979 4334,2979 4423,2973 4513,2967 4602,2967 4692,2961 4781,2961 4871,2955 4961,2961 5050,2955 5140,2955 5229,2955 5319,2949 5408,2943 5498,2937 5587,2937 5677,2937 5767,2937 5856,2931 5946,2937 6035,2937 6125,2937"/>
                <TextEquiv>
                    <Unicode>kaum zwei Sekunden sehen</Unicode>
                </TextEquiv>
            </TextLine>
            <TextLine id="tr_2_tl_13" custom="readingOrder {index:12;}">
                <Coords points="4250,3194 5505,3127 5977,3229 6308,3104 6311,2985 5903,2937 5778,3033 5637,2966 5386,3043 5075,2976 4693,3088 4455,3001 4253,3066"/>
                <Baseline points="4268,3176 4346,3152 4435,3146 4525,3140 4614,3134 4704,3128 4793,3128 4883,3122 4973,3128 5062,3128 5152,3122 5241,3116 5331,3116 5420,3116 5510,3110 5599,3104 5689,3098 5778,3098 5868,3098 5958,3098 6047,3104 6137,3098 6226,3092 6316,3092"/>
                <TextEquiv>
                    <Unicode>bis mirs das allerbeste schim¬</Unicode>
                </TextEquiv>
            </TextLine>
            <TextLine id="tr_2_tl_14" custom="readingOrder {index:13;}">
                <Coords points="4295,3441 4895,3306 5409,3451 5723,3297 5727,3188 5444,3220 5255,3136 4905,3236 4735,3152 4561,3223 4301,3194"/>
                <Baseline points="4316,3325 4387,3325 4477,3319 4567,3319 4656,3307 4746,3307 4835,3307 4925,3301 5014,3295 5104,3295 5193,3295 5283,3295 5373,3289 5462,3283 5552,3283 5641,3283 5731,3271"/>
                <TextEquiv>
                    <Unicode>Ihr wieder nachzugehen.</Unicode>
                </TextEquiv>
            </TextLine>
            <TextLine id="tr_2_tl_15" custom="readingOrder {index:14;}">
                <Coords points="4285,3695 5463,3637 5836,3717 6009,3618 6430,3778 6619,3643 6863,3637 6863,3544 6580,3448 6025,3553 5698,3460 5412,3608 4886,3480 4289,3531"/>
                <Baseline points="4304,3659 4364,3659 4453,3659 4543,3653 4632,3659 4722,3653 4811,3653 4901,3653 4990,3647 5080,3653 5170,3653 5259,3641 5349,3635 5438,3629 5528,3623 5617,3611 5707,3611 5796,3611 5886,3617 5975,3617 6065,3617 6155,3617 6244,3617 6334,3617 6423,3617 6513,3611 6602,3611 6692,3605 6781,3593 6871,3593"/>
                <TextEquiv>
                    <Unicode>doch hiehe da -? Vieh mir, weh nur!</Unicode>
                </TextEquiv>
            </TextLine>
            <TextLine id="tr_2_tl_16" custom="readingOrder {index:15;}">
                <Coords points="4298,3916 4423,3964 4600,3862 4699,3916 4908,3849 5056,3935 5223,3823 6176,3839 6234,3675 5999,3618 5833,3724 5460,3637 5149,3743 4526,3675 4301,3733"/>
                <Baseline points="4316,3832 4358,3832 4447,3826 4537,3832 4626,3826 4716,3826 4805,3820 4895,3820 4984,3814 5074,3814 5164,3808 5253,3808 5343,3814 5432,3808 5522,3808 5611,3802 5701,3802 5790,3802 5880,3802 5970,3796 6059,3790 6149,3790 6238,3796"/>
                <TextEquiv>
                    <Unicode>Ihn diesen zwei Sekunden</Unicode>
                </TextEquiv>
            </TextLine>
            <TextLine id="tr_2_tl_17" custom="readingOrder {index:16;}">
                <Coords points="4478,4038 4552,4093 4680,4003 4876,4131 5056,4000 5210,4070 5380,3990 6455,4016 6459,3846 5232,3820 5053,3942 4760,3862 4481,3910"/>
                <Baseline points="4495,4011 4584,4005 4674,3999 4764,3999 4853,3993 4943,3993 5032,3987 5122,3981 5211,3987 5301,3987 5390,3987 5480,3981 5570,3987 5659,3987 5749,3981 5838,3981 5928,3976 6017,3970 6107,3964 6196,3964 6286,3958 6375,3964 6465,3976"/>
                <TextEquiv>
                    <Unicode>Inhänglückselger lavelier.</Unicode>
                </TextEquiv>
            </TextLine>
            <TextLine id="tr_2_tl_18" custom="readingOrder {index:17;}">
                <Coords points="4324,4298 4709,4292 4847,4199 5149,4170 5630,4308 5977,4151 6218,4189 6224,4019 5749,3993 5537,4067 5383,3990 5165,4096 5020,4016 4876,4125 4658,4012 4552,4093 4334,4029"/>
                <Baseline points="4346,4202 4435,4190 4525,4184 4614,4184 4704,4184 4793,4179 4883,4173 4973,4173 5062,4167 5152,4167 5241,4161 5331,4161 5420,4155 5510,4149 5599,4149 5689,4149 5778,4143 5868,4143 5958,4137 6047,4131 6137,4131 6226,4131"/>
                <TextEquiv>
                    <Unicode>Ist sie total verschwunden.</Unicode>
                </TextEquiv>
            </TextLine>
        </TextRegion>
    </Page>
</PcGts>
