7656 5240
720 893 2876 1282 seien die letzten, die mir gelauscht,
4019 889 7119 1451 Eill ist der See, die Winde schweigen 15/8/18/16
705 1178 2757 1517 Gespenster nur und Münner.
4012 1251 6095 1521 Die Wege rauscht im Spiel dahin,
4031 1386 6160 1667 Ohn unbewegte fünfte steigen
808 1448 3149 1732 Und in die Seiten schlägt den Greis
4008 1548 6329 1863 Die Wolken aus der Berge Grän¬
774 1629 2537 1967 Lässt 1 seine Lieder töntend.
805 1767 2803 2118 Er zitterte klagend durch die tuft.,
4019 1786 6549 2179 die Sonne strahlt in goldnen Qluten
851 1944 2726 2287 die Stärme pfeifen und höhebe.
4012 2071 6129 2341 herab aus klarer Himmelshöh,
4050 2225 6584 2537 Es glitzert golden in den Flüten,
905 2225 3057 2514 Doch als das Kind verklungen war
4112 2391 6410 2683 In Diamanten blitzt der See.
924 2426 2595 2768 Die letzte Saite gerühret
936 2510 3754 2853 da schreitet der Alte – das Antlitz verhüllt
5660 2491 6668 2845 beleichten
5009 2556 5652 2803 Fünkelt
6406 2560 7173 2807 fürkelnd,
5448 2695 5683 2818 glan
4605 2649 4959 2868 Prahl
4073 2703 7061 3011 Wie Sterne blieb strafst es fürkelnd hilte,
893 2726 3034 3134 Hrnab, vom Jüngang geführet,
4096 2884 6653 3161 es leuchtet auf wie Sternenplatz,
4127 3018 7157 3311 die blaue, schnell verschwunden Welle
1024 3045 3523 3361 Er wirft Die Harfe weit von sich,-
4120 3199 6699 3507 Sie gänkelt fort in leichtem Tanz
1066 3249 3103 3577 Sie ist in Stücke zersprungen;
1086 3346 3885 3754 Ein Windstoss gellte. Dann war es still
4154 3469 6295 3738 Die Bäume an dem Ufer eigen
1197 3561 3388 3854 Und alles war verklungen
4181 3696 6453 3969 nab zum See der Zweige Grün
4208 3850 6849 4100 Till ist der See, die Winde schweigen,
1625 3800 3361 4243 Arthur Schnitzley
4247 3996 6657 4335 d. plitzernd rauscht die Fluk daher.
3018 4196 3873 4416 H. Wien
955 4170 2757 4597 Mitte September 1876.
5336 4223 6734 4628 tethenr Schnitzler.
