7144 4680
710 671 3282 1093 Und über sein, in nünftiger Blaue.
829 938 3404 1378 Erstarrt ein glitzernde Firmamant.
768 1219 3487 1626 Was klingt mir im Ohr doch an einige Wein¬
786 1464 3505 1886 Wen flüßert im no tief ohn End?
866 1760 3740 2290 Munt Ihre Frau Witsin? Und soll die Jahre,
775 2113 3523 2521 Die Ihr mich nicht gekannt und gesehe,
728 2358 3375 2770 da ich kein Wortlein von Einfassahren
775 2600 3545 3091 Was habt ihr erlebt? was ist nicht geschehen,
775 2975 3433 3430 Frau Wirthin! mir sei, der Wein zu kath.
746 3300 3289 3722 Und trunken hat ich mit geläubst
757 3505 3635 3952 Gings Zauf nicht wie mir den armen Trost
793 3761 3696 4245 hat Euch nicht der Trubel der Fehts bereits.
4010 325 4331 620 1730
4894 335 5781 642 Morsaumbert.
3924 631 6491 1075 ihm nicht so verschreckligen die Lieut¬
3927 909 6513 1374 send der Stein vermocht, in der Feht
5720 1150 6502 1482 erst sollt
3924 1327 6419 1709 Und siegt die grüne Früh hermit¬
3934 1529 6668 1962 So sind wir leide vergrämt u alt!
3967 1886 6729 2362 Frau Mirthin, noch ehe ab Tag ergrännt
3934 2196 6740 2604 Von dennen eil ich! Sein Cittfendkort!
3931 2449 6830 2878 enderem Euch der Morgen ins Fenste scheint
3913 2669 6819 3220 Zieh xxx längst ich meiner Amster fort!
5096 3174 6268 3682 Anatol
4050 3559 4886 3920 Reckerau
4198 3736 5316 4162 August 1889.
