7592 4952
576 668 2479 1004 Er streichelte sie lieb und fein,
626 888 2040 1096 Außt Ein in Liebesfreud
598 1036 2730 1305 Und für die Erd'war Sonnenschen
601 1231 1956 1517 Auf eine kurzeit.
690 1528 2995 1878 des kleinen Gotts verwesner Hieb
693 1758 2200 2058 der machte ihn nicht blad
736 1917 2726 2228 doch Hebe auch, sein Fußes viel
753 2104 2486 2447 war nicht besonders spröd
764 2486 2723 2779 Da sind sie denn in Liebesrausch
767 2656 2376 2953 Beisammen froh gewest
799 2794 3207 3098 Und merkten nicht in süßem Plausch,
820 2974 2638 3310 Dass 12 der Wächter bläst.
774 3349 2833 3667 Gedoch die Frau von Klüwius
810 3533 2744 3794 Die sah's vom Fenster her,
870 3695 2857 4042 Da sich sie machen Liebeskuss
891 3865 2829 4222 Und wch dergleichen meh¬
4095 428 6878 856 Es sind der Stunden mehr entflehn
4205 700 6418 948 War vier Uhr in der Fruh
4212 895 6496 1234 Es pand die Gattin am balkon
4226 1082 5845 1400 Und sah noch immer zu.
4176 1414 7023 1733 Zeit, bleib doch draußen vor der Thür
4226 1634 6210 1934 Denn schlechtlich geht dir aus
4222 1786 6157 2101 Die heutige Liebesaventär
4183 1984 6210 2309 Rehrst du nun heim nach gans
4339 2274 6192 2652 Die folgende Familienßen“.
4353 2550 5616 2822 Die übergeh' ich still,
4311 2688 6196 2974 der steg zudes Olympos Höhe,
4357 2843 5895 3168 der davon hören Will
4417 3133 5980 3536 v fürchterliche Eifersucht
4410 3324 6008 3692 Wer diese ding erfand,
4420 3557 6464 3890 der sei 10000 mal verflucht;
4081 3734 6079 4095 der der ein Intriguant.
