7576 4968
3955 585 5630 871 Fort ist er von der Fischerin Haus,
5915 510 6290 824 1876
3958 775 5263 1052 In ferne Lande gezogen,
3958 948 5800 1274 Aufs blaue Meer zog er hinaus,
3981 1144 6108 1435 da brausen und räuschen die Wogen
6053 1202 6716 1606 Starg
3986 1508 6304 1799 Er drückt ihr im Scheiden die weiße Hand,
3917 1698 5534 1972 „Geliebte, die Jahre vergehen,
3937 1859 5877 2142 Muß ziehen in ein fernes Land;
3142 2015 3473 2245 Tisseur
3940 2075 5728 2343 Auf glückliches Wiedersehn!
6218 2104 7048 2341 Tramm
3989 2421 6047 2733 Sie stand an dem Ufer, sie sah aufs Meer,
3984 2588 6073 2868 Er schiffte schon weit auf den Wellen,
3969 2767 6062 3058 Es spielten die Fischlein um sie her;
3946 2955 6246 3272 In der Flut, in der klaren, der hellen.
4053 3315 6137 3623 Die blauen Augen der Fischerin,
4096 3522 6076 3802 Sie sahen nicht Fische, nicht Wogen,
4076 3704 6356 3966 Weil in die unbliche Fernahinaus,
4131 3894 6088 4214 Warn sie zum Geliebten geflogen.
