7080 4696
3975 485 4758 673 1.45
3764 630 4679 1047 ce 2e 10
3975 1118 5449 1503 Heut morgen nicht ich in dunkeln:
5713 1195 5884 1485 De'
3977 1321 5423 1617 der glünst. ein Strahl hervor,
6251 1155 6786 1540 30 ggch.
3964 1432 5847 1770 Und mitten in St. Gämmen, und Schreigen
3919 1551 5924 1978 Ruhet schmeicheben ein Klang mein Ohr.
3991 1907 5721 2229 doch Stille und Rückel kam wieder.
3954 2047 5673 2390 Da fragt ich mit Angstliche Freund
4009 2258 5404 2572 Ob Ahnen, ob Erinnern
3980 2368 5861 2727 Der Stralsund der Klag bedeut!
4178 2661 5800 2962 Schwollt es von an Ahren
4112 2859 5568 3139 daß Liebe nicht um mich glänzt
4136 3009 5758 3265 AufRieder mich führ einkommt
4004 3183 6130 3555 Mein Haupt mit Glück umkauft
