7128 5016
3750 666 4236 939 1884
3797 914 4193 1141 Jannes
3959 997 5776 1274 Bevor du nun warst, hab ich dich besungen -
3872 1144 5783 1436 An deiner Buß vergass ich liertem Sang
3840 1321 6049 1609 Nun bist als fort - und meine Seel ist konk¬
3851 1486 5916 1781 Nun kommt es wiederum hervorgeklingen
3858 1677 6100 1976 Und wieder sch ich bis, mein Lieb er mir
3825 1889 6017 2152 lann ich die Hand mir vor die Augen halte.
3818 2066 6265 2253 Mir ist, wie wenn dein Athem mich unwollte
5301 2184 5776 2321 him;
3854 2238 5967 2469 Beseligt bin ich - du bistendes hier!
3815 2487 6352 2692 Ich schankte aufste Kine'en Dich wie ein Kind:
3818 2670 6265 2861 die Arm umschleigt auf. .. du beginst zu wenen:
3797 2825 6427 3073 Ich lächte, hauch meiner Kussin Deinen
3797 2980 6478 3296 Was macht du, Schatz, ob ier so glücklich sind!
5470 3127 6701 3448 hier ist es zu finden,
3829 3232 6053 3559 Und deren Theilen, holet, fließen Post,
3797 3451 5790 3707 Und leise flüßigt es von deinem Manach
3815 3624 6474 3879 Weil muss ich fort und es folgst mir nicht nach¬
4016 3753 4336 3876 matte
3797 3779 6085 4049 Einsechtes Dämari gittert durchs Gemach¬
3804 3933 6697 4326 Wir Frauweg /: Ob traurig Fächter /: erhemmt voller neuerlichen Stammt
4470 4351 4808 4650 5/18.
