7192 5096
3840 815 5908 1349 Miese Schaffi war der eine
3850 1079 6057 1537 Dessen Dang mich oft entze kte.
3922 1306 6119 1722 haben ihm stand Heinrich Heine
3843 1557 5776 1996 der geliebte der verw. etc.
3972 1785 6565 2293 Und das Volkslede nicht meinte,
3945 2128 5888 2537 Was bluchen aufgekommen
3899 2316 5845 2784 Undissage-Liebe Kniete
3932 2530 6291 2985 Habt ahr sonst sein mitgenommen?
4005 2909 6281 3454 Alle wandte da sich schweigen:
4011 3249 6152 3754 Aas des Zimmers Fürsternissen
4057 3460 6545 3949 Tout was vor - tief sich oderbei und.
4057 3685 6736 4216 Geiß des Klapphoms, laß dichkulfen,
