7160 5080
1067 816 1255 1056 be
622 811 811 988 mme
814 1019 2598 1365 Gemütlich sezte man sich hin.
783 1258 2229 1529 Sie Flichten wird begonnen.
794 1402 2376 1799 Ich alle diese Magedin¬
828 1633 2562 1880 die Jungen nicht zu Namen.
825 1804 3091 2168 dum ward in Haus - welch Raden.
797 2086 2370 2376 das schöne Kind gesungen.
752 2241 2818 2534 Ich pass’ zu keiner Klosterfreu¬
749 2469 2587 2784 Ist der nicht eingewungen?
771 2666 2576 3046 Er hätte ganz in Forderheit
732 2883 2767 3229 Mit ein aufs Korn genommen.
768 3116 2798 3443 Thalin heißt die marken Stand:
743 3299 2680 3662 Und hat mich den bekomme.
836 3586 2877 3910 An manchen Tag, in einerem Nacht
875 3834 2860 4104 d Einicht sie zu mir an Zimmer -
763 4051 2823 4335 Es wird gekost, geherst, gelecht –
774 4214 2877 4541 nichts wenn's! doch freut es immer
4625 566 4828 847 P.
3820 836 5878 1225 Wir lahre still; wie schweren Cis
3812 1118 5250 1455 Ich und die leichte darin¬
3854 1227 5875 1602 Sie küsst mich! ach so suht! so heiß!
3817 1458 5470 1799 Und nicht nur auf diesen
3837 1714 5906 2103 Die erste Nacht in meinem Zinsen
3834 1962 5602 2314 Marf j übelnd sie zum Fenster
3834 2165 5433 2438 Mir alle Und sie hinaus
3837 2379 5577 2646 Tort sind die Schreckgebenste
3783 2621 5669 2933 O bleibe sie doch stets bei mir
3809 2863 5394 3142 Am argen Miselsüchtgen
3809 3020 5988 3336 shun bin if aia (an) in Gunsten
3820 3226 5619 3502 Muss alle Luft verflüchtigen.
3840 3477 5892 3834 Gestorben scheint mir herz und Sinn,
3851 3651 5627 4009 schleicht sie aus meinem Kein¬
3814 3859 5883 4214 den Rausch, der halte ist dahin.
3876 4101 5413 4425 so bleibt ab Rugenzamm
