7592 4968
262 640 2580 1069 Die Fischerin mit dem Sronden Haar,
231 871 1931 1193 Sie dachte der seligen Stunden,
268 1069 2119 1424 die sie durchlebt in diesem Jahr
271 1234 2271 1582 Und die - mit ihm entschwinden.
398 1606 2369 1928 Da wohnte einstens die Fischerin,
346 1810 2220 2165 Blauäugig, mit blorden Haaren.
366 1989 2098 2292 Im kleinen Häuschen wohnte sie
380 2173 2090 2467 Vor wenig in - langen Jahren!
473 2496 2266 2897 da steht. das Fischerhäuschen noch,
476 2689 2329 3058 da rauschen noch immer die Wogen
427 2891 1940 3211 Jedoch die schöne Fischerin.
519 3081 2075 3447 Wohin ist sie gezogen?
576 3419 2390 3770 die Hütte, - sie steht öd und leer,
565 3641 2358 3981 Die Fischin ist fort gezogen,
582 3811 2436 4136 Es spielen die Fischbein hin und her,
631 3946 2577 4327 Es brausen und rauschen die Wogen.
4747 513 5742 796 Windesgeflüster.
3857 712 5546 974 Da steh ich am Fenster im Dunkeln,
3914 894 5116 1124 Es kosel der nächtliche Wind.
3937 1058 5791 1332 Er fächelt, so mild nur das Antlitz
3952 1208 5180 1502 Er ziehet vorüber so lind
3937 1536 5416 1810 Er flüstert mir zu schleise,
3989 1686 5315 1969 So süß und p wunderbar
2733 1655 3597 2090 affaire à ses
3961 1853 5359 2130 Er flüstert von blauen Eugen,
3952 2038 5385 2297 H'r Flüstert von Blondem Haar.
3984 2248 5704 2606 Da wird mir in meinem Herzen
4001 2490 5751 2767 Bald weich und bald wieder wild
4030 2646 5555 2983 Es ziehen die Winde vorüber
3972 2842 5488 3136 Sie fächeln so tüß und so mild
5485 3499 5880 3770 Minister
5834 3643 6416 3888 avec du April 1876
