7192 5096
3807 947 4348 1214 1886
4807 1508 5477 1732 Der Andre
4463 1902 6574 2164 Nicht schwer ist's junger Freund, du magst mir's
6118 2014 6627 2229 glauben,
4460 2161 6577 2431 Der schönen Frauen theure Herz zu rauben
4457 2302 6671 2511 Auf einen Kunstgriff kommt es an allein.
4448 2440 6809 2734 Du mußt versteh'n, der Andre stets zu sein.
4451 2702 6524 2972 Er selbst, der legitime, der bekannte,
4478 2908 6512 3149 Ob er sich Gatte, ob Geliebter nannte
4484 3011 6715 3228 Er ist - und wär er ihrem Sinn selbst lieber
4466 3158 6756 3434 Im Nachtheil stets dem Andern gegenüber.
4463 3396 6762 3654 Drum, wenn ein Weib an Dich ihr Herz verloren
4475 3569 6680 3828 Sei allzu stolz nicht, daß sie Dich erkoren.
4489 3681 6724 3931 Denn, wenn Du auch der Cine-Einz ge bist
4475 3840 6809 4122 Der Andere kommt gewiss nach kurzer Frist.
