7208 5112
3965 805 6105 1169 So klagt die Trümme in Zoll
948 981 3001 1426 Und in den nächtigen Nabel
3942 1029 5638 1361 deweil in Keichem
4017 1218 6206 1672 Gerichtschon, im Fest gehenstet.
926 1299 2913 1666 Rokaler stiegen Gewärz
958 1468 3553 1871 Die flirrte und kunllte im stadt
4059 1468 5881 1874 Jas manch schöne Frau!
893 1705 3202 2101 Wie Umschaglück vor Wahn.
4063 1741 6424 2111 doch konntzene Feht nicht der Träume,
4050 2010 5930 2322 So kommt er tjäter bestimmt,
955 2163 2585 2582 Sie sprichten Er überluste
4095 2173 6268 2559 Und längstes am Kaufend daß
1013 2332 3127 2718 I hier jubelere ertönte ihr Snall,
4089 2280 6446 2838 Schneidersel er wieder erklärt,
1117 2566 3296 2877 Dau stobe die Finken gen unter
4137 2588 6388 3085 Das Leben ist ja ein Kreisze
1140 2786 3111 3121 Versenken vom Wasser all
6281 2861 6657 3020 1
4160 2923 6050 3322 Ihr das gelobt Land,
1094 3059 2936 3433 it kam ik kalamfolen
4176 3176 6641 3540 Und bis ich es wieder erschon
1153 3270 2926 3621 Wisamm Trefge und
4215 3426 6826 3819 Grüß alles ich, nur an bekannt,
1098 3488 2984 3920 doch neue - wie einem Jüngling
2926 3663 3666 3962 c'est pis!
1104 3751 2832 4079 et voir saver, le dame
