7128 5080
919 1002 2746 1360 Verdrossen bin ich – ganz nur jas
840 1215 2593 1546 Gch ruf den Schlaf! O kam u?
834 1372 2764 1688 lenvieh, die eben König war.
890 1599 2504 1927 breuich jeden krämm.
887 1886 2625 2247 die angenehme Mögeliere,
875 2120 2525 2398 Theil ich mit der Ponten,
857 2321 2708 2634 Ionst ab itt nicht verles ihr
736 2513 2539 2862 Mar nach hiezu von Notha¬
736 2992 2699 3308 nicht auf - es ist ein schöner dem
712 3270 2300 3559 ben die Versifigung.
772 3344 2897 3695 Das ungereimte nur gereicht
751 3568 2746 3958 Der Rest jedoch ihr Ruheus
739 3796 2924 4174 (Wie sich ih soguläs auch binnen)
834 4044 2628 4393 Ich leik ist ohne Saumens
825 4269 2631 4514 Über ungemein Kind geraumt
810 4423 2726 4718 Davie liegt den Geheimnis.
4609 547 5150 822 1 c = 11
3728 908 5315 1268 Collegie nun bezieht ich (mit
3757 1115 5014 1416 die wohlste der Frauen-
3743 1233 5676 1611 Ihr rechtet auch! Ich sagte er gleich
3757 1460 5649 1871 Hann dürf nur keine Cromus.
3772 1691 5986 2176 Ich fühl mich – an dank Euch heiß
3828 1972 5581 2300 Viel wenigen schuldbelnde
3834 2167 6004 2563 kant ich Einf, edle, wankte weiss
3796 2347 6066 2800 Mit uns auf gleichen Pfarte. -
3864 2879 6152 3323 Er machten schon manch andere Toll
3976 3134 5490 3497 Olymjihh Flattesen
3902 3308 6306 3796 Ich nahm der Braakfast mit Apoll
3885 3485 6158 3958 had humble with him so.
