6664 4184
5549 351 5983 653 No. 28
4460 580 5259 824 Allnarr
3700 766 5968 1142 Lapl mich, ihr mächtigen Fragen d. Menschheit,
3727 946 6105 1310 Rastloser Ringer nach Lösung der Kuthsel
3709 1194 5803 1450 Nimmer löst sie das leidvolle Leben!
3712 1343 5656 1627 Mait in einem Winkel der Welt
3748 1468 6200 1764 Sitzt ein Witzbeld mit wackeluiten Schelker
3752 1636 6074 1923 Auf der schwinkenden kindischen Rappe¬
3797 1807 5992 2131 Und es freut sich des Friedlose Frageres
3782 2024 6160 2305 Und des Erforschens der Ungrunde der Dinge.
3788 2170 5720 2485 Und er erst: Theerachtlosen Ringer!
3782 2332 5946 2653 Strauchelt und stürzt bei herzlichen Schritt,
3752 2521 5897 2781 Tagst herum in trauriger Taubheit
3730 2680 5983 3013 Göst ihrs dem nicht das Hoheisch hell
3761 2894 5934 3217 Klappern und Klaren der Vorrenkappe
3788 3071 6001 3388 Und das schallentz Schütteln v. Scheller?
3761 3239 5827 3486 Klmittnicht aus Herrn Weltenweber
3742 3446 6029 3767 Allzeithin bei Aufw. u Ernd.
