3896 5092
145 396 3007 732 Tgiff ihrsimmer lächelnd) wohl unter ihren Arm
102 591 3437 872 taward Ottilien lange, da ward ihr bange sehr und warm
94 825 3250 1131 Sie dachte an gar vieles, der Schneider an noch mehr,
106 944 3416 1285 ottilemar im Mädchen, und Schub ein Recke hehr,
85 1208 3467 1451 Und eben weil Herr Schule ein Degen, und sie ein Mädchen war
115 1344 3475 1659 So dachten beide vieles, das ist verständlich u. auch klar.
111 1527 3356 1931 die Hosenwaren fertig, die Jahre schwanden hin,
102 1825 3301 2089 Und Otto Mauthner hofte wohl in der Sechsten drei
128 1961 3492 2233 Es war ein Sommertag wohl, es war sehr sehr schwüleid waren
132 2072 3531 2352 Und Otto saß bei Hören in schwerem Gram und schweremb¬
157 2293 3531 2646 der Herrn war ihr College, es war des Schackens Stund
145 2484 3543 2876 Dem Schenk war gräßlich wüthend, und hatte keine Grund
174 2654 3420 3024 Gmau ein Dützen, zweier hatt' er gegeben heute,
187 2824 3599 3169 Es war erst halber zwölfe, und die Erlösungssteide weit
149 3041 3526 3429 Da schallt es aus seinem Munde! Schweinburg gehe Sinchen
149 3258 3569 3560 Sicht eine Schmach für hiesig, der Gymnasiaß wollen,
196 3437 3127 3752 Sie passen nicht in Sexta, nicht ins Gymnasium
191 3497 3560 3960 Molle Sie sich hinein verfüget, d, u. in oben der Zeile! Denn
264 3816 3637 4207 Mölln Sie sich zur Tafel, kommen, Herrn, zeigen Sie mir dem
2888 4028 3599 4313 ich f verstehn.
2488 4092 2646 4237 him.
2480 4169 2646 4301 G.C.F.P.
281 4084 2505 4394 Nun, also? Schneller, schneller, den ich
272 4279 1127 4569 Sie passen nu
