3944 4824
917 478 1387 701 Freunde.
574 624 2123 913 Jetzt, dieser, führe ich ein
605 755 2801 1075 In das Treibe der 5. tatein,
3367 944 3637 1318 /2
744 1121 3225 1406 Und fühlt sich wohl manche besurme,
405 1063 609 1368 M
482 1271 2932 1564 nicht ganz behäglich im beginne
516 1418 3317 1703 Bald fühlt sie wohl sich, wie ich weiss¬
570 1572 3132 1899 In Professoren und Schulerkreis¬
493 1807 713 2015 33
3494 1788 3741 2107 33
482 1865 3379 2119 33. Bald werdet Ihr ja minder hören
578 2042 3529 2308 von lieg und lieb und liebeschwören,
593 2223 3313 2547 Und wieder wird in frisches Grün
616 2392 3094 2666 der Arthur und die Fanny ziehe.
613 2751 3718 3005 Jetzt – hab ich genug schon der Worte verloren - 34
597 2870 3583 3194 kommt den; zu Schüler und Professoren¬
624 3055 2936 3363 Ich führte - im Freien Euch herum¬
666 3217 3144 3537 Jetzt folgt mir in's Gymnasium)
