7288 4792
1061 927 1630 1252 BJF
1244 1097 1727 1337 C
471 1260 2983 1682 Andromache's Frauer.
240 1682 3405 2048 Gedichtet zu Vöblau Anfang September 1873.
179 2138 2706 2467 Zuub! erschlagen ist der Gatte,
224 2345 2743 2536 Und verwittwet ist sein Weib
240 2515 3056 2776 Und Achill, sein grausani Mörder
264 2650 2796 2967 Schleifet seinen nackten Leib.
264 2962 2885 3235 Hektor! komm’ zu deiner Gattin,
268 3125 3121 3340 können zu deinem Knaben her
256 3288 2857 3560 Ach umsonst sind meine Kufe,
301 3458 3401 3710 Und mein Mann, er hört nicht mehr!
297 3739 2869 4047 Ja, verloren ist der Schützer,
329 3909 3198 4210 Und die Griechen sind die Herrn,
301 4076 3462 4344 Und die Stadt, sie steht vereinsamt
358 4263 2333 4539 Preisgegeben dändern.
5124 138 5478 439 17
3694 309 6299 626 Ha, ich sehe schon die Flammen,
3747 504 6425 744 Schwerter, die gepücket sind.
3759 642 6291 951 Und verrüchte Griechen sände
3771 780 6933 1126 Rauben mich, mein stammelnd’ Kind.
3791 1036 6786 1394 Und Ochger - ach - mich führen
3767 1280 6392 1573 Wohl in die Gefangenschaft,
3816 1451 6876 1703 Und mich zwingen zu der Arbeit.
3787 1605 6908 1890 Wenn die müde Hand erschlafft.
3820 1910 6530 2198 And die vonäer mich zeigen
3844 2105 6953 2320 Und mein Knäblein wohl mit Hohn!
3698 2272 6961 2503 "Peht's fier sitzen unter Mägden
3706 2426 6535 2743 "Haktor's Galten und ihr Sohn.
3779 2702 7002 3015 Ja! verloren ist mein Schützer
3796 2881 6530 3190 Und der Schützer Trojes auch
3828 3048 6559 3344 Ha, ich scha Eroja's Flammen,
3832 3190 6791 3568 In dem Geihte schwarzen Rauch.
3808 3458 6291 3735 Ach, getödtet ist der ketter,
3804 3670 6185 3970 Hektor's Todustag erschien.
3840 3820 7075 4133 Ach, - was fürchten mir die Tränen¬
3812 4003 6721 4320 Hektorist und bleibt dahin
