7160 4904
5212 260 5402 520 Si
4395 418 6754 901 Liebes verhältniß, veröffentlich
3919 582 4303 809 1l 17
3919 692 6479 1183 Klein Kind – er scheint, ich bin in elf verliebt.
3930 846 6831 1406 Ich kurs die heut fürnähr nicht anders seyn
3926 1095 6878 1571 denn gestern Hörtuh1 die noch selbst mich klagen
3923 1275 6453 1795 Sie Welt ist schal, das keine Liebe gibt.
3945 1509 6790 2095 Da Leiden schaflen gibts - Legie und Weid
6424 1791 6699 1959 " "
3952 1828 6358 2252 das andre wird von uns dazu gelogen,
3981 1915 6798 2520 Hruch ich heut andres, glaubst die Dich bettogen
3992 2172 6717 2707 Und fliehst vor meiner Unterständigkeit.
3985 2355 6691 3025 In köntet, weiter, ihr die Wahrheit hören,
3999 2600 6867 3164 so sagt ich Nähe: d Neid und die Regies,
4032 2934 6842 3355 die ziehen müßellmüchtig hin zu di¬
4047 3150 6966 3586 der wär so meine Artike fiele schwören!
4084 3545 6970 4058 Ich nicht jeden, den drei Crug "erblickt,
