7432 4904
5473 385 5825 545 65
1731 445 1963 593 6 4
353 641 2828 982 Doch lasst uns immer das beste hoffen,
4767 693 6490 1082 23. Foyas Untergang
349 829 3057 1094 Daß niemand von uns vor der Zukunft lebt,
353 966 3301 1314 Es bleibt für die Hoffnung das Herz immer offen;
3926 1074 6879 1354 Gedichtet zu Wien, Mitte, Sänner 1875.
349 1170 2796 1494 Sie ist's, die die menschliche Seele belebt.
361 1358 3073 1735 So ist nun das Sehr wieder weggezogen
2933 1558 3297 1711 der
3998 1462 6710 1855 Von selben Sternenlichte sanft umflossen
377 1631 3417 1927 Wie schnell doch die Tage und Mondeltergehen
4022 1747 7155 2003 beleuchtet von das Mondesbleicher Schen,
349 1783 3389 2099 Ein Jahr ist verrauscht, ein Sohn ist der flogen,
4014 1911 6402 2171 Von Kuh und Frieden milde übergosen,
373 1939 3037 2244 Und keiner von uns wird es wiedersehn.
4038 2063 6819 2360 So steckte Troja sich in Schleumer ein.
4062 2300 7187 2692 Doch sieh' es breit hoch hinauf zum Himmel
4134 2544 7127 2828 Ein ungeheures Flaumenmerer sich aus,
3926 2760 7147 2925 Und aus der Häusern stürzt búnt im Gewimmel
901 2672 2272 3045 Ende
4006 2897 6755 3169 Der Bürger Menge schreckenbleich heraus
4050 3069 7175 3473 Mit kriegern sieht man sich die Stroßen füllen.
1891 3113 2416 3449 A.S.
4046 3329 7131 3650 denn auch die Feinde drangen schon herein,
3962 3558 6967 3818 das fürchterliche große Schauspiel Füller
3982 3682 7135 3962 des, Rauches Wolken undurchdringlichem
3994 3938 6879 4191 Das Egammann schlau. Griecher toben,
4034 4138 7175 4435 Und schonen wütend weder Weib noch kind
