7096 4968
4596 882 5865 1177 Augar wanche
4272 1189 6086 1463 Du bist ein Weib wie andere Weibermehr
4204 1381 6171 1628 Und wären sollt ich ihr zumeist vertrauen?
4221 1552 6109 1820 da mich noch jede Erstbetrög bisher
4218 1687 6130 1932 Sollt ich auf deine Treue festen bauen.
5921 1918 6224 2089 Ferner
4195 1977 6410 2295 Ich weiss, wie leicht verleibt die Mädte sind
4204 2192 6074 2416 Um ihre Treue ist mir immer bange
4702 2336 5118 2502 denn mit
4263 2316 6463 2676 Vorsprich nicht gar zu umb mein lebes Kind
4174 2505 6549 2888 Und schwor mir nicht mehr als ich verlange.
4879 2867 5699 3183 C.M. Sch.
3764 2968 4369 3322 Mitte 9bre 83.
4221 3298 6042 3581 qui. Bl. D. 1890. ce quel
