7048 4744
1124 920 2746 1228 Verdrossen aufst du! Die Dichtkunft,
975 1141 2574 1440 Die hatte mich niemals lieb,
913 1349 2444 1648 Somit bin ich nie gewesen
822 1534 2632 1921 Auch als ich noch Verse schrieb.
816 1791 2561 2109 Nun komm ich Dich still zu mahnen,
832 1999 2090 2308 da die so traurig. bliskst¬
874 2148 2230 2483 Weiß nicht, ob du auch wieder
923 2334 2194 2658 Verachtlich von dennen schickst. —
952 2558 2308 2834 Ich will sich kammern - und Flüßern.
861 2698 2418 3058 dein liebster vergess ich nie,
822 2870 2350 3208 Und wirckh alles verlassen,
838 3078 2112 3396 So bleibt dir, die Soesie
838 3256 2210 3643 Da sonk ich ihr zu Fusten,
852 3445 2558 3812 Sie legte die Hand auf ein Haupt
826 3627 2408 3949 Lau weint ich an ihren Herzen,
832 3799 2730 4235 Und hab ihr so gerne geglaubt!
2356 4046 2844 4306 st. J
770 4212 1368 4530 28/11 80.
4391 526 4726 705 111
3780 741 4157 985 Nro 80
4040 790 6146 1261 Es liegt ein Garten im Osten
3952 1069 6484 1544 und damit nebes de Nacht,
4020 1349 6279 1774 Die Bleibe liegen zu Boden,
4040 1625 6454 2103 had regen, sich, fliecken sacht.
4027 1947 6204 2340 Sie schweber bese oor daneien,
4036 2174 5977 2606 Und fliessen heeft in Luft,
4024 2340 6480 2824 Die Blätter lösen sich leise,
4020 2571 6520 3091 Zorflattern in trüber Luft
4137 2925 6773 3458 Es verst ich kann und Gestrauche
4095 3224 6500 3640 La milder Schmerzes Bann
4036 3445 6578 3913 Nur traumend verklagend die Klage
4105 3682 6659 4183 Hebt neues Knospin an
