7672 5288
6138 354 7208 633 F.TrubyKing.
4416 449 6066 713 im verhängt: H dann ausge¬
6888 459 7400 645 I emporte-
6153 577 6631 856 Rest. 78.
4595 878 6075 1281 Straßenconversation.
4712 1174 6468 1701 Guten Tag! - Ah hab' die Ehre! -
4690 1415 6168 1895 Gestesgut? - Ich danke sehr
4700 1587 6291 2038 Theen auch? - Im und, es wäre
4724 1783 6364 2135 Wenn und schönes Mutter war.
4799 2009 6638 2460 Glauben Sie, kommt heutein Regen! —
4802 2196 6677 2608 Möglich ists. Vielleicht wird schon. -
4823 2400 6568 2807 Ta man darf doch nicht deswegen
4867 2565 6519 3011 Ohne Schirm spazieren gehen.
4940 2919 6629 3220 doch ich all Sie jetzt nicht stören.
4959 3093 6226 3372 tätte bitte – lächerlich!
4971 3263 6699 3552 Wenn Sie nächstens mich beehren! —
5008 3343 6968 3734 Oh! - Adieu: — Empfehle mich. -
6165 3768 6495 4030 G.
