7032 4568
4574 674 5491 982 Reades rous
3859 1028 5149 1352 Sitz des Abends in Kaffehaus
3838 1134 5403 1528 Schau jene Fenster in & dinkel hinaus.
3836 1435 5005 1651 Sitze ab stamm, für mich allein,
3857 1479 5385 1773 Rings um mich einigewohl licht zu sei.
3848 1695 5336 1991 Karte Fliezt sie und Kant zurück.
3799 1859 5452 2114 Auß dem Billard vollkuget und Glück.
3848 2000 5473 2283 Blieb' an meinem Fenster in Krit,
3845 2190 5123 2447 Schau den Trenbenser Flocken zu.
3880 2308 5579 2648 Kurzer sich drauß zum stelle Gassen,
3866 2516 5581 2783 Liegen beschneit ab und verlassen.
3878 2725 5255 2954 Trübe flument das müde ticht
3820 2875 5686 3151 und der Schnee fällt beysam und dieß.
4035 3051 5503 3290 Traune binach! bin echterwacht,
3949 3192 5785 3468 Als mein Mädcher durch Fenster lacht.
3986 3417 5385 3706 Ei wie eil’ ich M rasch hinbei
3942 3551 5667 3852 Aridderer, mein Kaffesien.
5588 3783 6024 4049 Asel
4139 3979 4699 4172 Zil 1850
