7592 5032
587 726 3186 1132 doch seits dem Pluviub ging so schlecht
593 1000 2306 1287 Bei dieser Liebsaffaire
593 1151 2793 1454 Hat er an Amor schwergerächt.
661 1354 2212 1683 Sein grausig v Malheur.
719 1703 2735 2032 Mit seinem großen Wasserfasst.
735 1877 2512 2167 Mit Kubel und mit Schaff.
829 2041 3090 2374 Macht er den Amorgänzlich nass,
835 2254 2403 2567 So oft er ihn noch traf.
793 2509 2644 2906 Doch dünkt auch die Historie
838 2783 2574 3115 Ein wenig gar zu schaal,
945 2948 2964 3251 So hört - zu Euer aller Weh
868 3138 2809 3444 Sie hat vorab! Moral!
916 3393 2864 3789 Und der die Lehr in dem Gedicht
958 3660 2857 3957 Sogleich nicht fand heraus,
2090 3841 3373 4073 nach einmals nicht:
945 3876 2016 4147 Der ist geliebt,
2154 4012 3412 4309 sischen aus.
945 4047 2077 4315 Mit dem ist
1296 4312 2638 4644 Arthur Schulzler.
4850 400 6144 713 Die Gräfin und der
5276 555 6589 774 der Freunde u. sein lieb.
4022 758 6140 1026 Es reitet der Sturmwind auf Feurigem Roß
6350 716 6763 1077 1876
4025 961 5424 1229 In wolkennenäußerter Nacht,
4028 1080 6024 1419 Da fliehterreichsulend über das Schloß,
6347 1045 6682 1290 216
4044 1316 5563 1622 In blitzefunkeln der Pracht
4089 1545 5998 1900 Er heult so düster, er heilt so brug,
4115 1732 6024 2041 Zieht stöhnend durch Klüftund Gestern.
4138 1903 6240 2212 Im Schloße drumen schalle lästiger Sang,
3448 2019 3651 2270 P.
4160 2106 5760 2386 Im Becher perlt der Wein.
4389 2419 6476 2657 Am Tische der frohen Gesellen Glück,
4412 2580 6018 2832 Die Gräfin, die gereignige war,
4376 2690 6392 3048 Verführerisch Dunkel den schönen blick,
4360 2890 6186 3190 In schwarzen, wallendem. Haar.
4309 3196 5998 3525 Es flog ihr über den Busen hin,
4302 3402 5963 3657 Hin über das blendende Weiss
4283 3509 6160 3831 Und manches Gesellen Augen glühn,
4338 3699 5928 3980 Von Liebe und Wollust heiß.
4312 3989 6282 4299 Da trat ein Jüngling vier in den Saal,
4260 4183 5882 4531 Blauzugig, in bloudem Haar
