7512 4776
1275 434 2581 815 Dr Sanguiniker.
389 797 2356 1137 Wohl hab ich immer es gewußt,
396 1028 2569 1302 Es trägt nicht beizumleben,
385 1189 2764 1455 doch lebet in des Menschen Brust
363 1346 2588 1507 Die ernstes, heiliges Streben.
374 1503 3194 1705 Doch schlägt das Strebanfel auch aus,
348 1661 2981 1945 So macht auch allzure nicht Graub¬
1212 1978 2547 2259 der Choberiker.
363 2311 3373 2588 Ruhm sei mein Donner. Ehr und Macht
378 2427 2218 2745 Klángich leb' auf Erden,
408 2603 3340 2913 Und wir den Kühen mir streitig macht,
378 2775 2199 3018 Der soll zu rechte werden,
426 2898 2820 3183 Ich nur, mir ich, ich will allein
396 3086 3272 3392 tuf Erden groß und mächtig sein.
1174 3355 2809 3691 Der Melancholiker.
344 3635 3071 4028 Bald uns der Sarg gefangen hält,
408 3897 3224 4174 Jn Grab word man and Canton;
5307 266 5629 486 7 5
3949 426 6358 815 Doch lebt der Mensch für diese Welt,
3949 681 6197 942 Nicht für der Senseits Zeilen.
4002 845 6915 1103 Drum strebt nach Kuhm! - Im Augenblick,
4021 1002 6695 1294 da liegt des Menschen einzig Glück.
5184 1750 6388 2064 I de
5704 2996 5887 3325 e
