7304 4840
1729 310 2067 490 -32-
248 450 2240 814 Sie die Wolken ihrer Last entladen,
220 720 2316 1008 Und der Hayfisch mir die Zahnweist,
248 872 2290 1120 Und die luft durchsausen vorhanden,
256 1037 2485 1336 Und die Möve meiner Bahn umtreist;
248 1350 2582 1606 Da allein nur bin ich immer seelig,
328 1541 2283 1779 Da allein nur ist mir froh zu Mut,
292 1657 2539 1981 Schaukle auf den wilden Wellen fröhlich,
349 1844 2802 2146 Treuer Rahn, mein allerliebstes Gut.
1174 2413 1945 2705 Gunden.
1815 2665 2276 2989 A. S.
5031 234 5506 418 33
4617 850 4901 1077 ap
5297 1304 5528 1491 0
4264 1685 6385 2046 Lied des Bergmanns
3864 2013 6749 2370 Gedichtet zu Wien. Ende Jänner 1844.
3828 2355 6201 2676 Ich fahr' in den sämptigen Schacht zurück,
3828 2557 6061 2838 Tdo verloren ich viel und gewonnen,
3821 2730 6716 2996 Noch werfe ich schnell einen scheidenden Blick
3828 2877 6525 3093 In die blindenden Strahlen der Sonnen¬
3864 3065 6543 3295 Vielleicht seh' ich Mord und Sterne mehr nicht
3828 3126 6634 3493 Lebe wohl, theures Leben ergrückendes Licht.
3864 3443 6605 3716 Fahr doch aber muthig hinab in den Schacht,
3882 3684 6345 3947 Wo das schlagende Idetter ruthet,
3882 3843 6688 4102 Eine gütige Vorsehung aber uns wacht,
3875 4001 6392 4275 die uns oben und unten behütet;
