7240 4904
5430 388 5724 567 a .
3933 395 4303 633 votre
4968 500 5353 721 Sin! -
6770 339 6945 773 in
3873 514 6606 1102 kei welch ein Fuht! Wie taugen die Liebe!
3926 836 6728 1403 Wie spielen die Geizin, wie sträub der Wein
4237 952 4643 1232 JHetel
3940 1165 6385 1658 des ist ein lustiges Leben heute.
3982 1372 6648 1991 gut so! Bald leicht die Nacht herein,
3964 1826 6354 2435 Herlei, ihr Lüssche, da habt ihr zu offen
4006 2075 6798 2638 land mir, Frau Wirthin, gebt noch ein Glas.
4034 2453 6179 2918 Auf Eure Schönheit u unvergessen
3943 2589 6763 3212 O schöne Frau Martin, laae ich der?
4143 3005 6676 3516 6/8 Knullen die Schüsse, die Preise umke¬
4094 3285 6714 3933 Im Kreise dreht sich der Kriegelspiel
4139 3586 6921 4048 Trei Wirthin, noch nur gebl mir zu trinken,
4160 3870 6844 4331 An solchen Lage gibts kam zu viel.
