7544 5000
4778 769 6379 1052 Darius Roi.
4139 938 6749 1230 gedichtet zu Wien am 18. Feber 1876.
3837 1253 5554 1542 Ost das Persens großer König,
3844 1425 5743 1682 Wie ihn einst sein Reich begrüßte,
3824 1591 5418 1863 der gefangen und gefesselt
3844 1772 5902 2032 Hinfahrt durch die weite Wüße!
3837 2074 5629 2363 den Verrätern seines Reiches
3831 2233 5613 2529 Ist der König preis gegeben
3847 2389 5814 2610 Und in der Verbrecher Händen
3824 2565 5869 2853 Liegt sein Todunirregt sein Leben
3788 2889 5717 3178 Doch wie bald folgt auch die Strafe,
3850 3068 5652 3337 Und ihr fühlt es wohl, Verbrecher
3824 3256 5606 3512 denn der große Alex ander
3883 3383 5944 3681 Wird des Feindes edler Rächer.
3944 3723 5655 3980 Persiens Herrn hat er besiegt
3905 3870 5827 4136 Proseins Mächte sind gefallen,
3902 4035 5613 4311 Und schon hört ihr das Getöse
3954 4207 5915 4493 seines Waffen Paris schallen.
