7448 5000
281 672 2277 1031 Die Verräter höres mit Schrecken,
293 884 2314 1194 "Aus dem Wagen auf die Pferde!
265 1100 2110 1361 „ Schneller so ist zu entkomen,
253 1230 2326 1511 " Auf der heißer, sand'gen Erde".
297 1377 2021 1687 Bessus ruft es zu daraus,
314 1548 2318 1849 doch er den kt an ihr Verderben¬
395 1601 2505 1996 Wenn er stirbt, so soll auch Bessus,
358 1862 2562 2184 Der Verrätes mit ihr Perben.
407 2192 2554 2489 doch der reißt ihn aus dem Wagen,
358 2383 2069 2615 Auftet nicht der Königsehre,
411 2534 2167 2807 Wirft ihn mütend auf den Boden
416 2664 2518 2998 Und durchbohrt ihn mit dem Spiere¬
436 2958 2448 3308 Ist das Persiens-großer König,
468 3178 2428 3475 Wie ihr einst sein Reich begrüßte,
371 3349 1821 3593 Der vom Blute übergossen.
358 3516 2012 3829 Daligt in der öden Wüste?
468 3813 2452 4127 Bessus ist davon gesprenget.
424 3980 2933 4265 treibt ihn Furcht? Treibt. ihn Gewissen?
473 4143 2379 4424 hok Jn did wohl schon auf ewig
383 4294 2615 4628 Deines Rächers Hand entrissen?
1499 4493 1874 4681 Arm
3956 627 5390 974 Alexander rücket näher,
3943 835 5768 1104 Und mit ihm auch deine Strafe,
3947 986 5809 1287 denn schon steht es bei Daraus
3899 1153 5601 1442 der da liegt im todesschlafe.
3952 1495 6384 1723 Nimmt den Purper von den Schultern,
4017 1642 6086 1919 Will den Frieder Tod nicht höhnen;
3992 1821 5980 2045 Sagt den Mantel auf darius.
4013 1959 6298 2298 Seinem Aug' entfließen Thränen.
4004 2306 5964 2546 Und er blickt in tiefer Trauer
4021 2497 5658 2778 Auf darius blutze Leiche.
3935 2623 6098 2986 „ Waß du leben einst im König,
6147 2762 7321 3015 Frichtlos stelltest du, darius
3952 2823 5667 3088 Sei es auch im Schötterreiche.
6086 2941 7312 3206 dem Geschickedichentgegen,
4037 3080 7316 3398 Ist das Persiens großer König. Und den großen Stellen,
4387 3300 4787 3450 ihn einst
6628 3255 7198 3532 schicksal
4004 3275 6005 3548 Wie sein Reich he begrüßte
6176 3349 7296 3727 Bist du endlich unterlegte
4041 3459 6098 3748 der dem Schicksal unterlegen
4029 3609 5887 3923 Daliegt in der oden Wüste?
5186 4143 5357 4449 be
