7400 4760
5304 241 5625 432 53
1948 267 2142 435 52.
3968 378 6530 676 Oft blick' ich dann dorthin u. werwandt,
3972 630 6389 939 wo ich verlassen das Heimatland.
3937 878 6992 1226 Doch jetzt nehm ich fröhlichen Abschied von her,
4017 1119 6347 1413 Es wehre zes günstig die Winde.
4029 1291 6942 1485 Und auch der Allmächtige wacht über mir,
3922 1470 6335 1718 Drum fort von der Küste geschwinde!
4010 1646 6973 1883 dernauf auf dem Wasser, so wie auch dem Land
1027 1531 3112 1909 Matrosenlied
3991 1749 6771 2043 Reh' ich in des Gottes beschützendes Hand.
439 1844 3212 2295 Gedichtet zu Wien Ende September 1874.
4873 2150 5950 2471 Cuder
493 2391 3238 2696 Sinaus, ihr Matrosen, aufs schaumende Meer,
504 2601 2853 2872 Die Deght im Winde sich schwellen,
5507 2604 6076 2933 A. S.
496 2772 2910 3017 Beklattert die Prlagge im Wunde umher,
420 2910 2963 3215 Schon schänkelt das Schiff auf den Wellen¬
462 3005 3330 3387 Noch weise ich schnell einen scheidenden Blick
378 3254 2929 3544 Hin auf die verlassene Heimat zurück.
466 3498 2513 3868 Doch bin ihr Fraußen auf höher See,
481 3697 2620 4033 Von schaurigen Kärmen unmachtet,
409 3884 3483 4193 Da ergreift es mich of lmals mit wildem Wch,
470 4078 3506 4350 Mein Herz nach dem Heimatland schmachtet.
