6936 4824
3450 702 3853 1035 1840
4332 702 5076 1074 Prosector.
3516 1407 5468 1748 Lebtwohl, ihr teilen, heutlaß ich auch,
3493 1635 4935 1921 da schon der Abend kommt.
3493 1721 5257 2093 Die bührvolle Zeit der Nacht
3508 1972 5076 2278 Goränderin dingen hiemit.
3493 2199 5453 2591 Ich wasche die Hände vom Blutwein,
3438 2481 5018 2720 Uwe geh ins Kaffehaus.
3454 2552 6021 2944 Heut ab ich wieder mein Geld gekriegt,
3481 2818 5249 3109 Da leb ich ihre Saas und Daas
5582 2967 6068 3254 besser
3477 3105 6633 3450 Will sperler and trinken und habe heut Nacht,
3520 3316 5617 3555 da es Mensch und einmal lebt
3497 3481 5617 3759 Die Zeit ist doch keinem alljähren
3567 3618 5649 3928 Da man ihn in den Haus begräbt.
