7656 5336
5003 434 5668 777 Sonette. 1.
5903 524 6271 748 (7thly)
6134 661 7055 903 Goster versuch in
4165 802 6062 1069 Dich schaltig kühlen Wald will ich besingen
6275 834 6940 1087 deifer Form.)
4151 1008 5885 1261 Mit deinen dichten, laubigten Alleen,
4187 1185 6015 1434 Wo Liebesgaare Flüsterend sich ergehen,
4212 1311 6380 1640 Und milde Weste Blumendift bringen,
4190 1680 6885 1954 Wenn sich die Nacht aufweichen, dunkeln Schwiegen
4198 1828 6257 2081 Herumdersenkt, und aber wieder wehn¬
4187 2005 6669 2276 durchs zitternd Laub dies Mordes Strahlen schu¬
4198 2211 6925 2475 Und silbern sich um grüne Blätter schlingen.
4248 2496 6647 2789 Auch mich hat einst die füste Nacht umfächelt
4245 2709 7146 2948 So führe Auch mir hat einstens ein wendlich Glück
4241 2890 6918 3157 Aus eines Mädchens schönem. Ang gelächelt –
4230 3161 6795 3464 Jedoch zu nichts ist alles das geworden
4848 3370 5094 3457 im
4299 3374 6531 3663 Seit mich das unglückseliges Geschick
4241 3540 6853 3786 Hinwegtrieb in den kalten - oder Norden.
4866 3786 6040 4187 Arthur Scheitzler
5524 3981 7265 4339 Gedichtet zu Wien am 4. November 1876
