7656 5144
557 662 2875 945 Was anbelangt die Liebe von Mathilde,
3230 678 3420 856 4a
4009 662 6916 945 Worin Sie als Stutzer geschildert sich sehen, 8.
606 860 3307 1151 So will ich Ihren Unsinn beurtheilen milde:
4062 852 6254 1151 Wilt mir durchaus nicht eingehen,
561 1021 3282 1288 Das sag ich ihnen, - wär die Mathilde ich
4090 1054 6662 1320 Und so ist Ihr Brief, das freut mich sehr,
537 1191 3347 1486 Sie wäre hebbte Sie nicht, - ganz sicherlich.
4094 1215 6343 1514 Beantwortet ganz Geefrtester!
606 1550 3844 1849 Aber Sie, Herr Jacques, so scheint es nur, meinen
4066 1579 7054 1857 Auch möchte ich noch Herr Jacques, zum Schluß,
610 1724 3359 2011 Die Mathilde thut Sie noch immer bewemen.
4090 1732 7134 2035 Gar manchen versehen mit Gruß und Küsse,
2322 1837 3533 2051 verrückt ja gar
606 1898 3347 2176 Der Unsinn macht mich förmlich geregten
4155 1914 6412 2188 Es ist dies besonders die Fanny Flock
1171 2055 2184 2184 Jaagae s. Otrifti
2293 1995 3852 2309 Stehen sein Großer Maas
606 2075 3315 2374 Und grud Geraus sagt ich ihnen Schön
4114 2063 6416 2390 Die einstens wohnte im B. Stock
3630 2269 3803 2467 6
622 2410 3282 2717 doch, Geehrtestes, Sie können mir glauben
3577 2439 3779 2673 6.
4175 2374 7259 2701 Dann meinen Heldelt aus der Stadt Steyer A.
4219 2612 6908 2895 Ich meine den herzigen Erthür Meyer,
711 2604 3517 2883 Zy will Ihnen nicht der Gedanken rauben.
670 2790 2826 3077 Lassen wir es dahingestellt hin
4163 2782 6985 3068 Dann Smil Saus Moritz Sinning und Paul Glut,
707 2964 3266 3242 E Ich denke mit Zuern noch immer mein!
4126 2947 6383 3230 Sowie besonders Ihren Stock und Hut.
6787 3311 7021 3525 11
751 3278 3262 3525 Was den Liebesromau von der Räthe, f
4142 3307 6670 3601 Mögen Sie nochoft spazieren gehen
783 3496 2669 3767 Geehrtester, anbelangen thäte,
4138 3476 6040 3779 Möge ihr Hut Ihnen stets
6262 3476 6662 3694 stichen.
6105 3626 6650 3771 G. A. M.
1094 3630 1744 3799 hierüber die genaemt
807 3642 1122 3908 Stilf
1094 3650 2915 3957 - das säg' ich Ihnen ins Gesicht
4070 3654 6831 3888 Und nehmen Sie denn sie zum Schluß
4066 3824 6791 4151 Vom Autor einen herzhaften Russ
711 3824 3202 4126 Kann ich es glauben immer und nicht.
