7144 4824
377 809 2811 1013 Am kümmert sich kamen einsammentalt,
408 927 2167 1249 So haben dann So haben wir ja thun -
302 1040 3455 1417 Wir opfern den Aufnam das Leichengefritte Wissenschaft,
294 1288 2544 1582 Wir wühlen bedäuftig in Reisfand Blut,
330 1457 2053 1728 dann - werfen wir ihn in den Brun!
318 1661 2799 2065 wie gemäßt, solange ihr gewesten kort
389 1940 2132 2203 Und leibet und Freude fünf¬
259 2104 2466 2368 Ob es im Grab ob im Frauen ruht,
318 2265 1908 2572 Das ist dem Todten gleich.
4350 573 6482 1009 Trühlingsnacht im Seciersaal.
3593 982 3856 1166 1880
3624 1146 3871 1406 47
4040 1256 5446 1492 Heda, verschlafne Diener.
4032 1406 5477 1657 Ich bin es! Erwacht, erwacht -!
4009 1602 5387 1837 Ich will heut noch seeiren
3977 1684 5748 2026 Wenns auch schon tief in das Nacht.
4020 2030 5375 2305 Wie eure Mütze warkelt.
3966 2238 5540 2477 Und eines Blick ist so fahl.
3993 2422 5654 2611 Kaum könt ihr den Schlüssel wieder,
3966 2556 5622 2839 Zu öffnen den finstern Saal.
3938 2870 5885 3168 Da habt ihr Geld - so - nun geht nur, —
3930 3047 5827 3357 Laßt mich mit der Leichen allein.
3895 3243 5933 3467 Die Winter tanzlich und lässt' ich¬
3926 3408 5779 3683 Nun heißt es fleißig sein
4020 3695 6168 3997 Vom Fensterbrett nahm’ ich die Lange¬
3954 3895 5791 4103 Da sünd ich ein Licht und auf;
4013 4048 5803 4291 Das stell ich zu Haupton des Todten,
4024 4158 5984 4488 den seinen Schirm gebuh drauf
