7656 5096
4255 186 4739 529 1921.
4829 513 6238 953 Wandrer's Liebeslied
4441 985 6023 1290 ein redt sich Liebchen neu ich mein
4062 1181 5991 1518 Dass Schönheit bald vorgehet.
4005 1338 6058 1672 Mein Liebch an soll die Sone sein,
4091 1476 5827 1851 der stets am stets bestehet.
4101 1726 6299 2115 Die glänzend auf mich wieder strahlt,
4098 1938 5885 2253 Die Nachstand dunkel fasst,
4120 2076 6042 2432 die reizt die Eich zoldt, walt
4107 2233 6004 2670 Und glühend mich umfasset
4155 2455 6430 2856 Mein Liebchen ist der Arndenluß
4191 2711 5811 3084 Mit seiner Schaues Suße,
4168 2830 6219 3225 Das silbern um nun haupt sich flatt,
4187 3029 6129 3392 Mir brief at Steine Grüße.
4207 3347 6020 3642 Das ein die Welt sich still ergiebt
4226 3539 5737 3786 durch blaue Himmels räumen,
4258 3693 6838 3966 In hoheitvolle Ungestät Entzogenwollt der Meer Espät
5307 3818 6742 4130 In schnheitsvollen Ahnen
4258 3892 5227 4114 diesen ist für ihn Jahren
