7256 4824
5363 310 6824 666 Und alle, was uns aufgeblicht
3770 409 5261 746 Und davon hast du diese Nacht
3759 602 6741 988 Selbst unberußt - in seiten So trunken - wird zu nicht.
3766 696 6779 1154 Je unsere Kammer eigdracht, Ja- was so heilig dich umgleicht
5337 882 6832 1215 Mar ticht noch meinem Lühle:
3777 992 5238 1385 Vergangene Lußbrinnern.
5458 1120 6798 1499 Wie hat die schale Läumerei
3823 1215 5416 1597 Nun öffentig die die Augenschrei¬
3827 1359 6874 1730 die großen, dunkeln, merkten, den wachen Sinn verdrossen!
3834 1495 6839 1957 Es fließen, blaub ich um sie her d deinen Tag! nun ists voto,
3864 1684 6836 2180 Stergessen Freude Schatten. Die Zaube all verflossen¬
3880 1927 6881 2385 Und tratte! — es ist der selbgebe), Mein höchte tödl lass die hier¬
4811 2192 6945 2600 häusst. Und bist nun eins deren
5121 2339 6896 2759 Hoch - Erblinkt it fahl Morgen
3876 2381 4069 2615 cte
6559 2498 6771 2672 als
3929 2615 6934 3054 Sind es ganz bei ändern. Im Goldstraße auf der Stim¬
3944 2930 5579 3293 Und ach. ist daß, so süp, so schmit
3933 3104 6923 3543 Mrs Nachb umfangen wird Ärther schriftl
3944 3384 5439 3793 das. zitternd Auf den weißen
4932 3543 5254 3743 Pfehl
5579 3441 6245 3804 1890
3974 3721 5537 4118 Senkt sich die Sonnen müdte.
5545 3914 6434 4262 Monsieur
