<?xml version="1.0" encoding="UTF-8" standalone="yes"?>
<PcGts xmlns="http://schema.primaresearch.org/PAGE/gts/pagecontent/2013-07-15" xmlns:xsi="http://www.w3.org/2001/XMLSchema-instance" xsi:schemaLocation="http://schema.primaresearch.org/PAGE/gts/pagecontent/2013-07-15 http://schema.primaresearch.org/PAGE/gts/pagecontent/2013-07-15/pagecontent.xsd">
    <Metadata>
        <Creator>prov=READ-COOP:name=TrHtr:version=2.1.0:model_id=51170:date=28_07_2023_06:51</Creator>
        <Created>2023-05-10T11:15:36.839+02:00</Created>
        <LastChange>2023-07-28T06:51:59.765+02:00</LastChange>
        <TranskribusMetadata docId="1428138" pageId="55385561" pageNr="159" tsid="131322668" status="IN_PROGRESS" userId="64420" imgUrl="https://files.transkribus.eu/Get?id=SDWLWCXPMXAYYRNLCRFSBGLV&amp;fileType=view" xmlUrl="https://files.transkribus.eu/Get?id=IJCWGVPRGRNJBCSWTKUIRVOW" imageId="44660460"/>
    </Metadata>
    <Page imageFilename="1428138_0159.jpg" imageWidth="3615" imageHeight="4820">
        <ReadingOrder>
            <OrderedGroup id="ro_1711823703379" caption="Regions reading order">
                <RegionRefIndexed index="0" regionRef="tr_2"/>
                <RegionRefIndexed index="1" regionRef="tr_1"/>
            </OrderedGroup>
        </ReadingOrder>
        <TextRegion id="tr_2" custom="readingOrder {index:0;}">
            <Coords points="119,576 3376,576 3376,1638 119,1638"/>
            <TextLine id="tr_2_tl_1" custom="readingOrder {index:0;}">
                <Coords points="229,828 1426,688 1864,777 2212,633 2594,760 3044,649 3052,450 2827,395 2543,382 2254,539 870,531 501,374 250,403"/>
                <Baseline points="256,751 280,745 369,733 459,733 548,727 638,721 727,715 817,715 906,715 996,709 1085,703 1175,703 1264,697 1354,691 1443,686 1533,680 1622,674 1712,674 1801,668 1891,662 1980,656 2069,656 2159,644 2248,644 2338,644 2427,638 2517,638 2606,638 2696,638 2785,632 2875,626 2964,626 3054,632"/>
                <TextEquiv>
                    <Unicode>gassen nicht in Sagta, nicht ins Gymnasium</Unicode>
                </TextEquiv>
            </TextLine>
            <TextLine id="tr_2_tl_2" custom="readingOrder {index:1;}">
                <Coords points="149,942 2526,841 3354,1074 3375,552 2615,756 2203,649 1859,781 1435,683 153,841"/>
                <Baseline points="178,876 244,876 334,882 423,876 513,876 602,870 691,864 781,864 870,859 960,859 1049,859 1139,859 1228,853 1318,847 1407,841 1497,835 1586,835 1676,829 1765,823 1855,823 1944,823 2034,817 2123,811 2213,805 2302,805 2392,799 2481,793 2571,793 2660,793 2750,787 2839,781 2928,769 3018,763 3107,763 3197,763 3286,763 3376,757"/>
                <TextEquiv>
                    <Unicode>sein so denn wie der Vorgänger, d. u. im ober der heile: Dien¬</Unicode>
                </TextEquiv>
            </TextLine>
            <TextLine id="tr_2_tl_3" custom="readingOrder {index:2;}">
                <Coords points="115,1218 2721,1150 2972,1116 2976,959 1524,1010 734,879 123,1023"/>
                <Baseline points="137,1181 208,1175 298,1175 387,1175 477,1175 566,1175 656,1169 745,1163 835,1157 924,1151 1014,1145 1103,1139 1193,1139 1282,1133 1372,1133 1461,1121 1550,1121 1640,1121 1729,1121 1819,1115 1908,1109 1998,1103 2087,1097 2177,1091 2266,1097 2356,1091 2445,1085 2535,1085 2624,1085 2714,1079 2803,1073 2893,1073 2982,1061"/>
                <TextEquiv>
                    <Unicode>vor vor, der edle degen, der wenigte seinen Kopf</Unicode>
                </TextEquiv>
            </TextLine>
            <TextLine id="tr_2_tl_4" custom="readingOrder {index:3;}">
                <Coords points="102,1426 1070,1286 1473,1358 2738,1240 3039,1337 3052,1053 2509,1176 2386,1087 110,1218"/>
                <Baseline points="131,1324 196,1324 286,1324 375,1318 465,1312 554,1312 644,1306 733,1306 823,1294 912,1294 1002,1288 1091,1282 1181,1282 1270,1282 1360,1282 1449,1282 1539,1282 1628,1270 1718,1270 1807,1270 1896,1258 1986,1258 2075,1252 2165,1252 2254,1246 2344,1240 2433,1240 2523,1240 2612,1234 2702,1234 2791,1234 2881,1234 2970,1228 3054,1205"/>
                <TextEquiv>
                    <Unicode>und strich mit beiden Händen sich über seinen Sch</Unicode>
                </TextEquiv>
            </TextLine>
            <TextLine id="tr_2_tl_5" custom="readingOrder {index:4;}">
                <Coords points="136,1528 1027,1452 1163,1541 1384,1422 1970,1473 2623,1426 2785,1324 2594,1240 2471,1320 2288,1248 2106,1337 1702,1269 1465,1363 1070,1286 637,1316 492,1426 140,1384"/>
                <Baseline points="161,1473 202,1473 292,1467 381,1461 471,1461 560,1461 650,1461 739,1455 829,1449 918,1443 1008,1437 1097,1431 1187,1425 1276,1425 1366,1425 1455,1419 1545,1419 1634,1413 1723,1407 1813,1401 1902,1395 1992,1389 2081,1383 2171,1383 2260,1383 2350,1383 2439,1377 2529,1372 2618,1372 2708,1372 2797,1372"/>
                <TextEquiv>
                    <Unicode>setzte in die Back sich, ein Nachbar flüßert. Du,</Unicode>
                </TextEquiv>
            </TextLine>
            <TextLine id="tr_2_tl_6" custom="readingOrder {index:5;}">
                <Coords points="93,1723 658,1728 896,1600 1129,1694 2063,1566 2237,1677 2649,1566 2959,1639 3112,1609 3120,1346 1384,1422 1163,1541 102,1498"/>
                <Baseline points="119,1628 172,1628 262,1616 351,1610 441,1604 530,1604 620,1598 709,1598 799,1592 888,1586 978,1580 1067,1580 1157,1580 1246,1580 1336,1580 1425,1574 1515,1574 1604,1568 1694,1556 1783,1550 1873,1550 1962,1545 2052,1545 2141,1539 2231,1539 2320,1533 2410,1527 2499,1521 2588,1521 2678,1515 2767,1509 2857,1509 2946,1497 3036,1491 3125,1491"/>
                <TextEquiv>
                    <Unicode>di hast'nen zweier heute! “Herr Horn schreib’s: Gib Ruch</Unicode>
                </TextEquiv>
            </TextLine>
        </TextRegion>
        <TextRegion id="tr_1" custom="readingOrder {index:1;}">
            <Coords points="47,1739 3442,1739 3442,4018 47,4018"/>
            <TextLine id="tr_1_tl_1" custom="readingOrder {index:0;}">
                <Coords points="47,1970 3188,1830 3264,1630 1872,1800 55,1749"/>
                <Baseline points="71,1920 131,1920 220,1920 310,1914 399,1908 489,1908 578,1902 668,1902 757,1896 847,1891 936,1885 1026,1885 1115,1879 1205,1879 1294,1873 1383,1873 1473,1867 1562,1861 1652,1855 1741,1855 1831,1849 1920,1843 2010,1837 2099,1837 2189,1837 2278,1831 2368,1831 2457,1825 2547,1819 2636,1819 2726,1813 2815,1813 2905,1807 2994,1801 3084,1795 3173,1789 3263,1795"/>
                <TextEquiv>
                    <Unicode>Da entstand Gebrümme und Trampeln in dem Saal,</Unicode>
                </TextEquiv>
            </TextLine>
            <TextLine id="tr_1_tl_2" custom="readingOrder {index:1;}">
                <Coords points="42,2093 1919,2008 2097,2114 3290,1987 3404,1817 47,1957"/>
                <Baseline points="65,2064 101,2064 190,2064 280,2064 369,2064 459,2058 548,2046 638,2046 727,2040 817,2046 906,2034 996,2040 1085,2040 1175,2034 1264,2028 1354,2022 1443,2022 1533,2016 1622,2010 1712,1998 1801,1998 1891,1998 1980,1992 2069,1986 2159,1986 2248,1986 2338,1980 2427,1980 2517,1974 2606,1968 2696,1962 2785,1962 2875,1950 2964,1950 3054,1944 3143,1938 3233,1944 3322,1944 3412,1944"/>
                <TextEquiv>
                    <Unicode>Faschrie den Scheek, dem wilden u Ich schmeiß'Sie aus dem Local</Unicode>
                </TextEquiv>
            </TextLine>
            <TextLine id="tr_1_tl_3" custom="readingOrder {index:2;}">
                <Coords points="21,2263 3069,2101 3375,2178 3434,1936 2110,2106 1656,2016 25,2101"/>
                <Baseline points="47,2201 131,2195 220,2201 310,2201 399,2201 489,2201 578,2195 668,2189 757,2183 847,2183 936,2177 1026,2183 1115,2177 1205,2177 1294,2171 1383,2165 1473,2165 1562,2159 1652,2153 1741,2147 1831,2147 1920,2141 2010,2141 2099,2135 2189,2135 2278,2135 2368,2129 2457,2123 2547,2117 2636,2117 2726,2111 2815,2105 2905,2099 2994,2099 3084,2099 3173,2099 3263,2099 3352,2105 3442,2111"/>
                <TextEquiv>
                    <Unicode>Riht die Frivolite nur 2 werden matürirn, wenn’s noch einmal gesetzt</Unicode>
                </TextEquiv>
            </TextLine>
            <TextLine id="tr_1_tl_4" custom="readingOrder {index:3;}">
                <Coords points="25,2407 3001,2288 3303,2432 3413,2161 30,2280"/>
                <Baseline points="53,2356 107,2356 196,2356 286,2350 375,2350 465,2344 554,2344 644,2338 733,2332 823,2338 912,2338 1002,2338 1091,2332 1181,2326 1270,2320 1360,2320 1449,2314 1539,2308 1628,2308 1718,2302 1807,2302 1896,2296 1986,2284 2075,2284 2165,2278 2254,2278 2344,2278 2433,2272 2523,2266 2612,2260 2702,2260 2791,2254 2881,2248 2970,2248 3060,2242 3149,2242 3239,2242 3328,2248 3418,2260"/>
                <TextEquiv>
                    <Unicode>aufhier, löschen Sie dem Tafelaus, wexdamit, weschmit, wegde¬</Unicode>
                </TextEquiv>
            </TextLine>
            <TextLine id="tr_1_tl_5" custom="readingOrder {index:4;}">
                <Coords points="30,2674 3090,2615 3222,2555 3230,2326 1477,2534 1180,2398 263,2488 42,2377"/>
                <Baseline points="53,2654 101,2654 190,2654 280,2648 369,2642 459,2642 548,2642 638,2642 727,2636 817,2636 906,2630 996,2618 1085,2618 1175,2618 1264,2612 1354,2612 1443,2606 1533,2606 1622,2594 1712,2594 1801,2588 1891,2582 1980,2582 2069,2582 2159,2577 2248,2571 2338,2565 2427,2565 2517,2565 2606,2559 2696,2559 2785,2547 2875,2547 2964,2547 3054,2547 3143,2535 3233,2529"/>
                <TextEquiv>
                    <Unicode>Nun, wolle Sie dem beweisen? Nun? Können Sie dem nicht</Unicode>
                </TextEquiv>
            </TextLine>
            <TextLine id="tr_1_tl_6" custom="readingOrder {index:5;}">
                <Coords points="47,2797 429,2874 3239,2751 3332,2547 51,2679"/>
                <Baseline points="71,2791 119,2791 208,2791 298,2785 387,2779 477,2779 566,2779 656,2785 745,2785 835,2779 924,2767 1014,2761 1103,2755 1193,2761 1282,2750 1372,2750 1461,2744 1550,2744 1640,2738 1729,2732 1819,2732 1908,2726 1998,2720 2087,2726 2177,2720 2266,2714 2356,2708 2445,2702 2535,2702 2624,2702 2714,2696 2803,2690 2893,2690 2982,2684 3072,2684 3161,2672 3251,2666 3340,2666"/>
                <TextEquiv>
                    <Unicode>Sie mühten alles können, dem ist Studentenpflicht</Unicode>
                </TextEquiv>
            </TextLine>
            <TextLine id="tr_1_tl_7" custom="readingOrder {index:6;}">
                <Coords points="38,2972 3158,2865 3354,2831 3362,2683 3061,2789 908,2772 514,2891 47,2797"/>
                <Baseline points="65,2946 149,2940 238,2934 328,2934 417,2928 507,2928 596,2928 686,2928 775,2928 864,2923 954,2911 1043,2905 1133,2899 1222,2905 1312,2899 1401,2893 1491,2893 1580,2887 1670,2881 1759,2881 1849,2875 1938,2869 2028,2863 2117,2863 2207,2863 2296,2863 2386,2851 2475,2851 2565,2845 2654,2839 2744,2839 2833,2833 2923,2833 3012,2827 3101,2821 3191,2821 3280,2815 3370,2809"/>
                <TextEquiv>
                    <Unicode>Nonain, gehe Sündlvoum, sehr matt, unendlichmals</Unicode>
                </TextEquiv>
            </TextLine>
            <TextLine id="tr_1_tl_8" custom="readingOrder {index:7;}">
                <Coords points="64,3137 1210,3188 1448,3061 2029,3146 2793,2988 3031,3103 3379,3001 3388,2810 1643,2993 1426,2899 68,2976"/>
                <Baseline points="89,3096 172,3090 262,3090 351,3090 441,3090 530,3084 620,3084 709,3084 799,3078 888,3078 978,3072 1067,3072 1157,3066 1246,3066 1336,3060 1425,3054 1515,3048 1604,3042 1694,3042 1783,3036 1873,3036 1962,3030 2052,3024 2141,3018 2231,3018 2320,3012 2410,3006 2499,3000 2588,2988 2678,2982 2767,2982 2857,2976 2946,2976 3036,2970 3125,2964 3215,2958 3304,2952 3394,2946"/>
                <TextEquiv>
                    <Unicode>dem Klasse hat nicht einen, der mehr zu verstanden ist.</Unicode>
                </TextEquiv>
            </TextLine>
            <TextLine id="tr_1_tl_9" custom="readingOrder {index:8;}">
                <Coords points="115,3430 399,3502 658,3379 1834,3413 3048,3298 3095,3167 543,3281 127,3107"/>
                <Baseline points="137,3394 149,3394 238,3394 328,3388 417,3388 507,3382 596,3382 686,3376 775,3376 864,3370 954,3364 1043,3358 1133,3358 1222,3358 1312,3346 1401,3346 1491,3346 1580,3340 1670,3340 1759,3340 1849,3328 1938,3322 2028,3322 2117,3316 2207,3316 2296,3310 2386,3304 2475,3304 2565,3298 2654,3292 2744,3292 2833,3286 2923,3280 3012,3269 3101,3269"/>
                <TextEquiv>
                    <Unicode>So singes noch bis zu Ende der schreckensvollen Stund“</Unicode>
                </TextEquiv>
            </TextLine>
            <TextLine id="tr_1_tl_10" custom="readingOrder {index:9;}">
                <Coords points="85,3591 2415,3460 2738,3540 3120,3485 3129,3264 2674,3396 607,3383 403,3502 89,3426"/>
                <Baseline points="107,3537 178,3543 268,3543 357,3537 447,3537 536,3531 626,3525 715,3519 805,3513 894,3513 984,3513 1073,3513 1163,3507 1252,3501 1342,3501 1431,3501 1521,3495 1610,3495 1700,3489 1789,3483 1879,3477 1968,3477 2058,3471 2147,3471 2237,3465 2326,3459 2415,3453 2505,3453 2594,3447 2684,3447 2773,3442 2863,3436 2952,3430 3042,3418 3131,3412"/>
                <TextEquiv>
                    <Unicode>Genau 2 Dutzend zweier, gab heut er ohne Grund</Unicode>
                </TextEquiv>
            </TextLine>
            <TextLine id="tr_1_tl_11" custom="readingOrder {index:10;}">
                <Coords points="89,3706 2704,3693 3230,3617 3243,3379 2084,3591 1706,3494 93,3608"/>
                <Baseline points="113,3698 202,3686 292,3686 381,3680 471,3680 560,3674 650,3680 739,3674 829,3674 918,3668 1008,3662 1097,3656 1187,3656 1276,3650 1366,3650 1455,3644 1545,3644 1634,3638 1723,3632 1813,3626 1902,3620 1992,3620 2081,3620 2171,3615 2260,3609 2350,3609 2439,3597 2529,3591 2618,3591 2708,3585 2797,3585 2887,3579 2976,3573 3066,3567 3155,3567 3245,3555"/>
                <TextEquiv>
                    <Unicode>Ottilie lag ein zwölfe an den von in Schmerz und Ich</Unicode>
                </TextEquiv>
            </TextLine>
            <TextLine id="tr_1_tl_12" custom="readingOrder {index:11;}">
                <Coords points="616,3621 773,3617 798,3621 815,3638 896,3638 900,3536 862,3523 815,3519 794,3540 785,3532 756,3540 734,3523 709,3536 683,3523 641,3549 620,3545"/>
                <Baseline points="638,3603 644,3603 733,3603 823,3597 912,3591"/>
                <TextEquiv>
                    <Unicode>kußt.</Unicode>
                </TextEquiv>
            </TextLine>
            <TextLine id="tr_1_tl_13" custom="readingOrder {index:12;}">
                <Coords points="110,3884 1571,3799 1711,3897 2857,3744 2988,3833 3213,3787 3218,3668 115,3748"/>
                <Baseline points="137,3841 178,3847 268,3841 357,3841 447,3835 536,3829 626,3829 715,3823 805,3823 894,3817 984,3817 1073,3811 1163,3811 1252,3805 1342,3805 1431,3799 1521,3799 1610,3799 1700,3793 1789,3782 1879,3782 1968,3782 2058,3776 2147,3776 2237,3770 2326,3764 2415,3758 2505,3752 2594,3746 2684,3746 2773,3740 2863,3734 2952,3728 3042,3722 3131,3722 3221,3716"/>
                <TextEquiv>
                    <Unicode>Er aber Und als es zwölfe schluge, der wäre es zwanzig</Unicode>
                </TextEquiv>
            </TextLine>
            <TextLine id="tr_1_tl_14" custom="readingOrder {index:13;}">
                <Coords points="144,4058 1095,3986 1320,4084 1779,3939 2713,4020 3163,3961 3171,3765 2263,3770 1711,3897 1562,3804 153,3871"/>
                <Baseline points="172,4008 226,3996 316,3990 405,3984 495,3984 584,3978 674,3978 763,3978 853,3978 942,3972 1032,3966 1121,3960 1210,3960 1300,3949 1389,3949 1479,3949 1568,3943 1658,3943 1747,3937 1837,3931 1926,3931 2016,3931 2105,3925 2195,3919 2284,3913 2374,3907 2463,3901 2553,3895 2642,3889 2732,3889 2821,3883 2911,3877 3000,3871 3090,3871 3179,3865"/>
                <TextEquiv>
                    <Unicode>die alle zweier hatten die kränkten sich im Herzen</Unicode>
                </TextEquiv>
            </TextLine>
        </TextRegion>
    </Page>
</PcGts>
