7080 4920
5955 587 6471 811 21.8.80.
4697 750 5146 997 Liebe.
3998 876 6162 1210 Im Lichte der meinem Civilisation
4068 1252 5694 1555 Es ist sehr kindisch verliebt zu sein,
4091 1418 5921 1696 Das macht man ab, wenn man noch klar.
4048 1620 5696 1842 doch hast du erreicht an gerisse Größe
4051 1769 5764 2002 So gibst du dadurch dir uns eine Blöste
4068 1909 5809 2139 Auch die „Peliebte“ war sehr dim¬
4054 2069 5899 2257 Sich sie noch keiner Partie sich um
4037 2153 6064 2496 Nach waren sie Lippen vom letzten Kehl
4051 2375 6306 2608 Stürzt du sich man neuts so — in der Gemeß¬
4062 2538 5598 2771 da wünsch ich der Appetit dazu.
4060 2715 6095 2923 Sobald du dich aber sehest nach Rech¬
4110 2858 5806 3057 So roth' ich dir Nimm so ein Weib.
4121 2982 6213 3229 Es ist gut für den Geist auch xxx der Leib¬
4119 3170 4411 3355 cte.
4105 3279 5837 3523 das ist der wahr Lebensgewichs
4110 3442 5879 3658 In jedem Falle sei sie reich;
4096 3577 5955 3832 Ob sie er Türzfrau ist bleibt sich gleich
4096 3720 6275 3975 Falls di kein Kind allstahr Ehemann
4105 3908 4691 4166 So rath ich
