7384 4808
1784 259 1991 482 42
195 430 2234 828 Da brunte im schaukeleben kahne
223 705 2003 1016 könnt' nimmer ich glücklich sein.
255 964 1916 1258 Schweile hier oben nur gerne,
259 1183 2282 1442 Umstrahlt von dem blindenden Schnee,
243 1338 2601 1641 Hier ist mir der Himmel am nächsten.
283 1501 1633 1860 Auf glänzender Alpenhöh¬
378 1685 2481 2123 Es rauschen die trägirischen Wellen,
394 1975 2374 2254 Reicht ziehn sie den Meffer hinab.
358 2139 2501 2433 Und schlagen schaumend zusammen
354 2262 2469 2597 Über ihn und sein nasses Grab.
342 2513 2513 2883 Es brauhen und brausen die Wogen,
335 2784 2875 3015 Durch den Dee schifft der Seemann dahin
382 2955 2075 3214 Am Ufer schifftter vorüber.
382 3090 2501 3401 An der Wiesen duftigem Grün¬
366 3286 3007 3684 Auf dem Gletscher des Sager jagt weiter,
386 3560 2254 3859 Hell leuchtet der Donne, Schein,
291 3732 2405 4014 Dei zufrieden nur immer und heiter, dann
358 3887 2254 4190 Dann wirst du auch glücklich sein
2310 4102 2780 4409 d. S.
1402 4118 2019 4413 Ende.
5002 235 5293 454 43
5556 980 5818 1207 O
4476 1338 6364 1712 Ajax des Lokräs Tod.
3811 1740 6866 2051 Gedichtet zu Wien am ersten Mai 18 E 4
3843 2055 6169 2346 Verlassen waren trozas verödete Hlatten.
3915 2234 7117 2505 Von ferne nur hört man noch Sauchzen erschallen,
3967 2425 6312 2684 Die Griechen schiffen auf wegendem eller
3955 2569 6348 2784 die Laße, sie wehre so lau und so lind'e
3915 2724 6432 2995 die Rieger, sie Retenlin günstige Winde,
3927 2915 6619 3178 Und dankend frohfortet das jubelnde Heer.
3963 3170 6985 3449 Lang wann sie geweilet auch feindlichem Strande,
3990 3389 6922 3580 Nun kehren sie heim nach dem Vaterlande
3967 3548 6862 3779 Zu Bruder, zu Schwester, u. Weib und zu Kind
3979 3668 7081 3959 Auf dem Schiff steht, der griechischen Streiter Reihe,
4002 3827 6965 4054 Es strahlet der Hlimmel in ferner Blaue;
4042 4034 7045 4289 1) die Göller, sie seien uns freundlich gesinnt
