7614 5032
4072 475 6340 787 Römer und Ehruster kämpfer
1952 583 2128 795 40
4076 691 6132 1006 Mit der größten Tagserkeit.
4160 910 6532 1302 Wieder weichen Romas Krieger,
4156 1154 6300 1425 Der Ursenna liebt das Glück,
4160 1310 6081 1613 In diese Stadt der Liber
4164 1469 6228 1801 Fliehn geschlagen sie zurück.
1876 1841 2475 2036 T.
4180 1777 6683 2092 Nur ein einzger mutger Körper
1481 1685 1741 1992 W
4240 1940 6081 2268 stehet auf der Brücke dort,
4192 2128 6755 2399 Er allein nur will nicht fliehen,
4156 2260 6991 2587 Er nur bleibt der Stadt zum Hout.
998 2292 3122 2635 Horatius Coeles
4236 2519 7147 2907 Speil und Würfspiess ihn umsaufen.
4340 2715 7103 2954 Schwerter blackeit fern und noch
479 2627 3693 3098 Gedichtet zu Wien Mitte - April 1875
4384 2899 7003 3162 Aber furchtlos, xxx blickes,
4356 3042 6843 3394 Stehl des Zeitd noch immer da
4360 3270 7250 3645 Nur sein Schild und seine Waffen
1166 3298 3481 3657 er E trucker tapfrer König
663 3485 3569 3809 Stand vor Rom mit Heeres macht,
4472 3537 6911 3805 bleiber ihm als einzge Wehrt
639 3681 2755 3969 komas Mächte wärngewicher
4436 3685 7186 4012 Mit dem spitzig schorfer Schwarte
651 3801 3210 4152 Schon in mancher geister schlacht.
4476 3837 6731 4192 Plaut er wätend um sich her.
719 4088 2907 4408 Und binn Fluße Eiber wütet
687 4324 3062 4627 Wieder i harter Kampf und Streit,
