7640 5272
551 857 3122 1191 Melponene, empfang huldreich gerechten Stolz
632 958 3859 1372 Delphis Corbeern flicht gnädigen Sie's nur um 6 Haupt.
1259 1754 3034 2048 Übersetzt von Achtur Schnitzler
515 2116 1517 2370 am 8. Jänner 1877.
785 2209 3947 2523 Ich kann diese Arbeit nicht als eine ernste Arbeit nehmen.
821 2418 3867 2640 denn vor allem müßten Sie doch des Mast kennen, der
825 2611 4056 2865 Sie nachahmen wollen. Gan zu ernsten Streben.
2322 2740 3951 3026 Ihnen breitwillig helfend.
3255 2921 3617 3139 was.
