7448 4904
1595 446 1839 641 -66
329 589 3385 1031 Wer schnell entflieht, der muß die Gottesloten,
317 852 3393 1116 denn wenigen waren Gnädig sie gesinnt.
313 1096 2841 1481 Bald hat das große Sion geendet,
365 1299 3344 1619 Es wütet schauervoll in ihm der Brand¬
382 1433 3389 1761 Der mächtige Lees hat sich von ihm gewendet,
345 1624 3608 1997 Und es beschirmt sie keiner Gottheit Paul
390 1847 3486 2196 Wie mancher Elisend sich dem Tempel nachte,
394 2123 3568 2374 Faß keiner sollt' den nächsten Tagmehrsehn¬
390 2269 3174 2598 Es ist beschlossen in der Götter Rate,
426 2439 2971 2776 Das alte Troja soll nun untergehe!
463 2646 3637 3064 Und wo einst Ergo stand in prächtigem Schönen
365 2943 3576 3231 Wo es einst stand in Kufen, in Glanz, in Macht,
434 3060 3645 3389 da liegen jetzt nur mehr zerbrochen Trümmeri
300 3215 3417 3572 Und über ihnen ruht des Todes Nacht.
1205 3811 2447 4120 nde.
2054 4128 2902 4481 A.S
5528 341 5808 540 -6-7-
4939 1311 5784 1632 W. L.
4566 1356 4810 1636 4
5053 2257 5930 2598 Ainy
4067 2768 6953 3113 Gedichtet zu dem Ende Feber 1895
4213 3219 6108 3596 Vor Szigeth's stlzer Feste,
4217 3470 6023 3762 Da lag der Türken Heer,
4245 3637 6072 3917 Die Feste zu erstürmen,
4278 3795 6137 4095 Das wurde ihnen schwer
4128 3978 6324 4371 Denn die beschütztebring
4237 4266 6210 4562 Mit seiner Glünschaft,
