7416 4888
384 590 2537 913 Lehnen schnellen, Scheile Eliegen,
399 822 2476 1038 Dumpfes Tosen braust heran
331 993 2685 1194 Mancher Krieger deckt den Boden,
384 1156 3024 1449 Und es fällt manch tapfrer Mann.
384 1407 2191 1647 Über die gefall'nen Brüder
369 1624 2214 1864 Dringen neue Schaaren vor,
392 1776 2537 2058 Ihre Freiheit gilt's zu wahren,
380 1940 2415 2244 Siegesauf dringt an das Ohr.
320 2157 2480 2491 Vreiheit! Freiheits hört man übeln
380 2408 2659 2693 Aus der deutschen dichten keih'u
384 2575 2396 2864 Muthig brechen sie und singen
365 2735 2305 2986 Se der Feinde Hier hinein.
380 2982 2655 3279 Und die Römer sieht man weichen.
403 3210 2819 3412 Deutschland hat sein Werk vollbracht,
403 3366 2800 3686 Roma & Mächte sind zerschmettert,
392 3530 2423 3827 In der Teutoburger Schlacht.
342 3865 2613 4142 Und geschehe'n war's, was im Geiste
342 4021 2195 4306 Armin längst sich grohezeiht,
365 4203 2594 4424 denn de Kömer waren vereichet,
361 4325 2453 4629 Und Germanien war befreit.
1278 4492 1932 4747 Einde.
2328 4530 2678 4739 at
5291 358 5553 514 -59-
4348 1723 6291 2111 Bell's Platte
3998 2058 7056 2469 Gedichtet zu Wind Mitte December 1884
3971 2510 6813 2860 Der Himmel ist dunkel und steruen lees,
3944 2838 6691 3077 Es schwanket das Schiff auf den Wellen.
3960 2959 6527 3226 Die Kürme peitscher es hin und her,
4005 3032 6698 3385 Lucht kam's an den Klippen zerschallen
3986 3264 6957 3560 Es trütet Geßler in sumpfecer Sinnen; -
4013 3416 6919 3739 keut ihn wohl sein frevelud beginnen?!
4024 3728 6577 3975 Und alle ergreift ein bitteres Wohl
4005 3933 6995 4165 kein Hoffnungsstrahl will ihnenwirken,
3983 4059 6942 4397 Es brausen die Wagen, es töbet der See,
