7475 4968
1149 1135 3010 1478 Wenn ein Blick in alle Weiten¬
1147 1328 3126 1662 Bis zu jenen Gletschwe schrift,
1155 1532 2786 1812 Und singe nach allen Seite
1127 1668 3021 1993 In die blau Ferei schweift,
943 2007 3055 2353 Glaub ichs nicht im Geist zu fühlen,
1141 2200 3134 2463 Was der Morgenlicht mir bringt,
1965 2387 2276 2520 laufe
954 2392 2732 2755 Daß mit ihr, der wegen, kühlen
1104 2585 2656 2894 Ponsie herüberklingt?
1200 2845 2690 3185 Röusie flieht hin im Winde:
1195 3083 2930 3400 Wehl hende von eisiger Höh,
1215 3270 2973 3576 Poesie rauscht wünsundlich
1192 3448 2792 3763 In dem stillen, grünen See
1113 3777 2874 4077 keis bewegen sich die töfte,
1155 3964 2993 4236 Zeit den Straften spielen sie,
1124 4142 3075 4451 Langsam ziehen, Wolkendeste
810 4295 3089 4683 Auch dieses Spiel jächst Poesie.
1452 4519 2882 4966 Antthu, Schink
4958 844 6014 1144 den 9. u. 15. Aug. 1877
4105 1118 5648 1373 Uch, die glaubsteicht mehr zu lieben,
4080 1274 5572 1498 Und du liebst uns allgäsehr¬
4071 1435 5781 1690 Willst dich nicht um sie betrüben,
4105 1605 5878 1871 Und betrubst dich mehr und mehr.
4134 1937 5467 2197 Hast sie lange nicht gesehen.
4080 2115 5399 2319 Glaubst, die Liebe ist dahin,
5272 2172 5524 2370 nicht
4085 2257 5762 2483 Willst dir's selber, gestehen,
3978 2418 5892 2661 daß sie niemals kann vergliche;
4139 2732 5917 2936 daß dir kein vergessen glückte,
4097 2862 6008 3131 daß die Lieb zur schönen Maid.,
4077 3046 5903 3304 Als sie heut dein Bug erblickte
4105 3194 5881 3499 Neu erwacht nach langer Zeit:
4139 3525 5971 3788 Wie in jenen sich im Stunden
4085 3703 6132 3972 die x im Fluchtger Frühlingsträume
4091 3839 6099 4128 zur Vergangenheit entschwerden,
4151 3992 6220 4287 gleich der Wellen weißen Seren.
