6968 4680
3834 702 4333 978 1883
4596 668 5991 1035 Tischnachbarn
4681 912 5148 1198 Heime.
4148 1276 6129 1552 Wie wir so still an einem Tische sagten,
4119 1470 6032 1696 Als hätten wir uns früher nie gesche¬
4094 1652 6314 1909 Und ganz geruhig unsern Spargel aßm,
4097 1796 6323 2122 Als wäre gar nichts zwischen uns geschehe.
4135 2044 6652 2401 Und wie sie mir - als wenn ich es nicht wüßte —
4129 2267 6145 2514 Im Hüsterten erzählten, war du bist¬
4113 2423 6474 2759 Und ich zum Abschied die das Händchen küsste,
4075 2568 6414 2969 Als hätt' ich deinen Nacken im gekusst.
4837 2916 6254 3238 Arthur Schnitzler.
