7672 5288
4941 353 7194 661 so hoch wie dann wieder Erz) nichtel’ ein denkmar¬
4950 428 5179 573 Herr
4349 443 4962 682 1. wäre reist:
4898 465 7326 848 2 mehr als fürstlicher Bau naget es hoch empode
5372 667 6684 947 70 à 20 Dbre 111.30
4117 1149 4437 1369 an Ver¬
6319 1185 7049 1430 1878 od 29
4597 1403 6207 1662 Wieder beginne ich umherzustrechen
4108 1394 4440 1695 P.
4693 1574 6382 1846 Auflangst bekannten grauen Gefilde
4636 1755 6379 1964 Hinstreck ich mich, schläßig, trüber, Sannes
4642 1885 6681 2193 Auf vorrenden Rasen herbstlich verblühend.
4232 1906 4422 2175 la
4618 2036 6232 2286 Und ich schließe die minder Augen¬
4642 2178 5583 2377 Neüd vom Sechn. -
4615 2313 6195 2576 Immer dasselbe längst gewohnte
4609 2525 6198 2703 Zieht vorbei mit stillen Zeugung
4573 2624 6274 2865 Reichgilt zerblickt im zähle Müle.
4606 2784 6210 3061 Und mir liegt in innigste Schwere¬
4555 2944 6235 3185 Auf der beklamten Brust das Leben
4536 3119 6397 3339 Das abgeschmackt länzweilig Lebe
4512 3258 6334 3505 Das sich seines Mandlage brüßet,
4488 3414 6280 3632 Und sich doch nen neuem ewig
4524 3550 6587 3846 Kindisch zeigt in den selben Gestalten.
4648 3755 6675 4006 Ingelang bin ich unter den Zweigen
4564 3879 6898 4283 Unter den mächtigen Baum des Gewohnten
4582 4072 6808 4455 Und es meistelt ob meinem Haupt¬
4579 4250 6011 4527 Sich die Alltäglichkeit.
5900 4416 6280 4618 28.
