6728 4152
540 544 2712 884 Von tausend bauten Tochtern, glützt und glanztes
380 757 2424 1005 Stad blicht wie sollt Blumenprachtemper
357 907 2990 1097 Mein Hauptumschluss; mein ganzes Sein unkringtes,
416 1038 2348 1274 Es klagt um mich worauf seines Chor¬
439 1179 2879 1398 Vervorwies Schall töntlersu durch meine können
344 1330 2312 1556 der halb verhällt, bis er mich endlet fand,
341 1412 2738 1667 Franz Flüchtend aus den Dümpfer auf Kommen
344 1575 2446 1824 In die der Menschheit treiben ist gebennt.
393 1785 2397 2089 Begüsterin, indem Gluten Küssen
341 1998 2103 2243 bin ich zu neuen Lebensluß erwacht,
364 2096 2329 2368 De werkst mich zu den selbsten gemüssen
239 2230 2437 2460 tod schonhst dafin die liederstuene Arrest.
298 2450 2538 2656 Was Monik lang, an Busen still verborgen
318 2515 2093 2790 Sich von der allzu schwachen Sprache (chied)
311 2620 2433 2921 Es ringt sich los. - es bricht es distus Morgen
246 2744 2446 3065 Glanzgübeln an- und es eckligt das Kind
753 3147 2597 3511 Cultivr Schurzler
213 3409 419 3681 P.
481 3491 737 3740 P.
354 3694 704 3930 H.H.
3599 328 3789 622 2
4303 373 5482 753 An Anney.
3848 842 5777 1114 Zu einem Flammend ewgen will ich flehe,
3734 982 5757 1303 Aus der vergänglichen Gefülle Schwänker
3842 1074 5911 1359 und bei Gewer verstimmte Gedanken
3720 1202 6144 1552 Ratt' ich zu dir, mein sichtes Lieb' muthin!
3760 1428 5872 1729 Sie oft die Bild holdwahrend mir erschien,
3763 1611 5800 1906 Es heilte stets der Arnion Seelonkranken
3678 1749 5908 2037 Und wenn die Schleier schimpfen Schmerzes soeken
3658 1906 5960 2217 Und Trohstukam, die liebste, dank' ich ihn.
3711 2106 5908 2414 Der Worte, die aber Lippen leicht entschrieben,
3681 2286 5715 2584 Und für Tisch Flüßern! Meine Lieb' ist die¬
3648 2433 5715 2738 der Küsse denk' ich, die mit Glutglichbeben
3684 2705 5774 2961 Auch völlig Dir, du heiß geleibt werden
3684 2853 5810 3078 Und wenn auch hievon an diesem Lebe
3629 3026 5581 3311 Zu einem seligen beglückten Sein.
4752 3275 5446 3642 Cultiv.
3642 3399 4624 3730 An fünfter dezember 1179
