7688 5400
1075 931 3562 1305 Ich Caul zum Postrestantebureau
1259 1144 3339 1497 Wohl dreimal hinein Tag,
1218 1308 3499 1682 Weiß nicht was thun vor Unbegier
1259 1518 3628 1912 Endfrag und frag und frag.
994 1786 3586 2160 doch endlich kam ein Brief an mich.
994 2065 2962 2344 Wie pöchte mir die Brust
1082 2208 3234 2543 Wie bette ich u schriebte auch
1127 2379 3046 2788 In Japen und in Fuß.
1256 2714 3820 3105 y los - und las - - schirmt mir der Blick,
1050 2899 3227 3238 New- ich las nicht gefehlt!
966 3014 3771 3419 da stand. Ganz irgend schön, mein Herr
963 3276 2529 3667 Doch die Pointe, diefusste
1434 3482 2637 3890 Mrth S durch
2627 3667 3018 3918 Dear
1940 4061 3164 4438 Wien, 31/5 18/7
5205 1019 7068 1284 " Der Bedauernswerthe hat die unglückselige
5261 1204 7089 1462 That öffenten in einen Anfalle von Justen
4403 1197 4902 1563 zum
5261 1347 6119 1546 störung vollbricht.
4466 1451 6636 1818 Dunkler wird; - mit ungewissen Schatten
4448 1727 6036 1940 Reiß die stille dammerung herum
4441 1828 6534 2079 Und am Strom, auf Einscher grüner Matten
4448 1985 6500 2250 Liegt ein Wandrer, trämmisch, allein,
4455 2219 6336 2491 In den Strom, den ewig ruhelchen
4462 2376 6280 2641 heftet er den tiefen disteren Blick
4431 2536 6172 2767 Wo die Wegen weit und weiterlosen
4378 2679 6664 2948 Fort- und Forte und keine kehrt zurück.
4438 2924 6336 3210 Sagt, rohte u wohin daschnelle Reise
4406 3098 6255 3353 Ohne Kuh und ohne Rast? Wohre?
4933 3269 5121 3356 am
5592 3286 6074 3422 Swillen
4389 3286 6437 3520 Sagt, wohin (treibts auch in tollen Kreise)
4333 3443 6688 3709 Ibitern, wogend, verbelnd, soll zu Fliehe?
4382 3764 6552 3977 Wellen! Wollen, mit Einfall ich den
4389 3946 6419 4246 Wohin zur Kuten stet sich diesen
