7475 4696
932 346 2764 818 Achiles Klage
871 657 3482 1104 Gedichtet zu Wien am 4. October 1875.
332 1325 2653 1628 An dem Strande keht Schilles
300 1521 2564 1775 Duster in der dunkeln Nacht,
375 1703 2582 1950 Der allein ists von den Grüßen,
311 1864 2461 2182 der zu solcher Stunde wacht.
304 2086 3171 2486 Dampf erbrauß der Schwall der Wagen
307 2346 2382 2600 Und Adell blickt m. die Fut,
382 2511 2832 2821 Der Gedrukt des theuern Freundes
357 2696 2578 3043 der im Zolte lebles richt.
243 3028 2196 3314 V. O Patroklus, o. Patroklus,
225 3196 2850 3489 „ Auf der Bahr liebst du blen.
218 3375 2611 3671 u und die bist hinabgestiegen
371 3550 2761 3889 In der Todten Einsteres Reich.
479 3839 2807 4221 Prämb Sohn hat dich getroffen
543 4071 2378 4400 mit den unheiwolen Syner
4193 221 4500 418 And
3907 350 5935 668 dort bei Rückweilst du unten,
3914 532 5907 893 a Obito gib den Todtau her!
3943 868 6114 1207 Doch ich schwörs bei aller Göttern,
4018 1025 6189 1321 bei dem Schicktal dieser Welt.
4046 1189 6196 1528 Schrecklich werde ich Dich rächen,
4082 1371 6021 1753 Früh daheigeschiedner Holl:
4121 1725 6400 2053 Stolzer Gektor, Du wirst fallen,
4111 1889 6260 2203 Hie zum Hadeswirst Du Fliehn
4139 2046 6325 2343 In bist der Erganer Schützen
4139 2193 6589 2582 Und nach dir finkt troha hin!“
4007 2550 6332 2903 Brausend wälzer sich die Wogen,
4053 2732 5985 3043 tragens hin zu Thatis Ohr
4096 2903 6421 3189 Aus die Fläter Steige die Göftin¬
4171 3064 6410 3457 Meerumschäumet stolz hervor.
4307 3318 7135 3778 Hektor, Kriams Sohn wird fallen.
4328 3593 6268 3861 Aber du auch bald, Schill
4328 3753 7157 3982 denn ich kann es nimmer wenden
4328 3914 7135 4303 wenns die Nacht des Schicksals vill
