7416 4888
1947 428 2135 616 60
296 588 2474 979 bald mußt ihr Schift wohl versinken,
344 855 2970 1091 Tief untenliegt stell, in eisernen Ketten,
320 1035 3074 1343 Er ist ihr Welfer, es kann noch retten.
384 1323 3290 1603 Der Landvogl tritt zu dem Schützen heran,
344 1467 2291 1787 Er laß ihm die festelnden Bande,
392 1651 2882 1875 Sch hörte, du seist ein geschickter Mann,
320 1803 2906 2063 Und bringst du uns glücklich zum Land,
260 1947 3066 2207 „ do kannst du die goldene Preiseit erlangen,
300 2107 3454 2442 „Dich braucht vor dem Landvogtfürder nichtze baugen.“
384 2395 3226 2654 Tellergreift das Reuer mitkündiger Hand
452 2610 3078 2882 Und schifft durch die wählenden Wasser,
408 2726 2874 3066 Er nähert sich dem ersehnten Land,
472 2914 2734 3186 Es jubeln schon laut seine Hasser,
420 3034 3474 3374 Und Gestler simmt mit fießern Blicken
428 3246 2522 3566 Nach neuen unerhörten Rücken
432 3414 3066 3866 Und oben steht sinnend Wilhelm Tell,
384 3710 2670 3974 In die wegenden Fläten schaut er,
404 3850 3430 4113 Da mrchblitzt ein jäher Gedanke ihn schnell,
352 4025 2574 4369 Auß Gottes Hilfe vertraut er¬
420 4069 3450 4497 Schon treibt das Schiff ganz nahe zum Lande,
404 4277 3618 4677 da hält er an bis dem rettenden Strande
5261 316 5656 536 -61-
3934 456 6996 831 Und schriegt sich hinauf auf die Stelle köhn,
3962 720 6792 995 Dann stößt er das Schiff in die Fluten,
3998 879 6928 1135 kommt glücklich u. der Verschworenen hin,
3982 1039 6652 1331 Und dankt dem Beschützer der Guten
3958 1175 7064 1527 Noch heute erfählt, noch wohl jegliche "Zuege¬
3970 1363 6900 1751 Vom Schützen Fall und seinen Grünge
5153 2095 6284 2438 e.i.de.
5501 2686 6160 3042 A.S.
