7661 5112
1130 562 3059 960 "Ouvergleichliches Malhaus,
1183 828 2987 1068 So rey ich aus im Zorne.
1245 946 3457 1318 Ich drei mich hin und doch auch sei
861 1107 3477 1554 Nach heten und nach vorne
1104 1495 3276 1794 Doch Himmel! Plötz täch hinter mir.
1052 1689 2826 1972 Was muß ich da erblicken?
1167 1890 3812 2212 Was sehe ich! Ich glaube schier
1035 2031 3441 2386 2 P Geister mich berücken.
1150 2343 3746 2705 Mit einem subschen jungen Mann
1193 2573 3513 2885 Rauscht sie an mir vorüber
1147 2708 3707 3059 "Jucht wahr", spricht sie mich spöttisch an,
1104 2935 3441 3253 „ Sie beösten sich, mein lieber.
1153 3191 3526 3579 Und was mir jenes Blick verhieht
1173 3414 3319 3766 Im matten Luft der Reine
1104 3575 3677 3911 Nun, einen Ruß gar wundersicht
1203 3773 3500 4128 Mir anzusehen – von ferne.
1653 4029 3161 4397 den 1 Juni 1849
960 4318 3296 4686 tokt fehren by lei
6129 802 7230 1088 d. 9. März 1878
4361 881 5761 1114 Ist heute auf der Ersbahn doch
4351 1009 5583 1268 Ein Eresesbuntes dreiben!
4312 1190 5659 1426 da könt ich eine Stund noch
4315 1367 5606 1666 Zuschaun u. stehen bleib.
4361 1640 5942 1978 Das ist ein durch einander fliehn
4344 1847 5685 2133 Ein Helen und ein Gleiten
5652 1972 5886 2100 tuscht.
4354 1968 6175 2245 das gankelt fort und xxx hin
4348 2146 5932 2425 Und fliegt nach allen Seiten
4344 2461 6155 2741 Wie sich der schlanken Mädchen schaar
4269 2668 5656 2931 Bewegt en Eglatten Cässe!
4335 2820 6047 3066 Unwesr vom losem Lockenhaar,
4321 2981 5708 3273 Rückw. Clig wider Weise.
4321 3270 6152 3566 Rings tänzele um die Mägdelein
4279 3467 6034 3746 Die Herrn in selben Haufen.
4312 3621 5889 3907 Owehe mir. Ich steh allein
4335 3776 6563 4039 Und - kann nicht Schlittschuhlaufen
