7400 4760
1988 204 2201 434 44
300 359 3277 742 doch anders war Supiters furchtbarer Willen,
375 667 3443 917 Nicht will sich der Griechen Gebet wohl erfüllen¬
363 750 3489 1046 Am Himmel sieht daßere Wolken man ziehn¬
388 955 3385 1246 Am Meere selbst herrschet noch drückende Glätze,
404 1117 3289 1392 Da schleudert der König der Götter die Blitze,
396 1201 3510 1580 Und Hlimmel und Erde, man glaubt, daß sie glühn
438 1476 2947 1813 Und in die Schiffe in spritzendem Bogen
425 1768 3006 1963 Würzen des eheteeres brausende Wagen,
417 1888 3414 2201 In Frier und Kammer scheint alles zu steh’n.
442 2068 3302 2360 Auch Gax des Lokrers Schiff irrt alleine,
459 2234 2756 2493 Bei der Sonne verhüllten, Scheine,
479 2309 3443 2685 Um ihn und die Schiffe, bald war es geschehen.
500 2626 3477 2997 Noch hält er sich fast an dem Felsigen Kiffe
459 2872 3477 3156 Verschlungen schon hat die Für seine Schiffe,
484 3031 3264 3314 und Ajax, spricht mit frevelndern kann.
442 3197 3481 3489 Wenn alle die Gottes auch wider mich stehen
479 3352 3218 3652 Schwill und ich werde nicht untergehen,
500 3510 2860 3798 So wahr ich Ajax, der Lokrer bin."
538 3731 3102 4073 Und immer schrecklicher wird das Wetter,
550 3927 3614 4277 Und furchtbar erzuret waren die strafende
2756 4156 3327 4423 Götter
5282 238 5544 384 45
3794 429 6866 721 Sie wollen den Lokrer dem Tartarros weihn
3806 650 6895 938 Denn nicht darf der Götterveräfter mehr leben;
3873 817 7058 1030 Nextun macht das Felsenriff werden und bebau¬
3806 963 7158 1259 - In die Liefen des e Meers sollt der Frewler hinein.
5707 1134 6257 1384 stürzt
4869 1688 5870 2055 11on.
5357 2172 5936 2522 A. S.
