7672 5320
448 776 3014 1233 Und auf dem Felsen grünten Blumen
4807 726 6522 1146 Streb und geniessd
4172 1005 6808 1274 Storburgerichte, mein Freund, das ist das Inhalt des Lebens
477 976 2765 1424 der Wied erstrente ihren duft
4305 1059 7003 1333 das ist die Weisheit des Sines alles ist das menschliche vor
4097 1204 7348 1540 Strabst du nun mühest du dich, ohn' was du erwirkst, zugenießen
423 1220 2802 1569 Der Sonne goldgewebte Strahlen
4110 1324 7277 1619 Niemals ruhend und nur jagend nach neuem Gewinn
461 1333 2428 1822 Durchbebten die bewegte Luft
6991 1457 7290 1561 wouen
4081 1553 7285 1760 Neue Früchte erstrebend, kaum daß die alten genossen,
4276 1698 7319 2005 Besser glaubend, was fern – nur weiles ferner des schein¬
527 1698 2570 2092 Ich seit die Wymplichterspunde
4110 1835 7339 2171 d so bist du ein Thor und wirst dir dem Glück um erkämpf
544 1885 2756 2287 Rein menschlich Wesen weiß wohin
4097 1988 7348 2321 den dann auf vorgem Weg Fehlst du das wirkende Ziel
598 2022 3234 2520 Schwand auch der Quelle Silberrausche
4118 2138 7315 2433 Alles, was nach deinen Augau, flieht hin, von dir nicht beachtet,
731 2188 3404 2624 Schwand auch des Telsens frisch Gaum¬
4425 2287 7377 2615 Schmiedet dahin und entschwebt; flüchtig enteilts uns oargeht.
7107 2416 7427 2541 elam
4172 2445 7381 2752 Du aber werdest den Blick und nicht mehr kannst du erblicken,
739 2428 3524 3006 Theft Ewischt gespensthaft Odo.
4396 2603 7339 2927 Denn in einem belades Grau füllts die Vergangenheit ein
830 2727 3325 3122 Was m. s. so freundlich was u. hilf
4139 2819 7476 3142 Stufst du auch: Spätere Tage, sie werden mir Schönesbringen
2761 2910 2952 3072 Lg
826 2960 3612 3296 Jetzt regt zuvor D. zwei Felsen
4454 2964 7377 3271 kommende Zeiten voll Glück schauet mein ahnender Geist.
797 3064 3757 3545 Was sich gerauscht der Silleguell.
4209 3130 7414 3458 O so wisse; - kein Späten gehört dem sterblichen Menschen
4205 3292 7402 3616 Auch das Vergangene nicht, nur die jetztzeit ist dem
4238 3404 7489 3803 Drum, wenn der Weg deines Lebens vorbeführt an lüblichen Wiese
884 3458 3275 3840 I wo die neben Nyngh
4454 3595 7414 3969 Frühlings prümend und frisch, hell von der Sonn bestraft
772 3699 3479 4047 Statträumend an der Quelle lag,
4247 3790 7443 4097 N so ruhe darauf und achme die tüfte des Frühlings¬
863 3877 3101 4267 Da geeht die Erlegerich.
4446 3940 7481 4276 Die umschmeichelnd und hufs kühlen die brennende Ster¬
967 4002 3591 4442 Witschwerin schwazem Höhe
3670 3994 3960 4247 be
4218 4097 7530 4434 Achte des Quells nicht, der Frau aus steinernem Felsenherren
4475 4243 7510 4674 Silbergleich glänzend und weiß, tausend zur Erde hinnt
1623 4454 2785 4774 HrthurKing
