7656 5208
390 1198 2095 1532 Die schöne Mai ist – obismann?
434 1390 1997 1701 Tief im Gen El verschwinden.
2198 1472 2522 1711 kan
409 1503 2126 1796 daß ich nicht Schlittschuhlaufen
403 1686 2098 2057 So habt ichs nie empfunden!
1909 1984 2173 2135 long
500 2025 2091 2321 da konnt ich eine Stunde von
519 2183 2202 2497 Zu schaum Mit Freuden stehen bleiben,
1500 2337 1745 2459 Lene
547 2337 2246 2629 Und starren in der lustigen Drang,
560 2522 2060 2890 Insbinte, frohe Treiben.
1805 2730 2585 3126 Erzte Sch
4246 381 6727 752 Sr. Ein recht:  Hr.
5670 837 6381 1094 Concl. Anno 78.
4485 1104 6686 1374 Es wagt das Mein, und ohne Ganz und Sinne
4460 1267 6582 1522 Strämt es dahin in flutendes Bewegung
4469 1444 6859 1676 Stumm ruht die Fuft, - im weiten blauen Raum,
4475 1591 6627 1868 Steht eine Wolke, still und ohne Regung
4469 1824 6604 2069 Die spiegell sich tief unten in der Flub¬
4460 1975 6410 2179 Und mit den Wagen, mit den ewig regen,
4387 2091 6501 2330 Mit dem Gewisser das nur steht und nicht,
4400 2249 6759 2488 Scheint sie auch selbst sich rastlos zu bewegen.
4375 2444 6897 2720 Und scheinet mit der Wellen Schaum zu fleese
4324 2623 6435 2915 Mit ihnen hin- mit ihren her zu glücken
4356 2824 6696 3085 Und scheint die Wogen selber fortzuziehen.
4290 2985 6573 3236 Hinlauf bald - bald hin ab nach allen Seiten
4390 3265 6903 3513 Wie sind wir Menschen jenem Schatten gleich
4346 3447 6721 3733 der in hos scheinem, dennoch ohne Regim¬
4331 3664 6787 3916 Im Meere schwimmt, wie wir um Weltensun
4293 3796 6384 4085 Und riessum ewig wogennt Fewegung.
