7432 4808
1178 1429 2386 1822 Alpinjäger
1490 1688 2237 1906 und. 3.
1174 1894 2161 2313 Schiffer.
400 2157 3472 2672 Gedichtet zu Wien Anfang April 1874.
457 2550 2355 2919 Die Wasser daraufchen den Schiffer,
438 2828 2393 3102 die Wellen umspalen den kahn
469 2904 2672 3247 der Seemann im schaukelnden Schiffchen
461 3110 2393 3464 Schant sinnend die Felsen hinan.
450 3327 2420 3651 Dort oben hoch jaget der Läger
473 3605 2249 3857 In wildem verwegenem Mut
545 3769 2344 4055 des Schiffes glücklicher Lenker
530 3826 2980 4242 Schaut auf von der schäumenden Flut.
5233 248 5435 423 41
3880 419 6163 690 Nicht möcht' ich da droben wohl hausen.
3868 648 5907 907 von heufendem Rosowind umbraust,
3891 812 5721 1075 Wo Lawinen herunterkommern,
3891 976 5724 1254 Wo Adler und Geyer nur haust:
3872 1197 5995 1555 Zwischen Himmel und Erde schrebend.
3903 1422 6247 1707 Zwischen Abgrund und Felsen und Aluft
3907 1612 6270 1868 Leicht wird ihm der Abgrund zum Grabe,
3922 1772 6334 2050 Leicht wird ihn der Felsen zur Gräft.
3903 2001 6433 2363 Auf dem Wasser nur fühl' ich mich glücklich,
3945 2249 6106 2515 Längst wars meiner Reise drang
3960 2424 6323 2645 Mich freut das Hauschen der Wellen,
3964 2550 6380 2828 Nacht des Sturmwiedsschweiger Sang,
3922 2893 6628 3110 Nicht des Pösewinds gellendes Speisen,
3956 3041 5782 3342 mehtdie schwindlige Alpenhof.
3983 3209 6628 3491 Nur uns ist mein liebstes auf Erden,
4009 3369 5591 3644 der kahlende, liebliche See¬
4006 3647 5926 3903 der Alpenjäger da droben.
3998 3758 6700 4128 In den Bau schaut er lächelnd hinein.
