3848 5108
185 619 2518 963 doch einer sah nach den edeln kämmen
151 774 3126 1121 Und druckt ins Gesicht sich des Gutes krämpen,
170 1012 2650 1348 Und sah verschwinden die gegencligen
170 1166 2707 1548 Sach sie entfliehen mit thränenden Blick.
181 1582 2541 1888 Mit kurzen Höschen, Matroherkragen,
166 1752 2937 2057 das Antlitz so trotzig, S ist nicht zum sagen,
174 1937 2843 2265 W Er hielte die Schultasch' in seiner Hand,
940 2156 1231 2295 wohl
174 2148 2658 2499 Ihn führte jedoch eine Gouvernant.
283 2499 2809 2805 das liebe Bürschern sieß Theodes Schnabel;
389 2752 657 2877 War
211 2695 2858 3005 Zwar etwas kindisch, doch sonst annable
268 2929 2692 3220 Er war sehr Jahr, in der Prima er sass,
249 3077 2978 3420 Franz Hoffmanns Geschichten sehr gerne er las.
249 3382 2118 3817 Stond auf um 7 Uhr frühe täglich,
260 3681 2235 3983 Sastin der Schule ganz unbeweglich
291 3824 3322 4130 Wird von der könne dann abgeholt dauern der Gouverneur,
321 4077 3005 4409 die führt ihn nach Hause dann an der Hand.
