6568 4184
3638 880 5605 1333 Und was mir des allerliebst in
3513 1150 5469 1523 Das ist das weite, das blaue Meer.
3548 1338 5417 1690 Aus eilenden Schiffe möcht' ich stehe
3551 1529 5281 1798 In Welt und Magertreiber sehr.
3564 1725 5101 2079 Mie war ich damit auf hohe See
3556 1880 5513 2207 Und dennoch, ich fühl' es wie Heimatweh
3472 2055 5679 2463 Ich fühl es, als zögs mich zum Leibchen sein;
3493 2264 5567 2594 Muhr dort im Traum gewesen sein.
4499 2709 5319 3060 Gelkseli
3458 2984 4063 3344 28/27
