7288 4952
180 728 1588 1012 In der Natur der freien,
149 900 1568 1153 Hier den das Leben blührt,
180 1058 1887 1308 Und ihr ließ er sich weisen.
158 1187 1785 1509 So wie sein Herz ihms riet.
192 1531 2104 1782 War einst ein mut'ger Krieger,
206 1669 2042 1982 Er kämpft'in mancher Sislacht.
217 1856 1844 2070 roth als die deutschen Sieger
192 2022 1762 2273 Nun endlich Fried’ gemacht:
212 2360 1723 2558 da kam auch er zurücke,
243 2501 1506 2744 Entronien der Gefahr,
262 2614 1988 2905 Geneigt dem Friedensglacke.
245 2786 2154 3110 Wie frühr dem Krieg arb war.
268 3099 2030 3390 Er kam zurück als Fieger,
231 3288 1985 3502 Die Brust von Orden schwer.
274 3438 2132 3705 Er war ein wackrer Krieger.
251 3598 1887 3875 der König liebt' y'n sehr.
276 3889 1799 4168 da thät der König fragen,
302 4047 1819 4278 Was ihm am liebsten sei
257 4199 1884 4489 dreich thät der Lapfre sagen,
271 4377 1531 4659 das sei'ne Schäferei.
5135 299 5361 471 7 -
3796 561 5488 843 Erfüllet ward die Bitte:
3830 753 5437 998 Der Hirte lebt in Glück
3739 869 5615 1145 In seiner kleinen Hütte;
3773 1069 5412 1348 doch denkt er oft zurück.
3779 1382 5657 1641 Er denkt noch an die Zeiten.
3801 1540 5499 1813 Wie er da kämpfend stand,
3810 1703 5750 1951 Zu fechten an d zu streiten
3815 1822 5330 2152 Fürd theare Vaterland.
3841 2174 5623 2428 In der Natur, der freien,
3824 2355 5502 2589 da ihm das Leben blüht.
3849 2490 5770 2758 Und ihr ließ er sich weisen,
3818 2668 5826 2916 So wie sein Herz ihm's riet.
3841 2938 5849 3223 Und bei der Glöckahre Schellen
3824 3130 5964 3407 Die Heerde springt vergnügt.
3835 3305 5575 3514 die treuen Hunde bellen.
3813 3418 6080 3728 der Hirte traumend liegt
4382 3810 5172 4174 Ende.
5285 4064 6007 4436 A. S.
