7096 4984
4455 1132 5451 1501 Antorie.
3743 1030 4131 1472 Aus
3771 1504 5924 1972 Ich glaub an deine Liebe, solche Weil¬
3927 1759 5298 2042 Nun die Lieb ist vorheute¬
3950 1863 5835 2220 Und da ich jetzt eine schlingretenen Leib
3899 2061 6459 2382 Grußkussend mir in wolligsten Heitnetreile
3978 2210 6239 2499 Glaub ich an deine Liebe, süße Weile¬
3991 2401 5616 2678 denn die Lieb ist er heute!
3937 2589 6131 2954 An deine Frau geliebte, glaub ich nicht,
4020 2878 5451 3097 denn den Ton ist von morgen
3978 2916 5966 3231 Was kommt uns das späte Sonntelicht
4029 3110 6106 3409 Und bis es durch die hellen Scheiben beiht,
3953 3250 6261 3552 lder weiss, wie dann schon dieses Freundsche spricht,
3981 3473 5711 3711 Denn die Treu ist von morgen.
