7480 4824
6416 457 6653 769 24.
4103 445 6263 812 Doch tödent' er oft von einem Kuße
556 619 2913 899 Und jetzt schon ich ganz sicher weiss
4134 729 6144 973 dem nie gefühlten Hochgenuße,
544 765 3129 1005 liebt sie den Arthur Meyer heiß).
4186 887 6077 1127 Doch niemals that er Fanny sehen,
4233 1009 6629 1293 Wenn ichs beim Haus vorbei thät gehen.
3204 1068 3516 1324 23.
536 1119 2420 1372 doch welche Zeiten – ungebeten
583 1230 3039 1521 ließ ich vor eure Aupen treten?
4087 1340 6582 1580 Nur wenn er thät in Bette liegen, 28.
564 1423 3740 1714 Jetzt zog schon die  wohnte Fanny von ihm so
3165 1533 3579 1738 will
4138 1509 6562 1754 Und sich mit Schlafen thät vergnügen,
556 1608 2463 1884 In schauervoller Wieterszeit.
4162 1671 6645 1912 Da hat er oft von der geträumt von ihr,
6298 1778 7130 1986 Und nur von ihr
4150 1852 6278 2077 Und wild hat seine Brust geschäumt
6314 1904 7023 2140 allämig scheit
3326 1880 3661 2073 24
635 1872 3224 2187 doch wohnt sie auch in weiter Terne,
670 2124 3571 2314 Er hatte sie noch immer gerne Hrnopsfia¬
4201 2128 6574 2412 Auch muß ich der Wahrheit folgend sagen, 29.
713 2235 3634 2463 Ging von der Stenographie Und war die Schule xxx
4213 2353 6503 2582 Im Traum hat geschickter er sich betragen,
623 2420 3382 2692 da ging er manchmal zu ihrem Haus
4245 2487 6460 2727 Als in des lebens Gewöhnlichkeit,
4276 2641 6385 2924 Obwohl - er sonst auch war gescheidt.
3464 2688 3744 2936 25.
603 2723 2771 2987 Und schaut herüber und hinüber
603 2877 2850 3141 Der Himmel wurde trüb und trüber,
6302 2952 6641 3200 30.
4087 2995 5936 3220 Denn, o geneigte Leser – wisset,
579 3062 2775 3330 die Hände in dem Winterrock,
4186 3149 6180 3433 Er hat sie oft im Traum geküsset.
556 3192 3003 3543 So havot er seiner Fanny Flock.
4182 3307 6539 3547 Und morgens hat er daingedacht:
4233 3460 6231 3780 O warum bin ich aufgemacht.“
3322 3527 3622 3756 26
623 3508 3118 3807 Er hatte Maroni" in seiner Taschen,
579 3736 2885 4016 di thät er allzugeren naschen,
4146 3799 6554 4067 jetzt aber mußt ihr gefasst einsmachen, 31.
650 3906 2901 4213 da träumt - er so sieß - so lieblich - und
4461 3985 5561 4103 einer pau etwas
4130 3973 6641 4249 Auf trockene weniger zarte Sache
800 4075 3177 4339 Verbrannte träumerisch sah den Mund
