7160 4872
5236 299 5567 515 S. 1
468 702 2601 1032 Mein bei, mein Kin, wird es sich beglückt.
511 814 3025 1213 Ich soll den betwoll! im halt vermißt er Ehren¬
4479 833 6066 1054 Du liebst mich, sei drum gesegnet,
4288 1004 5645 1107 Doch sag’ mir Eins geschwind:
4304 1088 5685 1188 War’ ich Dir niemals begegnet,
6200 1004 6627 1216 Meyargh
524 1076 2741 1413 Mir aber kauft dies nicht vermehren,
4298 1138 5798 1297 Wen liebtest Du dann, mein Kind?
6209 1132 6949 1322 Hgleich ich xxx
4491 1182 6072 1347 Denk’, dass ich selber ein Andrer,
6216 1257 6921 1419 selber der andre. —
4291 1304 5548 1438 Der Dir aus Irrtum gefällt
524 1282 2617 1569 Ich bleite, was ich mir unmericht!
6306 1347 6765 1488 Binsich nicht.
4291 1329 5857 1485 Und der Dir bestimmt ist, „wandert
4304 1447 5801 1559 Weit draussen herum in der Welt.
6322 1432 6655 1644 a n
4494 1491 6069 1622 Vielleicht auch in dunklen Gassen,
4304 1603 5657 1697 Strich heut er an Dir vorbei,
624 1485 3116 1874 1 lb ist, weil mich dein Zeule baurde.
4316 1672 5816 1793 Du konntest die Hände ihm fassen
5954 1669 6609 1871 daß es es sein
4310 1746 5776 1862 Und wusstest nicht, wer er sei.
4513 1812 5860 1952 Vielleicht wird er heut Abend
664 1834 2520 2058 bleibe, weil ich bleib mit,
4316 1912 5374 2024 Vor unsrer Türe steh'n,
4329 1968 5907 2118 Vielleicht ist er langst gestorben
4494 2074 6861 2233 Mein Kind, Du wirst beklommen, xxx nicht mich genommen
4310 2080 5483 2158 Und hat Dich nie geseh'n.
533 2021 2539 2339 mit auf den Lippe und ich
6013 2158 6824 2295 den xxx blieht
4304 2199 5898 2327 Es blüht und sehnt sich Dein Leib,
6468 2239 6777 2358 dt Teil
4316 2274 5673 2395 Und wär' ein Andrer gekommen,
568 2236 2539 2554 Als selige Verfasßung Cramiln.
4316 2376 5626 2473 So wärst Du des Andern Weib.
6057 2339 6986 2520 It gllnt him ganz in Banzo
4497 2417 5938 2545 Muss es Dein Herz nicht tangen,
6066 2448 7011 2614 (Niept di nicht befeuer)
4323 2507 5848 2607 Sollt' ich Dir nicht entflieh'n,-
6172 2554 6892 2748 milt it hangen -
4323 2604 5586 2707 Ach sieh, von mir umfangen,
636 2507 3010 2882 ihren auf! ich bin von dem Gerichte
4316 2663 5492 2773 Betrügst Du mich und ihn!
6131 2685 6796 2826 Milt af
6315 2794 6690 2963 schöne.
614 2757 2626 3100 der sein am glücklichsten Moment
6060 2935 6247 3050 den.
571 2966 2617 3328 Mittlagstes aus sein vaterwand.
4157 2966 4397 3156 916
655 3175 3053 3496 Macht sind Novem, man samt diese
2922 3334 3362 3546 21/4/15
