7112 5000
3708 768 5666 1165 Doch wie wird der Kopf so schwer
583 977 1936 1310 Da begeckert steh ich auf
3708 1060 5080 1366 Und so konnte breite
3705 1153 5749 1517 Meinen Freunde um mich her¬
616 1165 1985 1470 Einen Fracht zu sagen.
623 1322 2383 1683 shene hören gar nicht drauf,
3717 1356 5632 1791 Ach! man küsst sie munter
635 1520 2219 1890 Rosen und Behagen
3776 1624 5860 2065 Siebt auch wieder auf der Tisch
641 1763 2367 2185 Mizi ganz in Luß gekaucht
3736 1837 5835 2389 Schwer das Haupt von beiden
678 1920 2910 2346 Seufst. Treib doch solch Spiel nicht!
690 2108 3012 2558 Schöne Leitha schmenhelnd hamst.
3764 2068 5749 2595 die zwei Nädchen, allzu Frisch,
3761 2401 5339 2774 Wollen es nicht leibe,
690 2367 2623 2774 Richard k. k. f. a weh nicht!
348 2475 518 2750 his
3804 2586 5857 3079 Wie im Traum her' ich herein
703 2645 3187 2987 Ei das wird mir schie genannt,
3754 2885 5632 3345 daß die Leicher schäumen,
727 2882 2577 3197 Und mich will bedenken,
3825 3002 5888 3585 Ich verschwommenen Lichterschein
653 3067 2620 3471 Daß ich heut - ein Ehegleut-
678 3332 2509 3677 der darf ruhig trinken
3810 3382 5675 3847 Oh man là pl mich träumen.
715 3570 3061 4007 Streck’ mich durch auf Kanagen
3887 3696 5561 4140 Ach in Cauze läglich so
743 3838 2235 4279 Jene kussen weiter
3933 3906 5884 4396 zwischen Schlaf und Wochen,
2614 3936 2910 4297 lich
786 4010 2521 4448 Schwänner von der Liebe
718 4275 2411 4716 Sind jedoch ganz hieher.
