7656 5256
5085 117 5379 411 7e
4976 335 7230 681 Hoch wie (dann wieder Erz) richtet’ ein denkmal
4351 448 4996 673 1. wäre reist:
4924 488 7283 786 2 mehr als fürstlicher Bau näget es hoch empor¬
4980 661 6722 1008 Die Horaz’ sch. Ode III.30
4819 927 5916 1133 Exegi monumentum.
4081 1020 6883 1383 in Versmaße der Urschrift ins Leutsche übertragen.
4399 1315 5492 1548 1-5-10-10
4105 1343 7178 1665 Peter denn cauerndes Erz richtet ein Denkmal ich auf¬
4226 1553 7097 1899 Höher als fürstlicher Bau königlich sagt es empor¬
4266 1718 7154 2065 Zehrende Himmelbflut stürmisch brausender Nord
4468 1803 4758 1919 +  $11.
4254 1851 7254 2222 Kann ihm Zustörung nicht drohn; nicht die flüchtige Zeit,
4299 2049 7400 2387 die Silben sind ja nicht einmal gezalt geschweige rathmisch
4291 2169 7202 2545 Nicht die unendlich schnell schwindende Jahresreich.
4266 2323 7367 2726 Völlig nicht geh ich dahin; todesbefreit weilt stets
4246 2488 7480 2907 Eines auf Erden von mir, und in ferstrahlendem Ruhm
4295 2637 7541 3012 Schmuckt mich Jugend stets neu, bis mit der schweigenden
6601 2843 7025 3028 Maid
4339 2988 7476 3367 Dem Capitalium einst nicht mehr der Priester sich naht.
4295 3157 7392 3456 reisen wird mich die Welt, wo der Aufidus braust
4291 3315 7513 3657 Weise, wo Daunus ein Land, Flutenorin; ein Geschlecht
4887 3569 5299 3714 gefittert
4303 3508 7545 3843 Ländlichen Volks beherrscht, preisen den herrlichen Mann,
4371 3754 7553 4113 Der sich dem Dunkel entriss, und des anolischen Lieds
4351 4032 7351 4307 Weisen italischem Volk als der trefflichste sang
