3432 5035
932 396 2109 695 Lehnter Singsang
982 594 2627 853 Erbseltend die Entschuldigen
925 759 2580 1008 Warumich die Anfertigung d.
885 932 2519 1198 Das Epos an den Nagelsung
65 1242 2145 1522 Heut ist ein Wetter, ganz diabolisch
47 1418 2235 1706 Drum bin ich auch gar so melancholisch,
2321 1594 2588 1745 G.C.F.P.
36 1580 2066 1846 Und sentimentaliter aufgelegt
43 1756 2609 2019 Was sich sonst nicht mit mir erträgt:
2120 2040 2771 2271 a
61 2051 2037 2339 Ihr aber, meine lesenden Leute,
32 2217 2411 2490 die ich eine Weile gar sehr erfreute,
40 2404 2800 2677 Euch aber xxx ihr teher, hab ich zu melden, 2
36 2577 2659 2811 daß Arther und Fang, des Epos Helden,
40 2717 2375 2969 Hiemit davongefuscht wie der Wind
43 2843 2929 3192 Von des tiefes Schauplatz verschwunden sind,
72 3167 2267 3494 Weil ich beschlossen, ihr Geschichten
50 3329 2735 3617 Auf anderer Stelle von neuwen zu dachten,
104 3505 2033 3793 Wodurch euch, wie ich bedacht
68 3664 2602 3995 der Abschied leichter wird gemacht.
101 3987 2933 4236 Seid mir versichert, bald wird von neuem 4.
130 4167 2753 4473 Euch manches, was ich erfahren, erfreuen
