7672 5416
450 1232 698 1492 Das
469 1450 687 1724 Am
324 1736 713 2011 Die N
385 1976 725 2136 Senk
137 2117 725 2396 Dringf Ein by
454 2293 664 2526 Ein
4815 629 6539 931 Der moderne Dichter
4071 908 5864 1209 Ich singe nicht entschwunden Tage
4071 1045 6093 1358 Von nichts vergängnen hinz ich euch
4044 1206 7111 1526 der Gegenwi jetztzeit zur klingt meine Sage,
4029 1373 6062 1705 Die Gegenwart ist mein Bereich
4124 1686 6100 2030 Ich siege nicht von alten Secken
4040 1843 6577 2102 Die nicht bekrängt von Ruhmes Laub¬
4013 2045 6520 2289 der Freunde vort, der Feinde Schrecken
4017 2159 6718 2526 Fetzt längst vermodert sind und Staub¬
4116 2400 6871 2804 Von Klöstern nicht, die grau und düster,
4116 2655 6554 2941 Die halb verfallen, morsch und, alt
4135 2796 7050 3151 Umrauscht von nächsten Baumgeflüster
4124 2934 6604 3327 Unheimlich stehe im grünen Wald.
4189 3308 6634 3613 Von Monehen nicht, von ersten bleichen
4189 3445 6451 3746 Die einst verlassen hier gelebt,
4177 3510 7039 3914 Und jetzt noch durch die Trümmer schleichen
4200 3758 6867 4101 Wenn Mitternacht ihr Grab unbebt¬
