7176 5064
3907 851 5584 1332 Und ich nicht mich imuf
3865 1158 5565 1428 Konk nicht die Unterat freute
3786 1319 5541 1700 Wenn doch war die Güte stelle,
3783 1568 5578 1948 Derselben für mich zu einte
3942 1909 5636 2245 Und ich lag im Lette bemerk,
3868 2139 5586 2498 da geruß mit einem haben
3934 2316 5790 2744 sich gestalten, weiht und schmerz
3884 2567 6004 2903 Und es sein im Mombestralle
4325 2837 5430 3135 Gred vom Parnuil
4344 3061 5219 3334 Rom ich heraus
4349 3207 5446 3545 Erb, wie Schausch
4328 3410 5356 3704 Es wint auf sich
4016 3529 6007 3984 Und es lachten die Gutgenster¬
4008 3749 6139 4143 Sollen wir um selbst die neuen
6295 3831 6723 4135 Trenster
4124 3958 6229 4357 Und schien aber soll dies
4145 4167 6118 4531 Alle kommt ich bald erkennen,
