7080 4888
593 975 2384 1268 Ausgebaut auf offene Stachte
630 1229 2023 1455 Und da kamen andere Seite
644 1396 2113 1678 Und - die haben doch zertreten
1353 1622 1740 1944 Ah.
672 1805 1497 2099 Ischl. Juli 8 "
4317 686 5348 907 La Favorite
3862 833 5836 1172 Kann auch schien an der auch treuen,
3884 1096 5226 1359 Kleine sichte Eigarettr.
3791 1181 5475 1554 Und ich sich doch, wie zu Asch
3786 1285 6000 1706 Kangham der das diesem schonnk
3777 1526 5492 1944 Aber noch du bist so lieblich
3859 1785 5526 2105 Und ich kann ich nun er lassen,
3836 1921 5500 2232 Bis iti - odi böse kam! -
3797 2006 6082 2494 Aus die Lippen schön verbrauß.
5142 2622 5633 2963 G1.
3997 2845 4862 3144 Titl. Juli 8 "
