7289 4808
1128 842 2922 1234 B. Nacht im Gasteinerthal
862 1202 2918 1551 Wien, den 2. September 1875
411 1520 2828 1907 Nächtliche Stille, duftiges Schweigen
427 1743 3258 2083 Haupt seine Unmuth ins grünende Thal,
454 1950 2565 2221 Nebel sinken, und Nebel steigen
462 1978 3470 2338 Eibern in Mondes verklärendem Strahl.
454 2361 3517 2734 Hört ihr das ferne er trauhende Rauschen
462 2514 3544 2918 Dampf stürzt das Wasser von felsigten Höfe
486 2737 3626 3031 Traumend und sierend steh ich zu lausden
505 2878 3658 3278 Leis' durch das Thal zieht des Windes Wehn.
560 3153 3297 3572 Geister Eliehü über Thäter und Berge,
587 3415 3685 3709 Weis's von des Kindes versi von dem Schwieger¬
560 3646 3603 3908 Aus den Kläften heraus gegen Zwarge,
568 3795 3160 4139 Laden zum Kanze die Efen um
2557 4069 2800 4382 P.
3905 537 6783 858 Und sie schlingen den nächtlichen Reigen,
3869 717 7010 995 Gauhrler und schweben in luftigem Tanz,
3905 873 6117 1144 Nebel sieben und Nebel steigen.
3967 1050 7006 1355 Kerne schimmere in lieblich m. Glom.
