7672 5480
2923 617 3139 995 me
5497 685 6261 923 (5)
4052 1034 5987 1338 Wie sie sobald davongezogen
4143 1168 6763 1569 Wie sie schnell den Wamtsmann entschwan¬
1292 1227 3161 1530 Mit euch ziehen, ohne zu verweilen —
1279 1357 2992 1742 Euer Ziel, ihr Wogen, will ich sehe.
4209 1445 6117 1830 Eine neue. Die muss ich erfassen,
1341 1648 2988 1931 Wieder eine Welle rauscht vorüber
4163 1706 6058 1935 Bleibe wolle bleib, ich mehr dich!
1312 1778 3295 2095 Und ein Stein blist’ silber auf sie sie hie¬
4218 1814 6352 2160 Bleibe doch! ich will Dich nimmer lassen,
1338 2010 2789 2280 Eine andre Flutet rasch darüber,
4271 2023 6470 2362 keit den Armee schließ ich dich an mich!
1266 2160 3174 2450 Beick sogenweite und entflehe.
4215 2280 6466 2603 Weh entkauft du? Läßt du dies nicht halten
1272 2362 3478 2698 Bleibta bleibt! Mein. - wieder sein andere.
4241 2480 5912 2822 Wiese sich in Finsternes verlor.
4222 2561 6600 2943 Mein, da ihm sie aus der Flut der kalten
1276 2558 3723 2858 Kanscht herbei. Kein Einzenblick benst Ruh,
1331 2724 3814 3024 Nimm mich seit dem wande wande wunde
4280 2770 6287 3178 Taucht sie steruglitzend jetzt hervor.
1305 2891 3393 3240 Mit mir brafen schmein Ziele zu.
4323 3054 6329 3435 Aber neue Wogen brausen tosen.
1341 3142 3419 3510 Wohin zieht ihr ewig rasch und rege.
4336 3178 6956 3615 Wehr nur - mein Au wird irr, wenn Geist¬
1374 3334 3569 3745 Wisser auch ich nur ferner Ziel
4264 3475 6303 3788 In die Tiefen, in die bodenlose
1334 3550 3824 3905 so ichs ich doch, ihr Wellen auch habt Wege,
4290 3576 6913 3990 Kuhl ich, wie s mich unau fhaltsen reißt.
1357 3765 3745 4101 Euer Trenber ist kein sieulos Spiel.
1325 4013 3948 4421 Und d. Wanden stürzt sich in ihr ldagen
1276 4290 3546 4727 Eine Welle fasst es mit dem Hand:
