7448 4888
1801 472 2055 665 62
964 1666 2379 1912 B. T. R.
1042 2174 2868 2527 Syloesternacht
361 2503 3524 2929 Gedichtet zu Wien Ende December 1824.
336 2929 3635 3204 Gewidnet meinem innigstgeliebten Großvater.
427 3184 3311 3532 Des scheidenden Jahres letzte Stunden
443 3413 3540 3709 Lasst uns in dem Kreise der Lieben begeße.
336 3553 3557 3811 Bald ist ja das Jahr für immer entschwungen,
402 3713 3545 4061 Und keiner von uns wird es wiedersehen.
295 3943 3352 4308 Hört ihr es her von dem Turme schallen
406 4209 3598 4570 Zwölf Schlägeverkünden die Mitternacht
5145 328 5575 542 -63-
3951 484 6876 812 Die könne verklingen, die Schläge verfallen,
3947 743 6662 1046 Verflossen ist nun die Pylvester nacht.
4029 985 7011 1366 Ein Fahr ist verrauscht, im Fahrist verflogen,
4041 1231 6999 1518 Ees ruht in dem Heer der Vergangenheit,
4070 1395 6285 1645 Zu den andern ist es hingezogen,
4037 1530 7015 1846 Die längst schon hinwegnahm die eilende Zeit.
4020 1813 7048 2109 Viel liegen seit vorigem Jahr wohl begroben,
4053 2068 7052 2297 Und können die liebliche Welt nicht mehr sehn;
4016 2170 7093 2449 Drum freut auch, die jetzt noch zu jeder haben,
4004 2338 7233 2642 dem das Leben ist kurz, und die Welt ist so schön.
4057 2560 7216 2917 Die Zeit entflieht, so mit riesiger Schritten,
4033 2876 7204 3048 Und niemals mehr kehr die entflohne zurück,
4020 2999 7208 3196 Drumlasst uns den ewig Allmächtigen bitten.
3943 3143 7188 3463 „O schenk“ uns noch lange des Rebers Glück“
4033 3331 7233 3705 Ortet trinkt in die Kunde, und lassumb singen!
4070 3623 6777 3930 Es sei keine Ernst, von Leiden beängt,
4094 3819 7220 4041 Die kommende Jahre, sie können und bringen,
4139 3934 7237 4320 Was keiner der Menschen bis helzte noch denks¬
