7656 5272
6201 334 7001 669 Sept 26
5655 402 5904 652 N.
4402 593 7221 1020 Der Harfenist auf Wildenfels¬
3022 711 3280 902 tück
601 745 3682 1113 Lauernd im Schatten des Felsens vertirgt sich die gestrige Schlage
461 973 3784 1346 Lauern nicht oft hinter Felsen verrötisch Schlangen und Nattern.
4114 990 6023 1376 Verborgen hinter Nachtgewilk
546 1181 3712 1469 Ahnungslos nähst du - es trifft dich ihr vergiftender Biss
4152 1206 5993 1507 Erg Moni- und Stierssch immer
533 1321 3712 1655 Was für ein Glück Du gehalten es reißt Dich dem Tod in der
4186 1346 6218 1693 Er pfiff der froß'ge, kalte Wind
3170 1460 3699 1596 Arme
656 1494 3538 1841 Trügerisch täuscht sich der Scham-Unheil jüngte der Trey
4237 1532 5710 1875 durch Rausch und über Trümmer.
372 1617 3780 1981 G Haft du die Freude gefunden, so halte sie fest in den Händen
4313 1748 6814 2163 Da fand des eines Junglings Sich stand
686 1807 3763 2108 Hage der Ferien nicht nach, damit die Ferne ist trug.
499 1934 3729 2269 Ewig zagst die vorüber an nahen, an lachenden Freude,
4296 1972 6374 2341 Ein blinder Greis mit der Harfe;
2569 2099 3678 2243 den dir & erfährt sich wirkt
711 2154 3797 2459 Glaubst eine schönre zu sehen; aber das ist Ihre Freund:
4304 2120 6476 2463 Sein flatternd, silberlockig paar
2700 2290 3183 2387 der unterbi¬
546 2269 3712 2628 Endlich reiß töchter Tod hinweg mit gewesender seien.
4347 2302 6429 2679 Durchwühlte der Wind, die scharfe.
618 2463 3661 2768 - Sterbend Anklagst du dein Loos. aber nun ist es zu spät.
4491 2616 6582 2937 Ist das die Burg von Wildenfels,
571 2611 3564 2942 Aus ist alles und nichts auf Erden hast du genossen,
766 2789 3742 3064 Und dein brechendes Aug weimt dem Verlorenam nach.
4520 2823 6103 3128 Wo hoch die Thürme wegen
4512 2937 6687 3280 Und wurch oft mein Ritenspiel
2666 3094 3801 3339 Und so treibt es Dich rachtlos
4474 3145 6239 3483 Zum Tage hab' geschlagen?
1261 3077 3750 3564 Arthur Schnitzler. das andere Hüßtag ziele,
4537 3428 6882 3767 „Thein Sohn, ist blos hell wie sonst,
1714 3585 3496 3932 Am 7. September 1876.
4584 3631 6091 3957 Wenn wir vorübrogen?
4673 3763 6755 4106 Wölbt sich erlechtet über uns
1922 3818 2975 4076 eilest du restlos
4702 3945 6586 4288 des hohen Thors legen?
724 3869 3716 4228 Ünd so jagst daß und strebst du und
2027 4101 3695 4372 es ändern sich Wege und Ziele.
889 4228 3653 4647 Bis sich Uns in bis sich das Lezte der zeigt,
770 4457 3708 4829 Ewige Wruch im Punce und das lezte ist — Tod
