3416 5053
2102 611 2690 922 zu frieden,
327 753 2029 1030 Paya und Mema waru soll
2021 849 2571 1095 hierden,
403 953 615 1087 Die
281 934 1994 1256 Und waren auch Mann und Trh
254 1011 2778 1445 Und wußten jetzt eigentlißlich nicht warum,
231 1233 2824 1645 doch ist das nur nebsttei Ein Witz, etwas du¬
257 1587 2878 1987 Und heute fragten sehr für das kind sie beim Esen?
211 1760 3312 2121 Mein liebes Kind „Hst du in der Schulsheut etwas gegessen?
365 1975 2409 2298 Und außerdem stieb er Theodor,
273 2152 2655 2571 hat seit die gegrüft ein Professor?
265 2563 2475 2890 Und Purdor sprach: die liebe Mutter,
254 2697 2728 3066 Ich aß hat ein Leid, auf dem Bood war be¬
2744 2609 2940 3001 27
227 2943 2117 3301 Geprüft wurd ich heut in Latein.
234 3078 2694 3439 der fahrer sagte: es könnt besser sein.
288 3481 2475 3819 da sagte Paya mit bösen Miener,
288 3623 2740 4000 Du schlimmer, was möchtest du heute werden
361 3819 2655 4223 Warum hast du heute so wenig gewußt;
396 4008 2720 4373 spast du zum Fernen vielleicht könntest:
