7144 5016
749 1196 2523 1512 Und morgen - sehe wir uns wieder
746 1408 2345 1730 Und sahen uns oft und lang
749 1532 2339 1861 Am Tage sang' ich Lieder
736 1710 2392 1986 Wenns nach der Nacht nur lang¬
1001 1892 2197 2181 Du gutes Dännchen
837 2056 2550 2402 Kann konnt’ ich es selber fassen.
837 2305 1979 2594 So glücklich lebt' ich hin¬
837 2500 2167 2755 Und hab sich doch verlassen,
837 2621 2322 2930 Mit lichtem Zugendsinn¬
998 2799 2221 3044 das armes Einuchen
766 2990 2634 3336 So traf mich auf einsamer Wagen
843 3242 2228 3558 Ein Abend mannworm,
880 3313 2648 3666 Mein Liebchen kam mir entgegen
850 3474 2372 3807 An eines andern Gem
1072 3622 2473 3988 Dukluges Armher
1559 3975 2799 4314 Arthur Schnitzler
4801 954 5413 1344 Gisela.
6223 1072 6545 1297 6/7 84
6448 1196 6727 1448 Mühls.
4029 1240 6394 1609 Ich möchte gern dein dunkles Ausbesorgen
4039 1468 6273 1798 Und deinen vielmals heiß geküsster Münd¬
4049 1700 6549 2013 doch will’s mir kaum mit schwerer Müh gelingen
4049 1882 6374 2167 Denk’ ich an unsre nahe Abschiedsstund.
4089 2187 6602 2517 Wenn sich mein Herz mit tiefen Schweigen glaget,
4123 2402 6555 2695 Mills mit den Worten nicht von statten gehe,
4103 2580 6313 2883 Diese sich nur dann bei mir behagel,
4106 2745 6518 3078 Sieht sie zuvor auf meine Sterne stehn.
4052 3041 6223 3373 Von mir die böse Lamme weggefährte
4019 3246 6730 3609 denk' ich an - deinen Bräutigam, mein Kind,
3972 3468 6545 3898 Dann, vielgeliebtes Mädchen aufs ich lächeln
4008 3736 6458 4096 Weils Dinge gibt – die gar zu lustig sind!
4966 4072 5413 4378 tsel
