3624 4632
201 621 1857 881 O Leserin, im Geiste seh
2400 782 2689 963 schnee.
217 782 2203 1045 Wie du dein Schnugstüchf herauszieh,
2328 970 2436 1141 me
233 934 2282 1207 Und denkst — was dir geschehen
237 1088 2811 1368 Du denkast seiner – und du weinst
306 1420 2239 1683 1° Arthur“ höre ich dich sagen,
270 1558 2913 1874 So jung mußt Unglück du ertragen
299 1733 2065 2002 Undach - die zarte Fanny - die
283 1884 2607 2209 So jung schon geküsst eine Totografin.
309 2242 2443 2456 Die Hoch so jung an ihren Jahre
299 2400 2377 2663 So kindisch noch und unerfahr
325 2548 2051 2808 Verlieren musste ihn - o ihn!
342 2692 2673 2988 Für den sie liebend thät erpfähre.
316 2972 2656 3314 doch. will ich dich nicht weiter schrecke
296 3199 2752 3491 Dem Schnupftuch kannst du wieder einstecke
316 3353 2581 3649 Und deiner Thränen trüben Lauf
1522 3547 2176 3777 halte an.
1348 3597 1463 3774 -
358 3597 1315 3843 Ozarter Engel
408 3869 2127 4152 denn ach in ihrem Kinderh
1460 3981 3255 4300 Schmerz bald zu verschmerzen
523 4067 1292 4346 War solch ein
