7048 4568
3903 539 4268 874 Dr S
5411 1047 6791 1321 Doch ich hab den Grün gefunden!
3981 1050 5252 1382 Ei, das ist doch sie klichseltsam,
5382 1237 6660 1430 den an einer Vortrag Dank ist,
3959 1282 5246 1495 daß nur Herr von Rosenblümel
5393 1376 6652 1576 da stand Friedrich Resenblümmel,
3774 1436 5007 1649 Diese Rose in Gesellschaft
5393 1519 6600 1767 An d. Hand die schon Kosa¬
3953 1591 5198 1804 Stets als seine Gottin vorstellt.
5406 1688 6584 1912 Wohlgezählte vier Minuten
3901 1708 5230 1947 Marum sagt Herr Albert Fuhlmann
5459 1814 6684 2045 Vor dem würdigen Rabbines
3887 1906 5167 2123 Mit dem wohlgeschlossen ärte,
5430 1973 6667 2166 Und nun zum entfernen stehe,
3912 2049 5137 2256 Und waren sagt Kund länglich
5452 2091 6758 2321 Vor dem würdigen Rabbme
3846 2175 5078 2414 Mit dem Lockenhaus dem köhnen
5398 2214 6678 2432 Oder rechnos einen Pfeffen
3857 2332 5094 2523 Und waren Herr Jakob Aries
5422 2375 6708 2566 Wohlgegühlte und Minister
3824 2468 5048 2669 Mit dem vielen, meilen Zele
5363 2497 6784 2716 Heißet des in unsrer Sprache.
3816 2601 5187 2818 Und Herr Tück, Gewicht, Herr xxx
5363 2632 6669 2881 Dich. zwei sind jetzt vermählt
3857 2768 5130 2994 Die doch von den schönen Rosa
5331 2792 6552 2997 Deam ist die schöne Kosa
3835 2927 4987 3159 Allehmmt begünstigt werden.
5291 2921 6667 3151 Nicht auch dieses Fühlman Frau
3840 3077 5046 3314 Orten schon gewesen sind.
5293 3046 6689 3301 Mit dem wohlgepflegten Barte
5296 3188 6706 3394 Und das känglich mit den Locken
3838 3249 4954 3492 Mönnchäger diese alle
5298 3316 6732 3505 Und das Mannesmit dem Geld
3853 3397 5055 3664 Nicht dasselbe von der Rosa
5293 3457 6780 3692 Und das Fick und Machs umkauern
3833 3566 5072 3840 Und zurücken Rosenblümeln.
5315 3603 6791 3829 Sondere nur der Rosenblümel
3827 3742 5050 3994 dieses ist auch unsere Frau
5302 3787 6639 4013 Frau ist diese schöne Rosa.
5328 3931 5570 4170 As
