7048 4552
686 803 1372 993 Mofern
683 860 2331 1147 So trage die Unglück mit Gedold.
712 979 2527 1269 kommt ein an tünend Freundershaus,
720 1198 2587 1480 So wird ihr entweder gleich hinaus,
672 1338 2536 1679 Od sei immer durch vorbereitet
683 1500 2971 1802 daß in Dich sehr gern auf die Sache begleitet.
740 1742 2405 1970 Sobald... mein Freund,
757 1887 2744 2172 So stirb; ich hab es dir gut gemeint,
751 2024 2957 2360 Verwehr hierauf – und sei hübsch froh,
751 2220 2767 2593 Dass die das Leben los bist se¬
1674 2542 2160 2872 as-
4190 609 5721 988 Der Strom tritt ausch Ufen.
4235 791 5727 1201 Es achtet neue mein Geist.
4184 951 6091 1349 der Glück ist ihm erschrännete -
4193 1110 6011 1477 Im Vieh des Glück er preist.
4244 1309 5954 1762 Der Strombleibt sein im Bette,
4232 1494 5892 1879 Wenn still die Tage ziehe
4201 1657 6051 2044 doch stürzt es hervor und schämmt
4204 1813 6145 2249 Stürst Wolk am Volk auf ihn.
4730 2203 5707 2604 Arth sehn.
