7208 5048
539 949 1930 1228 Und über den Leib, den bloßen
531 1171 2126 1409 Gießt sich ein wecklicher Glanz
557 1341 2111 1565 Rins um die andere Leichen
511 1501 2140 1765 Diesen im dunkel ganz
572 1831 2305 2060 Noch nehm ich der schwarzen Mantel,
535 1997 2008 2212 Die Messer liegen bereit.
486 2126 2067 2430 bevor ich mein dork beginne.
515 2314 1955 2569 Offe ich das Fenster weit.
621 2602 2391 2881 Und wie es öffne.- und Flutet
605 2800 1950 3066 Die schmeichelnde Luft herein,
636 2969 2206 3194 Schwimmt langham über die Wänk
645 3110 2283 3381 in seltsam bläuliche Schein
638 3445 2228 3683 des Mondes bleiche Strahlen,
645 3597 2296 3883 Kussen die schlimmenden Welt¬
599 3780 2129 4022 Wir schöne es durch die Seele,
643 3971 1805 4229 der Äthere in erhält.
3716 819 5208 1090 Dann nicht ich empor mein Auge
3573 984 5281 1235 Befreit mein Büse sich fühlt -
3824 1158 5444 1418 Ein diftzes Zauch des Frühlings
3835 1288 5468 1558 Wir Stimmen Wange kühlt -
