7576 4984
4772 497 5315 790 Dahin
6093 570 6982 882 22 April 1876
1121 555 1852 836 Traumen
2792 624 3370 890 (zu ungen)
3790 628 5889 1032 Geschwund er ist der sonnen helle Tag,
1675 639 2546 1009 Liebes klage.
3824 847 5850 1159 zu leuchtend das Gestirn herabgeglüß,
674 920 1791 1229 Von Liebe will ich gingen,
3886 967 6254 1302 No lache schäumen. Voll und Wasser lag,
709 1055 1752 1344 die mir das Herze bricht,
3905 1152 6093 1591 Geschwunden ists, wie alles Schöne flicht.
728 1232 2110 1533 Wohl kann ich's derken und fühlen,
774 1402 2095 1714 Noch singen kann ichs nicht
3924 1456 7029 1825 Auf nebeldußerm Throne ruht die Nacht,
1009 1544 2311 1829 – dann nicht die Liebe fingen
3948 1660 6328 2076 In wolkenschwere Schleier eingehüllt
1140 1733 2295 2003 die mir das Herze bricht
3936 1822 6828 2268 Hoch in den Lüften gelt der Sterin und lach,
3951 2033 7044 2449 Jugrauen Tiefen braust das Meer und brüllt.
936 2014 2276 2330 Ich will die Liebe begraben,
963 2199 2230 2465 die mir das Herze bricht
971 2380 2588 2596 Wohl kann ich trauern und weinen,
4032 2357 7052 2773 Es zuckt der Blitz durch nach verhängne Luft
978 2530 2546 2827 Begraben kann ich sie nicht
4078 2569 6647 2950 Er leuchtet: klammend auf, - er soekt hieab
1329 2638 2912 2969 kann nicht die Liebe begraben,
4009 2723 6266 3085 Verschwunden in des Nebels oder Gruft,
1406 2835 2750 3139 die mir das Herze brühte
4025 2865 6921 3320 Und wieder Paris so einsam wie im Gras¬
1148 3123 2627 3439 Ich will die Madrid vergehen
4175 3274 6836 3647 Die schaurig dunkeln Wolker ziehen umher,
1209 3327 2600 3616 die mir das Herze bricht
4129 3458 6736 3801 Schwarz durch die Wogen ihre Schatten kiehn.
1194 3455 2846 3782 Wohl kann sie mich verlassen,
4179 3651 6774 4028 Es brauß so grausenvoll das graun Meer,
1248 3647 2796 3909 Vorgessen kann ich sie nicht
1448 3763 3466 4055 kann nicht die Mord vergessen,
4136 3805 6963 4175 Ob seinem Wasserksauft der Sturm dahin
1614 3932 3023 4302 die mir das Herze bricht
4903 4021 6147 4487 Ethurschnitzler
2723 4286 3185 4502 3/4 1886
1956 4194 2603 4618 A Schüzler.
