7656 5064
4923 894 6608 1080 Neunter Singsang.
4114 1027 4390 1224 30/5
4644 1052 7037 1320 Worin die Herren Professoren
4833 1195 7030 1506 Nicht bleiben allzu ungeschoren.
5699 1370 7373 1556 der Leser wird mit viel bekannt,
5756 1492 7320 1692 Was michtig ist und interessant
4447 1528 6754 1814 Die fünfte Klasse ist sehr schwierig
4429 1685 7008 1921 Und meine Leser gewiss eingierig
4429 1853 6726 2086 Wie Artner in der Schule stand
4422 1993 6862 2297 das will ich ihnen thuen kund.
4472 2343 7137 2608 Bevor ihn mit Monsieur Moriz xxx, 2.
4458 2536 7334 2794 Eine Freundschaft verband, so schrecklich innig,
4483 2672 7130 2891 Hatt einen Freund er, welcher wohl,
4415 2830 7187 3098 Mit seinem Namen hieß Alfred Schnohl¬
4400 3116 7216 3417 Mit welchem er aber, geneigter leser 3.
4404 3316 6962 3560 Ans Gründen wurde böser und bösere
4433 3495 6744 3688 dahinter steckte - ein Unterrock!
4493 3642 6540 3946 Allinng wegen Fanny Flock.
4153 3946 6787 4279 Ernst In den Ferien, jetzt mussichsmelden
6933 4021 7116 4225 4.
5241 4128 5692 4282 Maßen,
4347 4150 6411 4447 Besucht er äußern Helden
