7144 5000
3747 884 4208 1166 1814
4657 963 5486 1287 Therese,
3825 1110 4133 1372 Jàm
4009 1251 5535 1526 Die kühle Morgenwinde wahre sacht
3950 1277 6167 1710 Ich kann noch Hause von durchschwelgtes Nacht.
4022 1588 5492 1949 Die Eindich Pult und finde Bücherin
3943 1791 5728 2099 Wie Abendt, da ich unsig sehr dabei:
3917 1929 6229 2345 Nachglüht die Stimme mit vom Weingenich¬
3904 2142 6193 2551 Noch nur die lippen von Theresius Kuts. -
3855 2404 6200 2843 Nach Flieger meine Sin weg von her. —
5574 2571 5895 2682 war es
3927 2568 6393 2957 Wie war es doch so sehr üppig, fuhr bei dir.
3969 2849 6494 3223 Damastner Vorhang vollte schwer herab.
3979 3033 6616 3383 Wir zwei sein Kindes fragte auf und ab.
3953 3249 5938 3632 Wie schon das Bild in deinem Zimmer war
3996 3439 6347 3707 kanns die Schammgeborne stellt er das
4025 3580 6114 3927 Obmanian, bilte voll Unlamholi
4018 3743 6655 4077 stängt Kenntwandts düstens Bild Anatomie,
4578 3963 4801 4120 bud
4038 4015 4231 4169 Die
3976 3982 6517 4333 Mein Polster ist so kalt. mich fröstell schien.
4330 4202 4578 4313 Bild
4028 4153 6481 4503 Mir, El und warm, Therese, was bei dir!
5970 4343 6399 4608 As
4500 4411 4847 4641 5/1 85
