7539 4888
466 703 2456 985 Denn seit Hamibel gewandelt
459 919 2047 1195 In des Urkosewge Nacht
488 1068 2602 1397 M dem Lünstger Glanz verschwieden
453 1226 2456 1550 Und verfunken deine Pracht
532 1515 2589 1895 Deine stol tagfern Krieger stiegen
418 1730 2231 2110 In das Schattenreich hinab
440 1952 2313 2196 Und das hiegestreitere Roma
421 2091 2560 2478 Cauchze stolz auf deinem Grab.
412 2434 2288 2735 Deine golden Tage liegen
383 2633 2472 2874 In der Zeiten dunkeln Meers
412 2798 2294 3045 Und die Wogen geben immer
396 2950 2234 3337 Das Verschlung von der her¬
472 3270 2405 3571 Auf den Trümmern von Carthago
469 3454 2291 3764 Weht der große Rauerfeld
485 3654 2332 3939 Und er denkt der Emmenden
523 3850 2079 4202 In der Tiefen Unterwelt.
570 4132 2449 4468 Und da sieht er in die Trümer.
599 4363 2243 4728 und da sieht er in die Gut,
3974 694 6151 992 denkt der grauhen Erbmeinden,
3939 935 5983 1223 deren Rache nimmerrucht.
4053 1207 6290 1486 Aus dem morschen Brunnerbaufen
4062 1420 6027 1721 Steigens anstens zu hervor
4046 1610 6588 1889 Räckund und dem Slammenschwerte
4069 1778 6116 2057 Schreiben sie vor Romas Thor.
4094 2129 6255 2370 Und das zieht durch Seigios Seele;
4062 2262 6087 2525 thuungsvoll erhebt sein Mit¬
4062 2446 6230 2700 Ued der Zukunft schwarze Bilder
4081 2608 5967 2903 Steigen aus der Krümmer Glut.
4069 2858 5843 3248 Dich auf, das in Große steht
4062 3134 5884 3416 Unde siegt ai Glavzund-Pracht.
4056 3299 6017 3578 ich auch, Roura mond besorgen
4230 3457 5926 3761 Errymen Einstre Macht.
4310 3841 6002 4249 Arthur Pluitzler.
