7320 4808
1541 381 1848 515 -20-
170 612 2377 902 Ich muß mein ganzes Leben hier verweinen
177 749 2557 1003 Fern von den Freunden in dem deutschen Land,
194 939 2393 1227 Und nichts wird mit den Freundenreich vereinen
174 1093 2062 1357 Denn böse Feinde haben mich verkannt,
211 1260 2076 1491 Sie ließen als Verräter mich erscheinen
211 1380 2463 1655 Ach je in Deutschland hat man mich verkannt.
254 1561 2022 1865 Fürs Vaterland ich keine Mühe scheue,
261 1708 2494 2022 Und dennoch zweifelt man an meiner Treue!
251 1995 2183 2293 Ja, feindlich ist das Schicksal mir gesinnet,
237 2199 2273 2500 Un S wahr ists. Undank ist der Welten Lohn
231 2346 2323 2647 kein einzger Mensch dem Schicksale entrinnet,
261 2517 2697 2794 Und mancher wird ohn Schuld ein Unglückssohn
247 2667 2925 2971 In Deutschland man auf nein derderben sinnet
267 2798 2921 3119 Und immer spricht das feind Geschick nur pohn
251 2988 2895 3292 Öch mächtiger Gott, was soll ich nun beginnen
274 3132 2831 3413 Wenn tausend Feinde mein Verderben sinnen.
274 3463 2430 3707 Ach Gott, o Herr, was sollen mir die Thränen?
261 3627 2099 3874 O Vaterland, ich werd’ dich nimmer sehn!
251 3800 2373 4021 Was wird das Leben hier mir nun verschönen?
207 3961 2149 4232 die deutschen Flurn im Geiste zu besehn
224 4098 2380 4355 doch ach, an alles muß man sich gewöhnen,
251 4265 2149 4552 Und Gott, erhöre mein inbrünstig Rehn;
4897 194 5161 438 as
3603 428 5816 792 doch laß o Gott, noch Freunde für mich fechten.
3650 675 6341 976 Und wend die Herzen meiner Fried zum Rechten.
3697 913 5960 1290 Doch was! Ich soll das Vaterland verlassen,
3697 1150 5853 1387 Vertrieben durch der bösen Feinde Luß,
3697 1327 5772 1604 Soll ich mich sodann Schicksal überlassen.
3697 1494 5813 1758 Sch bin ja meiner Unschuld mir berußt, —
3710 1655 5966 1905 Ich Eheib' bei solcher Frevelthat gelassen!
3764 1808 6448 2079 Schlägt nicht im Herz in dieser Männerbrust?!
3774 1955 6384 2213 Un Dnicht mit Worten will ich mich begnügen.
3760 2139 6337 2410 Schkehr zurück, und sollt ich unterliegen.
4683 2510 5549 2811 Jude.
5508 2911 5916 3132 AS.
