7160 5016
4291 1219 6036 1564 Die Lieb ist ein Naturgesetz.
4094 1586 5569 1950 Die Lieb ist ein Naturgesetz,
4072 1805 5683 2178 Spricht des Herr Doktor weise
4072 1966 5863 2322 durch sie mir bleibt der Weltenbruch
4063 2175 5486 2522 In seinem eigen Gleise.
4083 2378 6027 2697 die Treue hat der Groschendacht,
4086 2555 6127 2916 Er braucht sie in sein Schema,
4047 2744 6288 3141 Und wir wir nicht erhaben stekt,
4075 2977 5808 3350 Elaubt an şolch Theorema.
4036 3208 6138 3627 der reise Doktor, der so sprach
4063 3480 5972 3852 hat sich ein Weib genommen.
4061 3639 6027 4091 Ein Jüngling ist nach Ihr im to¬
3972 3888 5888 4255 wie im Konnern-gekommen.
