7128 5016
6395 459 6572 960 11
3842 664 5714 964 Abeilet part nötres- Erisette.
5254 855 6554 1137 So höre doch! vor Raseren
3814 939 5156 1190 Ob es mich lieben willst, mein Kind,
763 925 2641 1271 Meine Freunde - holla! so! -
5262 999 6575 1335 Gelangweilt schon vom Küssen
3789 1130 4870 1342 Mußt du dir überlegen!
780 1151 2666 1504 Weckten mich mit Lachen.
5290 1190 6561 1497 Hab ich so eines hühten des
3814 1261 5191 1526 bin nicht wie alle Menschen sind.
5272 1370 6678 1667 Das Ohrfast weg gebessen
763 1381 2521 1734 Ei vor wolltehr dann von mir
3789 1430 5113 1684 Allein Kuss bringt keinen Segen?
5311 1540 6794 1843 des zeigt von großen Leute schaft¬
823 1593 2359 1935 Ihr verliebten tollen?
3863 1663 5138 1857 Mein Herr, ich will es uns gestehe -
5318 1737 6653 1953 Und die weise ich zu schätzen,
763 1727 3220 2090 Komm! Wist spät, und müssen schies
3842 1783 4937 1981 Sie haben mir gefallen.
5293 1815 6868 2154 In tiefer der Gefühle Kraft,
3789 1896 5113 2101 Sie... könbe uner den Kopf verdrehe!
2369 2006 2846 2154 Gouvernement avec le
4054 2030 4619 2186 und das sein ich
682 2030 2256 2366 Und nach Hause wollen
3846 2073 5039 2285 — So sprech ich nicht mit allen.
5272 2041 6515 2352 Da höher das Ergegen.
3831 2278 4919 2525 Ohön mir! Vor Seligkeit
5774 2306 6095 2465 hab ich,
742 2207 2740 2620 Und galant l'autill und tut
5346 2260 6829 2560 doch einmal - merk woll, mein Lieb
3831 2433 5021 2648 Begann ich jüngst zu neuen!
5368 2497 6462 2708 So eine kleine. gute
692 2472 2482 2814 Reich ich den zwei Damen.
3842 2539 5142 2776 Wie mag als das, die guteheid
5318 2578 6875 2931 Geliebte, die nicht treu uns blieb,
696 2606 2680 3012 Ach mein Herr, Sie sind so gut,
3824 2719 5060 2970 bei einem Mann erscheinen!
5403 2726 6826 3076 Erwürgt mit kaltem Blute.
685 2874 2426 3256 daß Sie auch heut kamen.
3835 2913 5170 3196 Ich Ach- selber lach ich nicht so gem¬
5375 2966 6780 3252 Ei ei, das ist doch wohl zu viel¬
3821 3083 5053 3330 bicht gar so lustig bin ich
6452 3143 6639 3277 das zur
5862 3164 6303 3309 & scheßen
932 3090 2497 3489 Und nun müssen wir hinaus
5378 3129 6847 3408 Weilnach xyz auf vergeben,
3800 3182 5247 3531 Und just sentimentale Herrn!
5371 3344 6854 3641 Ich ist ist doch kein Rückspiel
720 3432 2158 3715 Auf die Straße wenden;
3782 3439 5074 3690 die lieberhecht und innig!
5438 3510 6784 3817 - Ich will noch lange leben,
731 3517 2765 3913 Einsam mehr ich Narr nach Hans,
5449 3680 6851 4026 Adieu, mein Herr, eingelegt
600 3729 2451 4153 Wohl gezaart die andern.
731 3913 3584 4336 Und wenn liebe froh zum Blichs/ Mitrichteten Handkäls
3951 3891 4997 4280 Es ist der Tod ein Radersspiel
2239 4114 3524 4439 Clophant verschweitet,
3969 4142 5131 4414 kührend schwez — das seh
674 4248 1963 4626 jedoch Paar sich fünkt,
5247 4149 5608 4396 to my
4502 4280 5177 4464 wegen der ist
3948 4315 4393 4495 Erwegen
4587 4333 5671 4612 Herr, nun gestich
3959 4400 4513 4587 Adieu, m
