<?xml version="1.0" encoding="UTF-8" standalone="yes"?>
<PcGts xmlns="http://schema.primaresearch.org/PAGE/gts/pagecontent/2013-07-15" xmlns:xsi="http://www.w3.org/2001/XMLSchema-instance" xsi:schemaLocation="http://schema.primaresearch.org/PAGE/gts/pagecontent/2013-07-15 http://schema.primaresearch.org/PAGE/gts/pagecontent/2013-07-15/pagecontent.xsd">
    <Metadata>
        <Creator>prov=READ-COOP:name=TrHtr:version=2.1.0:model_id=51170:date=28_07_2023_06:51</Creator>
        <Created>2023-05-10T11:15:25.788+02:00</Created>
        <LastChange>2023-07-28T06:51:42.188+02:00</LastChange>
        <TranskribusMetadata docId="1428138" pageId="55385245" pageNr="99" tsid="131322608" status="IN_PROGRESS" userId="64420" imgUrl="https://files.transkribus.eu/Get?id=YRSVLQMFJMGCQINEATGZPPVC&amp;fileType=view" xmlUrl="https://files.transkribus.eu/Get?id=SYVKVLHMFRROZKVAFJTXGVWG" imageId="44660144"/>
    </Metadata>
    <Page imageFilename="1428138_0099.jpg" imageWidth="7672" imageHeight="5416">
        <ReadingOrder>
            <OrderedGroup id="ro_1711823585626" caption="Regions reading order">
                <RegionRefIndexed index="0" regionRef="tr_2"/>
                <RegionRefIndexed index="1" regionRef="tr_1"/>
            </OrderedGroup>
        </ReadingOrder>
        <TextRegion id="tr_2" custom="readingOrder {index:0;}">
            <Coords points="830,1162 3403,1162 3403,4685 830,4685"/>
            <TextLine id="tr_2_tl_1" custom="readingOrder {index:0;}">
                <Coords points="921,1374 1108,1479 1365,1374 1700,1396 2071,1279 2343,1358 2641,1229 2875,1225 2884,1108 2634,1073 2463,1175 1808,1251 1681,1203 1504,1273 937,1137"/>
                <Baseline points="937,1379 1003,1361 1092,1343 1182,1331 1271,1325 1361,1319 1451,1313 1540,1313 1630,1307 1719,1301 1809,1289 1898,1277 1988,1271 2078,1265 2167,1253 2257,1253 2346,1248 2436,1242 2525,1236 2615,1230 2705,1224 2794,1212 2884,1212"/>
                <TextEquiv>
                    <Unicode>Da sprach er aus ein gar verwegen Wort.</Unicode>
                </TextEquiv>
            </TextLine>
            <TextLine id="tr_2_tl_2" custom="readingOrder {index:1;}">
                <Coords points="906,1570 1384,1469 1773,1536 2191,1412 3179,1418 3214,1282 2580,1257 2340,1361 2074,1279 1108,1482 918,1409"/>
                <Baseline points="925,1546 973,1540 1062,1516 1152,1498 1242,1480 1331,1474 1421,1468 1510,1468 1600,1462 1689,1451 1779,1445 1869,1439 1958,1433 2048,1421 2137,1415 2227,1409 2316,1397 2406,1391 2496,1391 2585,1385 2675,1379 2764,1373 2854,1367 2943,1361 3033,1355 3123,1355 3212,1349"/>
                <TextEquiv>
                    <Unicode>und Kind eins vermaght die, Sturm, ein Meer zu wähler</Unicode>
                </TextEquiv>
            </TextLine>
            <TextLine id="tr_2_tl_3" custom="readingOrder {index:2;}">
                <Coords points="956,1688 1225,1634 1510,1738 1694,1662 1776,1735 1893,1634 2473,1659 2596,1555 2964,1529 2973,1409 966,1567"/>
                <Baseline points="973,1671 1003,1666 1092,1654 1182,1636 1271,1630 1361,1624 1451,1618 1540,1624 1630,1618 1719,1618 1809,1606 1898,1600 1988,1594 2078,1588 2167,1582 2257,1576 2346,1570 2436,1558 2525,1546 2615,1540 2705,1528 2794,1522 2884,1510 2973,1516"/>
                <TextEquiv>
                    <Unicode>Dem Seitentpiel hängt an der Hült dort¬</Unicode>
                </TextEquiv>
            </TextLine>
            <TextLine id="tr_2_tl_4" custom="readingOrder {index:3;}">
                <Coords points="921,1821 1580,1878 2115,1726 2599,1821 3220,1776 3293,1561 2710,1536 2470,1659 1893,1634 1770,1735 1688,1659 1510,1735 1387,1665 931,1707"/>
                <Baseline points="943,1797 967,1797 1056,1797 1146,1785 1236,1785 1325,1779 1415,1773 1504,1773 1594,1767 1683,1761 1773,1755 1863,1749 1952,1737 2042,1731 2131,1725 2221,1719 2310,1725 2400,1719 2490,1713 2579,1701 2669,1695 2758,1683 2848,1671 2937,1654 3027,1654 3117,1648 3206,1642 3296,1642"/>
                <TextEquiv>
                    <Unicode>Kauft die auch anderes, lass mit - Hof spielen</Unicode>
                </TextEquiv>
            </TextLine>
            <TextLine id="tr_2_tl_5" custom="readingOrder {index:4;}">
                <Coords points="814,2064 1678,2112 2197,1982 2514,2096 2983,2007 2992,1830 2710,1789 2558,1868 2438,1817 1935,1944 1605,1890 1298,1982 1007,1865 823,1925"/>
                <Baseline points="830,2066 847,2066 937,2060 1027,2054 1116,2048 1206,2042 1295,2036 1385,2030 1474,2024 1564,2012 1654,2012 1743,2006 1833,2000 1922,1988 2012,1982 2101,1970 2191,1970 2281,1964 2370,1958 2460,1958 2549,1952 2639,1946 2728,1940 2818,1934 2908,1922 2997,1910"/>
                <TextEquiv>
                    <Unicode>Laß uns doch schon, wer an uns gerümt</Unicode>
                </TextEquiv>
            </TextLine>
            <TextLine id="tr_2_tl_6" custom="readingOrder {index:5;}">
                <Coords points="855,2229 1270,2296 2283,2226 3074,2140 3081,2055 2723,2011 2473,2096 2207,1995 1640,2140 861,2102"/>
                <Baseline points="871,2209 937,2203 1027,2203 1116,2203 1206,2197 1295,2191 1385,2185 1474,2185 1564,2179 1654,2179 1743,2167 1833,2161 1922,2155 2012,2149 2101,2143 2191,2137 2281,2131 2370,2131 2460,2131 2549,2119 2639,2113 2728,2113 2818,2107 2908,2095 2997,2095 3087,2107"/>
                <TextEquiv>
                    <Unicode>Menns jetzo gilt, aber Treissich zu erstreiten</Unicode>
                </TextEquiv>
            </TextLine>
            <TextLine id="tr_2_tl_7" custom="readingOrder {index:6;}">
                <Coords points="855,2378 1580,2451 1963,2349 2596,2384 2764,2302 3065,2318 3071,2216 2349,2188 1365,2324 858,2264"/>
                <Baseline points="871,2370 925,2370 1015,2370 1104,2370 1194,2364 1283,2358 1373,2358 1462,2352 1552,2352 1642,2346 1731,2346 1821,2340 1910,2334 2000,2328 2089,2322 2179,2316 2269,2310 2358,2304 2448,2304 2537,2298 2627,2292 2716,2292 2806,2287 2896,2287 2985,2287 3075,2287"/>
                <TextEquiv>
                    <Unicode>Vor von uns zwein ein besser Liedersinn,</Unicode>
                </TextEquiv>
            </TextLine>
            <TextLine id="tr_2_tl_8" custom="readingOrder {index:7;}">
                <Coords points="833,2615 1789,2549 2213,2628 3024,2457 3027,2384 2391,2327 1406,2479 1273,2400 1143,2467 842,2429"/>
                <Baseline points="853,2543 877,2537 967,2537 1056,2537 1146,2537 1236,2531 1325,2531 1415,2525 1504,2519 1594,2519 1683,2513 1773,2513 1863,2507 1952,2507 2042,2496 2131,2496 2221,2496 2310,2490 2400,2496 2490,2490 2579,2478 2669,2466 2758,2454 2848,2448 2937,2442 3027,2448"/>
                <TextEquiv>
                    <Unicode>Von Meister ist auf seinen Harf Seiten.</Unicode>
                </TextEquiv>
            </TextLine>
            <TextLine id="tr_2_tl_9" custom="readingOrder {index:8;}">
                <Coords points="845,2815 1779,2742 1887,2815 2251,2717 2508,2815 2672,2694 3179,2713 3182,2593 3011,2647 2413,2555 1374,2707 1007,2625 852,2682"/>
                <Baseline points="865,2770 949,2764 1039,2758 1128,2758 1218,2758 1307,2758 1397,2758 1486,2752 1576,2752 1666,2746 1755,2740 1845,2734 1934,2728 2024,2722 2113,2716 2203,2710 2292,2710 2382,2710 2472,2699 2561,2693 2651,2687 2740,2681 2830,2681 2919,2675 3009,2681 3099,2681 3188,2693"/>
                <TextEquiv>
                    <Unicode>Wer sich mit uns auch mehr - es thatens viel.</Unicode>
                </TextEquiv>
            </TextLine>
            <TextLine id="tr_2_tl_10" custom="readingOrder {index:9;}">
                <Coords points="833,2967 2004,2881 2277,2945 3040,2831 3236,2913 3378,2856 3382,2755 2777,2691 2574,2815 2330,2729 1954,2840 1798,2751 1358,2869 839,2818"/>
                <Baseline points="853,2943 877,2943 967,2925 1056,2919 1146,2919 1236,2925 1325,2919 1415,2914 1504,2908 1594,2902 1683,2902 1773,2890 1863,2884 1952,2878 2042,2872 2131,2872 2221,2866 2310,2860 2400,2854 2490,2854 2579,2848 2669,2848 2758,2836 2848,2836 2937,2830 3027,2824 3117,2818 3206,2824 3296,2830 3385,2830"/>
                <TextEquiv>
                    <Unicode>Nach welchen Klagen auch mein Liederklange</Unicode>
                </TextEquiv>
            </TextLine>
            <TextLine id="tr_2_tl_11" custom="readingOrder {index:10;}">
                <Coords points="852,3135 1244,3090 1653,3173 2520,3049 2767,3138 3024,3078 3033,2910 2508,2875 2080,3024 1437,2916 1241,3024 1048,2938 861,2992"/>
                <Baseline points="871,3099 889,3111 979,3099 1068,3093 1158,3087 1248,3087 1337,3087 1427,3087 1516,3081 1606,3075 1695,3069 1785,3063 1874,3057 1964,3051 2054,3045 2143,3045 2233,3039 2322,3033 2412,3021 2501,3015 2591,3009 2681,3003 2770,2997 2860,2997 2949,2991 3039,2997"/>
                <TextEquiv>
                    <Unicode>Stets habe ich mit meinen Seitenspiel,</Unicode>
                </TextEquiv>
            </TextLine>
            <TextLine id="tr_2_tl_12" custom="readingOrder {index:11;}">
                <Coords points="836,3299 1466,3347 2514,3195 2786,3274 3046,3230 3052,3112 2099,3093 1596,3211 1241,3090 839,3204"/>
                <Baseline points="853,3278 907,3272 997,3260 1086,3254 1176,3254 1265,3248 1355,3248 1445,3242 1534,3242 1624,3236 1713,3230 1803,3224 1892,3218 1982,3206 2072,3206 2161,3200 2251,3194 2340,3188 2430,3182 2519,3182 2609,3176 2699,3170 2788,3164 2878,3164 2967,3170 3057,3182"/>
                <TextEquiv>
                    <Unicode>den Sängergens, den ersten mir erringer¬</Unicode>
                </TextEquiv>
            </TextLine>
            <TextLine id="tr_2_tl_13" custom="readingOrder {index:12;}">
                <Coords points="915,3540 1919,3559 2109,3442 3138,3442 3211,3309 2584,3274 2476,3363 2115,3318 1871,3404 1757,3287 925,3407"/>
                <Baseline points="931,3523 973,3517 1062,3511 1152,3505 1242,3493 1331,3487 1421,3487 1510,3475 1600,3475 1689,3469 1779,3463 1869,3451 1958,3445 2048,3439 2137,3433 2227,3433 2316,3427 2406,3421 2496,3415 2585,3403 2675,3397 2764,3397 2854,3391 2943,3391 3033,3391 3123,3397 3212,3409"/>
                <TextEquiv>
                    <Unicode>Seit dass ich Luft, seis daß ich Trenner son¬</Unicode>
                </TextEquiv>
            </TextLine>
            <TextLine id="tr_2_tl_14" custom="readingOrder {index:13;}">
                <Coords points="915,3714 1301,3670 1472,3755 1985,3654 2359,3743 2641,3594 3169,3613 3179,3439 2856,3394 2641,3521 2391,3467 2140,3556 1602,3508 1336,3622 918,3600"/>
                <Baseline points="931,3678 943,3678 1033,3672 1122,3672 1212,3660 1301,3654 1391,3648 1480,3642 1570,3642 1660,3636 1749,3636 1839,3630 1928,3630 2018,3630 2107,3624 2197,3630 2287,3624 2376,3612 2466,3606 2555,3594 2645,3588 2734,3582 2824,3576 2914,3564 3003,3564 3093,3564 3182,3570"/>
                <TextEquiv>
                    <Unicode>daß mein Harb' in einiggeschlossene Räume</Unicode>
                </TextEquiv>
            </TextLine>
            <TextLine id="tr_2_tl_15" custom="readingOrder {index:14;}">
                <Coords points="902,3850 1916,3777 2201,3860 2565,3755 2789,3818 2837,3676 2650,3594 2324,3749 1998,3657 1586,3686 1475,3758 1241,3667 906,3746"/>
                <Baseline points="919,3815 961,3815 1050,3809 1140,3797 1230,3791 1319,3785 1409,3785 1498,3779 1588,3779 1677,3779 1767,3779 1857,3773 1946,3779 2036,3779 2125,3779 2215,3773 2304,3773 2394,3767 2484,3755 2573,3749 2663,3744 2752,3744 2842,3749"/>
                <TextEquiv>
                    <Unicode>des Fürstensaals, des prächtigen erklang,</Unicode>
                </TextEquiv>
            </TextLine>
            <TextLine id="tr_2_tl_16" custom="readingOrder {index:15;}">
                <Coords points="937,3958 1966,4050 2267,3920 3144,3901 3147,3803 2846,3784 2713,3879 2011,3812 1884,3907 1665,3809 940,3872"/>
                <Baseline points="955,3941 1003,3941 1092,3929 1182,3929 1271,3923 1361,3929 1451,3929 1540,3929 1630,3929 1719,3929 1809,3929 1898,3929 1988,3929 2078,3929 2167,3923 2257,3917 2346,3923 2436,3917 2525,3905 2615,3905 2705,3899 2794,3893 2884,3887 2973,3887 3063,3887 3152,3887"/>
                <TextEquiv>
                    <Unicode>Sei's zwischen dieses Himmel, blauem Saume,</Unicode>
                </TextEquiv>
            </TextLine>
            <TextLine id="tr_2_tl_17" custom="readingOrder {index:16;}">
                <Coords points="937,4233 1380,4170 1523,4252 1707,4157 1846,4233 2172,4138 2843,4208 2995,4160 3002,4018 2615,4072 2270,3920 1919,4113 1748,4040 940,4110"/>
                <Baseline points="955,4191 1033,4197 1122,4191 1212,4185 1301,4179 1391,4173 1480,4173 1570,4167 1660,4162 1749,4156 1839,4156 1928,4156 2018,4150 2107,4144 2197,4132 2287,4132 2376,4132 2466,4132 2555,4126 2645,4126 2734,4126 2824,4126 2914,4126 3003,4132"/>
                <TextEquiv>
                    <Unicode>Stets war ich tiegen: — Und ich sollte jetzt</Unicode>
                </TextEquiv>
            </TextLine>
            <TextLine id="tr_2_tl_18" custom="readingOrder {index:17;}">
                <Coords points="918,4395 1719,4414 1871,4328 2182,4414 2542,4293 2698,4363 3315,4309 3350,4221 925,4227"/>
                <Baseline points="937,4376 1027,4359 1116,4353 1206,4347 1295,4341 1385,4335 1474,4341 1564,4335 1654,4323 1743,4323 1833,4317 1922,4311 2012,4311 2101,4305 2191,4299 2281,4293 2370,4281 2460,4281 2549,4281 2639,4281 2728,4281 2818,4275 2908,4269 2997,4269 3087,4263 3176,4263 3266,4263 3355,4269"/>
                <TextEquiv>
                    <Unicode>Mit dir den Wettkampf Stuwand nicht zerinnen</Unicode>
                </TextEquiv>
            </TextLine>
            <TextLine id="tr_2_tl_19" custom="readingOrder {index:18;}">
                <Coords points="931,4547 1222,4607 1586,4477 1992,4528 2188,4464 2539,4578 2704,4452 3122,4487 3261,4426 3268,4287 2178,4414 1919,4331 1694,4430 934,4392"/>
                <Baseline points="949,4514 1033,4508 1122,4496 1212,4484 1301,4484 1391,4472 1480,4472 1570,4472 1660,4460 1749,4454 1839,4454 1928,4448 2018,4442 2107,4448 2197,4448 2287,4448 2376,4448 2466,4442 2555,4448 2645,4442 2734,4442 2824,4442 2914,4436 3003,4430 3093,4424 3182,4418 3272,4412"/>
                <TextEquiv>
                    <Unicode>Stimmst die ihn auf? - Wenn dann, spiel die zuletzt.</Unicode>
                </TextEquiv>
            </TextLine>
            <TextLine id="tr_2_tl_20" custom="readingOrder {index:19;}">
                <Coords points="925,4692 1260,4746 1558,4623 1931,4743 2783,4594 2967,4708 3119,4597 3394,4610 3397,4490 2720,4452 2542,4575 1697,4490 1238,4607 931,4547"/>
                <Baseline points="943,4675 985,4669 1074,4663 1164,4645 1253,4639 1343,4627 1433,4621 1522,4615 1612,4609 1701,4603 1791,4603 1880,4603 1970,4603 2060,4603 2149,4609 2239,4609 2328,4609 2418,4603 2507,4603 2597,4597 2687,4597 2776,4591 2866,4591 2955,4591 3045,4585 3134,4585 3224,4580 3314,4580 3403,4574"/>
                <TextEquiv>
                    <Unicode>Um mich an! - Ich will mein vier beginnere,</Unicode>
                </TextEquiv>
            </TextLine>
        </TextRegion>
        <TextRegion id="tr_1" custom="readingOrder {index:1;}">
            <Coords points="3702,1006 7362,1006 7362,4458 3702,4458"/>
            <TextLine id="tr_1_tl_1" custom="readingOrder {index:0;}">
                <Coords points="3714,1200 4879,1089 5028,1181 5804,1058 6025,1140 6051,982 5421,915 5265,1013 5034,944 4392,1045 3720,1023"/>
                <Baseline points="3732,1170 3815,1158 3905,1140 3994,1128 4084,1122 4173,1116 4263,1116 4353,1110 4442,1104 4532,1104 4621,1104 4711,1104 4800,1098 4890,1092 4980,1092 5069,1086 5159,1086 5248,1086 5338,1080 5427,1080 5517,1074 5607,1068 5696,1062 5786,1062 5875,1056 5965,1056 6054,1062"/>
                <TextEquiv>
                    <Unicode>Und er beginnt die Wagen bleiben still,</Unicode>
                </TextEquiv>
            </TextLine>
            <TextLine id="tr_1_tl_2" custom="readingOrder {index:1;}">
                <Coords points="3682,1346 3844,1323 3939,1418 4379,1270 4791,1320 4996,1238 5915,1333 5927,1111 5715,1058 4781,1210 4493,1115 4293,1213 3689,1206"/>
                <Baseline points="3702,1331 3779,1313 3869,1301 3958,1289 4048,1283 4138,1277 4227,1271 4317,1265 4406,1265 4496,1259 4585,1253 4675,1253 4765,1248 4854,1248 4944,1236 5033,1236 5123,1230 5212,1236 5302,1230 5392,1224 5481,1212 5571,1206 5660,1200 5750,1206 5839,1200 5929,1206"/>
                <TextEquiv>
                    <Unicode>des Hofner Sturm recht butlos in den Lüfter,</Unicode>
                </TextEquiv>
            </TextLine>
            <TextLine id="tr_1_tl_3" custom="readingOrder {index:2;}">
                <Coords points="3720,1447 3923,1488 4639,1396 4943,1463 5215,1365 5421,1403 5427,1295 5123,1314 4987,1241 4591,1349 4284,1314 4138,1365 3989,1285 3727,1333"/>
                <Baseline points="3738,1445 3809,1433 3899,1433 3988,1427 4078,1421 4167,1421 4257,1415 4347,1409 4442,1404 4442,1404 4538,1403 4627,1397 4717,1391 4806,1385 4896,1379 4986,1367 5075,1367 5165,1367 5254,1355 5344,1349 5433,1337"/>
                <TextEquiv>
                    <Unicode>Er hat gehört, was der de unter will,</Unicode>
                </TextEquiv>
            </TextLine>
            <TextLine id="tr_1_tl_4" custom="readingOrder {index:3;}">
                <Coords points="4211,1475 4233,1475 4243,1485 4255,1479 4274,1494 4312,1482 4328,1466 4363,1482 4373,1475 4433,1491 4439,1406 4385,1409 4338,1437 4214,1437"/>
                <Baseline points="4227,1462 4263,1468 4353,1462 4444,1449"/>
                <TextEquiv>
                    <Unicode>ment</Unicode>
                </TextEquiv>
            </TextLine>
            <TextLine id="tr_1_tl_5" custom="readingOrder {index:4;}">
                <Coords points="3711,1646 4968,1646 5322,1513 6108,1583 6139,1425 5509,1311 4924,1488 4629,1393 4303,1498 3717,1447"/>
                <Baseline points="3732,1600 3815,1588 3905,1576 3994,1570 4084,1564 4173,1552 4263,1552 4353,1552 4442,1546 4532,1540 4621,1540 4711,1534 4800,1528 4890,1522 4980,1516 5069,1510 5159,1510 5248,1504 5338,1504 5427,1498 5517,1492 5607,1486 5696,1480 5786,1486 5875,1516 5965,1528 6054,1540 6144,1552"/>
                <TextEquiv>
                    <Unicode>Und lächeben lauscht ein zwischen Unbeldüften.</Unicode>
                </TextEquiv>
            </TextLine>
            <TextLine id="tr_1_tl_6" custom="readingOrder {index:5;}">
                <Coords points="3765,1817 3999,1764 4246,1849 4328,1773 4604,1741 4873,1827 5072,1710 5212,1789 5303,1710 5626,1741 5690,1618 5563,1551 5281,1662 5139,1596 3771,1684"/>
                <Baseline points="3785,1785 3809,1785 3899,1767 3988,1761 4078,1749 4167,1749 4257,1749 4347,1749 4436,1737 4526,1737 4615,1737 4705,1725 4794,1725 4884,1713 4974,1713 5063,1707 5153,1701 5242,1701 5332,1695 5421,1695 5511,1695 5601,1701 5690,1695"/>
                <TextEquiv>
                    <Unicode>Und Conkhet auf des stolzen Sängers Lied</Unicode>
                </TextEquiv>
            </TextLine>
            <TextLine id="tr_1_tl_7" custom="readingOrder {index:6;}">
                <Coords points="3752,1969 4056,2001 5300,1846 5778,1890 5908,1855 5915,1656 5433,1789 5003,1751 4873,1833 4680,1757 4344,1862 3758,1824"/>
                <Baseline points="3773,1916 3851,1910 3941,1904 4030,1898 4120,1898 4209,1898 4299,1898 4388,1892 4478,1886 4568,1880 4657,1880 4747,1874 4836,1869 4926,1863 5015,1857 5105,1851 5195,1851 5284,1845 5374,1845 5463,1845 5553,1845 5642,1851 5732,1845 5822,1845 5915,1853"/>
                <TextEquiv>
                    <Unicode>Das heltsam vortönt aus des Mannes Bransen</Unicode>
                </TextEquiv>
            </TextLine>
            <TextLine id="tr_1_tl_8" custom="readingOrder {index:7;}">
                <Coords points="4778,1988 4860,1979 4879,1998 4936,1969 4958,1979 5015,1960 5066,1998 5098,1976 5186,1998 5193,1897 5164,1884 5145,1897 5107,1871 5025,1912 4996,1900 4936,1912 4905,1893 4781,1938"/>
                <Baseline points="4800,1964 4836,1958 4926,1952 5015,1946 5105,1946 5195,1940"/>
                <TextEquiv>
                    <Unicode>Pour Vous préparaient</Unicode>
                </TextEquiv>
            </TextLine>
            <TextLine id="tr_1_tl_9" custom="readingOrder {index:8;}">
                <Coords points="3793,2077 4053,2159 4230,2058 4889,2042 5148,2144 5417,2011 5731,2011 5737,1859 5322,1859 5072,1998 4566,1893 4214,2017 3796,1938"/>
                <Baseline points="3809,2060 3815,2060 3905,2054 3994,2048 4084,2042 4173,2048 4263,2042 4353,2042 4442,2036 4532,2030 4621,2030 4711,2036 4800,2036 4890,2030 4980,2030 5069,2024 5159,2018 5248,2018 5338,2012 5431,2008 5431,2008 5523,2000 5613,2000 5702,2006 5739,2033"/>
                <TextEquiv>
                    <Unicode>Wie wenn haben ein grau Gewitter zur</Unicode>
                </TextEquiv>
            </TextLine>
            <TextLine id="tr_1_tl_10" custom="readingOrder {index:9;}">
                <Coords points="5417,2083 5509,2093 5547,2131 5576,2125 5592,2140 5642,2102 5658,2121 5680,2115 5696,2131 5731,2118 5734,2011 5617,2033 5601,2017 5560,2020 5541,2004 5512,2030 5481,2004 5421,2011"/>
                <Baseline points="5439,2046 5463,2048 5553,2054 5642,2060 5739,2033"/>
                <TextEquiv>
                    <Unicode>e e</Unicode>
                </TextEquiv>
            </TextLine>
            <TextLine id="tr_1_tl_11" custom="readingOrder {index:10;}">
                <Coords points="5725,2080 5778,2083 5791,2074 5807,2083 5845,2080 5861,2093 5905,2083 5915,2093 5956,2096 5943,1944 5896,1954 5867,1941 5861,1954 5816,1919 5766,1935 5740,1919 5709,1922"/>
                <Baseline points="5739,2033 5833,2048 5923,2054 5959,2054"/>
                <TextEquiv>
                    <Unicode>st</Unicode>
                </TextEquiv>
            </TextLine>
            <TextLine id="tr_1_tl_12" custom="readingOrder {index:11;}">
                <Coords points="3774,2242 4455,2172 4661,2242 4867,2175 5120,2283 5215,2216 5414,2277 5652,2197 5867,2239 5820,2077 4924,2147 4547,2071 4046,2163 3774,2077"/>
                <Baseline points="3791,2203 3815,2197 3905,2191 3994,2185 4084,2185 4173,2179 4263,2173 4353,2173 4442,2173 4532,2167 4621,2167 4711,2173 4800,2173 4890,2173 4980,2173 5069,2179 5159,2179 5248,2179 5338,2179 5427,2179 5517,2167 5607,2167 5696,2173 5786,2179 5875,2167"/>
                <TextEquiv>
                    <Unicode>Wie wenn ertönet ferner Monts Teufen</Unicode>
                </TextEquiv>
            </TextLine>
            <TextLine id="tr_1_tl_13" custom="readingOrder {index:12;}">
                <Coords points="4287,2305 4423,2283 4835,2321 4962,2264 5047,2277 5050,2220 5006,2197 4905,2216 4854,2172 4680,2235 4442,2172 4319,2254 4290,2239"/>
                <Baseline points="4305,2292 4341,2287 4430,2281 4520,2275 4609,2281 4699,2281 4789,2275 4878,2269 4968,2263 5057,2263"/>
                <TextEquiv>
                    <Unicode>cœur avec</Unicode>
                </TextEquiv>
            </TextLine>
            <TextLine id="tr_1_tl_14" custom="readingOrder {index:13;}">
                <Coords points="3834,2448 4455,2511 4797,2403 5804,2397 5896,2264 5747,2299 5649,2223 5265,2334 4531,2337 4236,2261 3837,2327"/>
                <Baseline points="3851,2424 3929,2418 4018,2412 4108,2406 4197,2406 4287,2406 4376,2406 4466,2400 4556,2400 4645,2400 4735,2400 4824,2400 4914,2400 5003,2394 5093,2394 5183,2394 5272,2388 5362,2388 5451,2382 5541,2376 5630,2370 5720,2364 5810,2358 5899,2352"/>
                <TextEquiv>
                    <Unicode>Und stärker wird in schwellenden Oacord</Unicode>
                </TextEquiv>
            </TextLine>
            <TextLine id="tr_1_tl_15" custom="readingOrder {index:14;}">
                <Coords points="3856,2587 4705,2558 4917,2653 5310,2530 5452,2637 5747,2517 6298,2498 6304,2340 5107,2406 4889,2505 4737,2425 4420,2527 3860,2460"/>
                <Baseline points="3875,2573 3887,2567 3976,2567 4066,2561 4156,2561 4245,2561 4335,2561 4424,2555 4514,2555 4603,2555 4693,2549 4783,2543 4872,2537 4962,2531 5051,2531 5141,2531 5230,2531 5320,2525 5410,2531 5499,2525 5589,2519 5678,2513 5768,2513 5857,2507 5947,2501 6037,2501 6126,2496 6216,2490 6305,2490"/>
                <TextEquiv>
                    <Unicode>Wie wenn ein Blatz des Auge zu erkend bleucht</Unicode>
                </TextEquiv>
            </TextLine>
            <TextLine id="tr_1_tl_16" custom="readingOrder {index:15;}">
                <Coords points="5129,2631 5155,2631 5161,2641 5186,2644 5208,2631 5234,2637 5246,2628 5256,2637 5278,2634 5294,2647 5316,2647 5319,2530 5303,2530 5281,2549 5253,2539 5170,2590 5161,2577 5132,2577"/>
                <Baseline points="5147,2621 5230,2615 5320,2615"/>
                <TextEquiv>
                    <Unicode>3</Unicode>
                </TextEquiv>
            </TextLine>
            <TextLine id="tr_1_tl_17" custom="readingOrder {index:16;}">
                <Coords points="4474,2641 4502,2650 4547,2644 4575,2663 4597,2650 4610,2666 4680,2631 4708,2663 4756,2647 4756,2609 4686,2599 4654,2574 4632,2584 4594,2555 4525,2596 4474,2599"/>
                <Baseline points="4490,2639 4580,2633 4669,2633 4759,2633"/>
                <TextEquiv>
                    <Unicode>receuil de</Unicode>
                </TextEquiv>
            </TextLine>
            <TextLine id="tr_1_tl_18" custom="readingOrder {index:17;}">
                <Coords points="6776,2713 6858,2720 6899,2675 6953,2675 7004,2707 7032,2698 7092,2748 7232,2625 7355,2612 7352,2520 7308,2530 7241,2495 7105,2561 6985,2533 6773,2571"/>
                <Baseline points="6789,2633 6878,2633 6968,2645 7058,2639 7147,2639 7237,2639 7326,2651 7362,2651"/>
                <TextEquiv>
                    <Unicode>habe 11/7</Unicode>
                </TextEquiv>
            </TextLine>
            <TextLine id="tr_1_tl_19" custom="readingOrder {index:18;}">
                <Coords points="3809,2742 3964,2805 4772,2701 5880,2720 6120,2666 6124,2524 5658,2542 5383,2663 3812,2599"/>
                <Baseline points="3827,2722 3887,2722 3976,2716 4066,2716 4156,2716 4245,2716 4335,2716 4424,2716 4514,2710 4603,2705 4693,2705 4783,2699 4872,2699 4962,2693 5051,2693 5141,2693 5230,2687 5320,2687 5410,2687 5499,2681 5589,2675 5678,2675 5768,2669 5857,2663 5947,2663 6037,2663 6126,2663"/>
                <TextEquiv>
                    <Unicode>Jetzt sollt, wie Donner düstres Mort¬</Unicode>
                </TextEquiv>
            </TextLine>
            <TextLine id="tr_1_tl_20" custom="readingOrder {index:19;}">
                <Coords points="3803,2919 4053,2983 4170,2900 4702,2875 5183,3005 5617,2998 5908,2859 6079,2884 6082,2713 5687,2802 5006,2701 4749,2783 3806,2796"/>
                <Baseline points="3821,2878 3845,2878 3935,2884 4024,2884 4114,2884 4203,2884 4293,2878 4382,2872 4472,2866 4562,2854 4651,2854 4741,2854 4830,2854 4920,2854 5009,2848 5099,2854 5189,2854 5278,2848 5368,2848 5457,2848 5547,2848 5636,2848 5726,2854 5816,2848 5905,2848 5995,2842 6084,2842"/>
                <TextEquiv>
                    <Unicode>Jetzt istes verhällt – der Sänger hat geendet.</Unicode>
                </TextEquiv>
            </TextLine>
            <TextLine id="tr_1_tl_21" custom="readingOrder {index:20;}">
                <Coords points="4290,3011 4373,3021 4430,2998 4471,3040 4585,3033 4648,3065 4740,3005 4781,3017 4822,2989 4886,3027 4943,3005 4943,2948 4854,2948 4756,2878 4398,2929 4293,2903"/>
                <Baseline points="4311,2991 4323,2991 4412,2991 4502,2997 4591,2997 4681,2997 4771,2991 4860,2991 4950,2985"/>
                <TextEquiv>
                    <Unicode>re</Unicode>
                </TextEquiv>
            </TextLine>
            <TextLine id="tr_1_tl_22" custom="readingOrder {index:21;}">
                <Coords points="6773,3074 6842,3071 6906,3112 6975,3093 7023,3119 7159,3055 7229,3087 7232,2789 7197,2774 7092,2805 6966,2770 6858,2796 6776,2789"/>
                <Baseline points="6789,2997 6878,3003 6968,3003 7058,3003 7147,3003 7237,2991"/>
                <TextEquiv>
                    <Unicode>John J.C.</Unicode>
                </TextEquiv>
            </TextLine>
            <TextLine id="tr_1_tl_23" custom="readingOrder {index:22;}">
                <Coords points="3860,3230 4221,3169 4426,3245 5003,3100 5180,3179 5845,3122 6117,3087 6120,2992 5940,2884 5706,3024 5531,2951 4284,3106 3869,3046"/>
                <Baseline points="3881,3188 3887,3188 3976,3188 4066,3176 4156,3164 4245,3158 4335,3146 4424,3134 4514,3128 4603,3123 4693,3117 4783,3111 4872,3105 4962,3099 5051,3093 5141,3093 5230,3093 5320,3093 5410,3087 5499,3087 5589,3081 5678,3081 5768,3087 5857,3081 5947,3081 6037,3075 6126,3081"/>
                <TextEquiv>
                    <Unicode>Nun greht gemach der Herfner Stunde heran¬</Unicode>
                </TextEquiv>
            </TextLine>
            <TextLine id="tr_1_tl_24" custom="readingOrder {index:23;}">
                <Coords points="3850,3366 4281,3407 4417,3312 4895,3299 5129,3385 5528,3353 5728,3249 5889,3328 6038,3302 6048,3100 5478,3122 5231,3245 5145,3173 4426,3264 4208,3166 3853,3264"/>
                <Baseline points="3869,3326 3899,3326 3988,3326 4078,3326 4167,3320 4257,3320 4347,3314 4436,3308 4526,3308 4615,3302 4705,3296 4794,3290 4884,3290 4974,3290 5063,3284 5153,3278 5242,3278 5332,3272 5421,3260 5511,3260 5601,3254 5690,3248 5780,3242 5869,3242 5959,3242 6048,3248"/>
                <TextEquiv>
                    <Unicode>Sohne Flieht vor ihm den Wagen blau Gedränge.</Unicode>
                </TextEquiv>
            </TextLine>
            <TextLine id="tr_1_tl_25" custom="readingOrder {index:24;}">
                <Coords points="3860,3546 4350,3515 4506,3584 4661,3489 4822,3575 5034,3451 5332,3508 5763,3445 5766,3337 5329,3321 5113,3394 4898,3302 4525,3410 4414,3359 4154,3426 3986,3353 3866,3407"/>
                <Baseline points="3881,3493 3887,3493 3976,3487 4066,3487 4156,3487 4245,3481 4335,3481 4424,3475 4514,3475 4603,3469 4693,3463 4783,3457 4872,3451 4962,3451 5051,3451 5141,3445 5230,3445 5320,3445 5410,3439 5499,3433 5589,3433 5678,3427 5768,3421"/>
                <TextEquiv>
                    <Unicode>Aerfolger auftes, höre was ich kann</Unicode>
                </TextEquiv>
            </TextLine>
            <TextLine id="tr_1_tl_26" custom="readingOrder {index:25;}">
                <Coords points="3818,3752 4176,3654 4582,3730 4974,3616 5291,3705 5503,3619 5972,3673 5981,3397 5281,3534 5041,3448 4822,3575 4648,3489 4506,3584 4347,3515 4091,3597 3999,3518 3825,3591"/>
                <Baseline points="3839,3660 3923,3654 4012,3648 4102,3648 4191,3642 4281,3636 4371,3636 4460,3630 4550,3618 4639,3618 4729,3618 4818,3612 4908,3612 4998,3612 5087,3612 5177,3606 5266,3606 5356,3600 5445,3594 5535,3594 5624,3588 5714,3588 5804,3588 5893,3588 5983,3582"/>
                <TextEquiv>
                    <Unicode>hier meines Hause wundersame Klänge</Unicode>
                </TextEquiv>
            </TextLine>
            <TextLine id="tr_1_tl_27" custom="readingOrder {index:26;}">
                <Coords points="3907,3942 4749,3967 4943,3869 5303,3983 5579,3844 6120,3844 6127,3727 5313,3682 4835,3784 4195,3667 3917,3746"/>
                <Baseline points="3923,3917 3982,3899 4072,3899 4162,3899 4251,3899 4341,3905 4430,3899 4520,3893 4609,3881 4699,3881 4789,3875 4878,3869 4968,3863 5057,3863 5147,3857 5236,3857 5326,3851 5416,3845 5505,3839 5595,3833 5684,3827 5774,3827 5863,3821 5953,3821 6042,3815 6132,3809"/>
                <TextEquiv>
                    <Unicode>Wie's in der GroßHauf schallt und tönt</Unicode>
                </TextEquiv>
            </TextLine>
            <TextLine id="tr_1_tl_28" custom="readingOrder {index:27;}">
                <Coords points="3907,4097 4376,4069 4661,4154 4917,4031 6253,4012 6304,3917 5516,3869 5278,3986 4946,3866 4794,3964 3910,3983"/>
                <Baseline points="3923,4072 3976,4066 4066,4066 4156,4060 4245,4060 4335,4060 4424,4060 4514,4048 4603,4042 4693,4030 4783,4024 4872,4024 4962,4024 5051,4024 5141,4024 5230,4024 5320,4018 5410,4006 5499,4006 5589,4000 5678,3994 5768,3994 5857,3988 5947,3988 6037,3988 6126,3988 6216,3982 6305,3994"/>
                <TextEquiv>
                    <Unicode>Und überbracht des Meeres tolles Scheunen</Unicode>
                </TextEquiv>
            </TextLine>
            <TextLine id="tr_1_tl_29" custom="readingOrder {index:28;}">
                <Coords points="3907,4306 4623,4230 4946,4347 5155,4255 5259,4290 5392,4189 5576,4268 5848,4186 5854,4034 5512,4122 5218,4034 4699,4160 4445,4103 3917,4141"/>
                <Baseline points="3929,4239 3976,4239 4066,4239 4156,4233 4245,4233 4335,4227 4424,4227 4514,4227 4603,4221 4693,4215 4783,4209 4872,4203 4962,4197 5051,4197 5141,4191 5230,4191 5320,4185 5410,4179 5499,4173 5589,4167 5678,4162 5768,4162 5857,4167"/>
                <TextEquiv>
                    <Unicode>Mir es den einen Erbesohnsverhöfe</Unicode>
                </TextEquiv>
            </TextLine>
            <TextLine id="tr_1_tl_30" custom="readingOrder {index:29;}">
                <Coords points="3923,4490 4879,4433 5231,4550 5769,4354 6323,4398 6355,4278 6092,4306 5921,4202 4955,4347 4765,4246 4452,4335 4198,4255 3929,4303"/>
                <Baseline points="3941,4448 4030,4430 4120,4424 4209,4418 4299,4418 4388,4406 4478,4406 4568,4406 4657,4400 4747,4394 4836,4394 4926,4394 5015,4388 5105,4388 5195,4388 5284,4376 5374,4376 5463,4365 5553,4359 5642,4353 5732,4353 5822,4347 5911,4347 6001,4347 6090,4347 6180,4347 6269,4353 6359,4353 6365,4347"/>
                <TextEquiv>
                    <Unicode>Und ihn erweckt aus seinen kühnen Trämmen</Unicode>
                </TextEquiv>
            </TextLine>
        </TextRegion>
    </Page>
</PcGts>
