7144 5000
3728 727 4121 986 1 6?
4818 1406 5333 1608 Apathie.
4424 1719 6309 1978 Von sießem Weine trank ich Glas um Glas;
4442 1916 6298 2123 Die trüben Sinne konnt’ ich nicht berauschen.
4437 2040 6265 2244 Ein holdes Kind an meiner Seite saß,
4442 2172 6311 2395 doch ihren Worten mußt' ich nicht zu lauschen.
4414 2397 6252 2633 Ein lustig Singen schallte um mich her¬
4424 2537 6506 2736 Mir war es nichts als ein Gewirr von Tönen.
4442 2677 6355 2889 Mein Auge tauchen in ein Lichtermeer,
4432 2814 6449 3034 War allzu müd, daran sich zu gewöhnen.
4424 3026 6117 3228 Und Alles lebte. Alles freute sich,
4466 3189 6485 3409 Mauch Herzenskranken sah ich nie gesunden
3886 3246 4367 3477 das Kind.
4453 3316 6462 3484 Die Meid an meiner Seite küßte mich¬
4432 3477 6454 3668 Ich schaute auf - ich hatte nichts empfunden.
6218 3759 6656 4033 Aoet
5574 3868 6187 4158 (ein her
5869 4093 6296 4359 ne. 1.9
