7480 4776
1305 1186 2789 1432 icht käm̄t
1305 1552 2459 1902 Wanderlied
382 1914 3585 2268 Gedichtet zu Vöslau und Wien Anfang September 1874
418 2351 2682 2642 Kann ich hier noch länger weilen?!
402 2618 2359 2873 Wandern möcht ich weit hinaus,
414 2773 2284 3040 Rastlos in die Ferne eilen
394 2920 2578 3195 Fort von hier, oom Vaterhaus!
362 3207 2451 3517 Seht Ihr dort die Berge stehen,
346 3410 2164 3672 In die Wolken ragen sie,
342 3489 2527 3792 werthen, dorthin nicht ich gehen,
334 3728 2260 4007 In der Heimat bleiben?! Nie!
5260 123 5570 430 51
4007 422 6175 740 Niemals in der Heimat bleibend.
3979 637 5904 895 We die Jhren lachend stehn,
3887 816 6282 1090 In die Ferne wills mich treiben.
3883 971 6390 1249 Und mein Herz, es heißt mich gehn.
3995 1206 6700 1480 Nein, ich kann nicht länger weilen,
4026 1444 6334 1731 Fort treibts mich vom Vaterhaus
4019 1603 5829 1890 In die Ferne will ich eilen,
3911 1775 5650 2029 In die weite Welt hinaus!
4842 2160 5741 2463 Ende.
5339 2630 5956 2932 A. S.
