7512 5096
6443 624 6775 776 24
2877 652 3123 845 20
3899 562 6262 940 Auch sie auf hinüber! „Gute Wuhe!
538 595 2721 927 Er machte eine tiefe Vertrugung,
3985 808 6447 1063 Schlafen Sie wohl bis in die Truhe.
611 825 2770 1100 Sie eine zierliche Verneigung,
620 997 2470 1252 und ihr Bruder, der dreijährige Tritz
4042 1022 7145 1284 Dann wirckten sie sich mit den Schnupstuchelen
4067 1153 6439 1469 Und schliefen selig vor Liebe ein.
636 1174 2524 1477 Macht einen allerliebsten Kaix¬
4050 1440 7354 1793 Wohl hatten sie, als sie mitsammen gingen 25. begr
546 1506 3336 1789 Was sie miteirander geredetugesprochen, 21
4071 1678 6985 1978 Stats gesprochen von gleichgültig an Dingen
419 1687 3394 1982 Das Hat kein Mensch geschmeckt und gewesen,
4137 1875 6279 2138 doch in der Blocke wegen Verkehr,
616 1875 2897 2167 doch schien es gefährlich nicht zu sein,
4116 2027 6783 2323 Lage Liebe und Hoffnung und noch mehr¬
509 2048 2356 2356 Obwohl sie gingen ganz allein;
4108 2278 6989 2672 Wan haben sie wieder liebes Trunken 26.
3148 2425 3443 2598 22.
591 2388 3037 2700 doch daß sie überhaupt gesprochen,
4190 2553 6697 2860 zurüber sich und hinüber gewunken,
603 2569 3459 2869 das hatte die Tante sehr wohlgerochen;
4120 2717 6336 2963 die Tante aber im Bette drin
652 2754 2893 3016 den als der Arthur kam nach Haus,
4153 2914 6701 3209 Erwog gar vieles in ihrem Sinn.
599 2930 2680 3213 (da zankte ihn seine Tante aus).
4165 3185 6939 3542 Auch haben alle gar ungesäumet
562 3156 3402 3488 doch Arthur Mayer hörte kaum was, 23
4243 3423 6825 3697 Vom heutigen Tage viel geträumet;
587 3439 3336 3739 Das Nachtmahl sogar er wie im Traumas
4297 3611 6722 3886 Doch aber der Liebenden Haupte schon
562 3615 3123 3911 Und als er sich in Cas Bett gemacht,
4321 3767 7054 4091 Hand drohend die Wolke der Confusion¬
423 3800 3131 4128 Da rief er hinüber Gute Nacht!
