7560 5016
3889 711 6289 1029 Verlassen Deinen ewig blauen Himmel
1430 744 3102 1100 Monologdes Themistokles
3847 941 6502 1125 Und fliehen mein Freundes fremdes Land¬
2007 962 3575 1200 or seinem Selbstmord.
3863 1087 6523 1351 Und wenn auch für dieselbe, Sonne strahlt,
1928 1129 3178 1426 kath Mai 1876.
5172 1254 5670 1401 Dethin e
3830 1250 6213 1530 Wenn auch dieselbe Sone heiter lacht
3019 1363 3178 1551 "  "
3763 1426 6556 1677 Mir längt der Himmel nicht u. nicht die Sonne,
393 1380 3228 1735 Die gabst nur schweres zu bedenken, König,
3792 1576 6761 1806 So trüb u. glänzlos blicken sie mich an!
418 1647 3408 1886 Da steh ich zweifelnd zwischen Zwei Gewalten,
3797 1748 6803 2032 Ohhr direkt mir nicht dieselben mir zu sein,
385 1777 3165 2070 Zwei Felsen Drohen schwarz ob meinem Haupt
3872 1907 6473 2132 Seit ich auch wiederseh’ in fremden Landen
401 1907 3500 2212 Und einer muß mich rettungslos zerschmettern
3880 2074 6535 2350 Das ist des Vaterlandes süßer Zauber,
364 2158 3211 2337 Du betritt wir die Feldherrennacht, ökönig,
3889 2250 6999 2530 Den man erst in der ferne wahrhaft fühlt
385 2333 3291 2563 An deines gieres Apize soll ich schreiten
3797 2396 6753 2676 Das ist die Sehrfrucht nach der frohen Stätte,
385 2429 3337 2680 Wa ich die Griechen, ruhmvoll einstgeführt!
3830 2559 6903 2856 In der man seiner Jugend Zeit verlebt,
360 2588 3475 2877 Das Schwert, das für mein Vaterland gestritten
3822 2709 6640 2981 ihn dies allgewaltig uns zurückzieht.
3366 2747 3596 2898 2.
309 2755 3445 3065 Nun soll es feindlich sich dagegen kehren.
3822 2893 6577 3169 Wie mich mit ihrem sanften Schlummerlink
347 2927 3169 3211 Athen! Athen? Du hast's um mich der mit
3792 3086 6774 3324 So träumerisch zurücksicht die Errichtung
418 3098 3144 3366 Mich, der Dechtung zu Deines Ruhmes Höhe
3851 3228 6565 3508 Ihr längst vergangen wunderbare Zeiten
406 3232 3475 3533 zu deiner Proß und deiner Wacht eingerhol,
3859 3391 7012 3659 Wenn ich so denke, wie ich nicht vor Jahr
360 3412 3215 3692 Auf der die Herr und weltbeherrschen Christ
3751 3583 7012 3863 An meines Heeres Sache sols daherzog
372 3579 3090 3851 Aus meinem Werk hast du mich vertrieben,
3930 3634 7296 4001 zum Siege führte meiner Greihen Spuren
334 3742 2927 4001 Mein Werk ist euer schönes Vaterloud
3930 3876 6418 4190 Wie mich das Volk geachtet u geliebt,
385 3884 3470 4173 Nur mir habt eure Freiheit ihr zu danken,
3960 4039 7238 4332 und alles fort – und alles hingeschümmt¬
393 4089 3445 4340 Und nicht genießen darf ich sie mit auch!
3964 4219 7154 4474 So unverdienten Käul- des finstern Pluto¬
422 4202 3261 4503 Alfm, die hattest es um mich verdient.
3960 4357 6556 4666 Von euch verbaut zu sein, d ihr Theuer,
443 4328 3558 4700 Aus deinen schöhnen Auer Muß (ich ziehen,
