7656 5096
6763 401 7051 609 F.T.P.
4271 477 6690 829 Und Arthur sah den Gepäckes wagen,
6811 601 7095 805 15
4247 681 6803 966 Schalle Sachen hinuntertragen,
2921 669 3157 905 74.
361 677 2844 1050 Heut zogen die Flocks aus ihrem Hause
4251 833 6979 1102 Aus Arthärs Ernst entsteigen wohl
353 873 3357 1206 Ganz sammlich aus mit katz und Mansi¬
4283 1006 7031 1334 Gar viele Seufzer, tief und hohl¬
425 1094 2832 1362 Worüber Artür war so gerührt
385 1226 3041 1566 daß er Fanny bis nach Hause geführt.
4227 1326 6783 1578 Und als er Abend zum Fenster trat,
6855 1286 7255 1578 20.
4191 1490 7107 1775 da nutzte nicht Schnupftuch, noch Cravate,
3073 1530 3357 1719 15
493 1578 2732 1839 Und als er endlich müßte gehen
4199 1619 7171 1903 Nicht Fensterpolster, nicht Schwefelholz,-
445 1695 3365 1995 denn leicht die Kante kund' ihn sehen,
4235 1791 7215 2151 Dem Arthur brach das Herz so stolz.
457 1867 3369 2235 Sprach er zu Fanny! Vielleicht, O Quol
521 2047 3638 2412 Sehn wir uns heute zum letzten Mal.
4199 2051 6430 2424 Wieder - Haugstraße Nr. sieben
6991 2187 7311 2444 21
4183 2284 6963 2628 Da war jetzt sie, die er that lieben,
497 2364 3453 2704 das nächste Jahr wurden wir uns sehen 16.
4158 2432 6130 2724 Joch dem Arther vis-à-vis
501 2540 3670 2844 Ich wird in den Mordgarten wieder gehen,
4191 2640 6418 2937 da war ich stille, wie noch nie
485 2712 3513 3061 Da sprach die Fanny. Wir werden aussehen, 17.
477 2876 3698 3173 zwei wir in den Mondgarten werden gehen
4455 2897 6791 3185 Sollt sie auch ewig ihm entschwinden?
6907 3045 7119 3229 22
533 3013 3385 3309 Sie reichte die Hand ihm, er drückte sie fein.
4459 3113 6614 3457 Sollten sie sich noch wieder finden?
469 3213 3457 3562 Und schlich hinauf in sein zuverlein.
4407 3261 4631 3457 Re
6811 3429 7067 3622 S.
4451 3477 7363 3774 Die Nacht war graulicht und sehr traurig 22
449 3485 3441 3870 Er ging zum Fenster, sah xx oben 18.
4483 3622 7203 3954 der Wind pfiff über die Dächer schonig
445 3674 3273 3966 Man røn ente und rückworten das roben,
4467 3814 7115 4134 kein Mond war weit und breit zu sehen.
517 3858 3686 4126 Man fhe b i ad man wan mta gar sonderbar,
4467 3962 6582 4283 Uhr wenig Sterne flimmerten.
481 4058 3686 4371 Das immer der Frauwegst Tag in dem Jahr
