7685 5048
444 579 3287 1099 Doch wurden die Rouletten zurückgeschoben,
498 907 3194 1261 Die Blicke flogen nach unter und oben¬
552 1088 2870 1427 Haman sprach durchs Fenster sogar;
513 1246 3024 1582 Sie waren verliebt mit Haut und Haak.
490 1612 2928 1956 doch die Wante Freute das nimmer.
513 1798 3425 2160 Sie sagte dem Arthur: Was schaust du immer
636 1956 2461 2287 Hinüber zu in den 3. Stock
621 2110 3333 2488 zu der Tochter von denen Flock?
459 2450 3159 2843 Bleibe bei deinen Büchern lieber
640 2650 3240 3017 Statt zu schauen stets dahinüber
656 2862 2504 3128 Bei deiner Arbeit bleibe da
636 3051 2658 3356 Statt zu treiben Allotria!
791 3368 3198 3668 Arthur's Vertrauter war Moriz Sinnig;
478 3298 698 3692 4
810 3518 3912 3850 Mit dem ward die Freundschaftbimmer mehrung,
829 3753 3271 4104 Sehr 16 Jahre war er, doch klein, sehr,
957 3850 3757 4251 Man hielt ihn am straffen zügel
2484 4047 3364 4351 nicht mehr
4116 409 7175 883 der war schon einmal verliebt gewesen, 10
4120 717 6631 1069 doch war er schon längst davon gewesen
4128 860 6280 1246 Antreu ward ihm seine Pauline,
4166 1045 6349 1435 die Pinning zu lieber ihn schien.
4170 1408 6523 1732 Aber wie einstens Moriz Simig
4201 1535 6735 1913 Liebte jetzt Arthur Feurig und einig,
4220 1724 6862 2037 Und eines Tages. - jetzt fängt er an
4224 1929 6542 2272 des Gyemasielschübers Roman.
5705 2079 6079 2357 schon
4263 2195 7372 2642 Gegenüber war der Montgartenlaggegenüber, &
4725 2399 7302 2777 Einstens ging Arthur Meyer hinüber.
4756 2550 7291 2966 Da stieg hinunter vom dritten Steck,
4764 2716 7302 3136 Aushin den Mondgarten Fanny Hock.
4737 3098 7437 3383 Die Fanny Hoch und der Arthur Meyerld.
5593 3298 5833 3414 vor
4691 3248 7183 3564 Die wurden dar lauter Gut und Feuer
4683 3476 6600 3788 Von oben bis unten Feuerrot
4706 3634 6909 3950 Vor lauter Liebe und Liebesnot
