7544 5016
4087 271 6710 876 Wt. Bl der Rit und der Weise.
4004 800 6070 1079 Einst ging ein Jüngling, - ein Söët -
4020 999 6085 1321 Wie es sich doch von selbst versteht)
4008 1254 6073 1500 zu einem weise, weisen Greise,
4020 1393 5890 1699 damit gerecht ihm dieser richte,
5349 1580 5894 1735 towohl.
4028 1644 6062 1906 Was denn das Testes der Gedichte,
4004 1815 6491 2125 das er schon fabrizirt. Da sprach der Weise.
4004 2026 6149 2316 Schlag dem Gedichterbuch nur auf
3900 2205 6265 2523 Anders Blatt, das du an Eschlägst; drauf
3924 2412 5938 2762 Wird stehtetes beste der Gedichte.
3968 2651 6324 2933 das ist die Weise, wie ich richte; -
3976 2842 6862 3108 denn keinen Zufall gibt'sauf Eiden.
4008 3057 7208 3387 da denkt der Zungling: „Wie wird werden?“
4008 3224 6062 3498 Doch traul er auf sein gute
6153 3268 6754 3542 Glück.
5333 3415 6583 3598 neresblatt im
4020 3439 6468 3769 Und Schlägt auf das Gedachterbruch
3948 3685 6002 3988 O. Grenzenloses Misgeschick
3980 3873 6587 4175 da ruft der Weise. "Schon genug!
3996 4091 6479 4406 Glied ist des Gottes Drakelspruch.
3264 4406 3530 4748 Ln
