6984 4648
1009 1050 3050 1533 Geh nur, geh mir, wilde Muse
987 1339 2856 1679 Will zu einer andern eilen:
972 1486 3015 1891 Werde mir die Mure ausleiten
850 1685 3302 2180 Von d'Arrongi, vielleicht von Weilen
2006 2467 2626 2791 A. S.
716 2585 1305 2919 23.12.90.
4875 670 5330 910 de Blacide
4112 757 6221 1093 Die helle Früh brach an, als wir uns trafen
4102 1015 5647 1280 Zu neuem Tagenwerk war ich erwacht,
6224 1059 6594 1327 ing
4074 1187 5713 1436 Er aber sagtemüde - Gute Nacht.
4034 1361 6043 1667 Es hatte sich gelangweilt und ging schlafen.
6190 1430 6638 1695 verot
4716 1529 4965 1726 Siber
3978 1573 6158 1810 Noch war sein hier der letzten Stunden voll,
3965 1757 6308 1984 La es mit Wein und Wiebern sich berauschte,
4912 1906 6180 2050 ohne, he wie erwaltete, Ohres
3962 1947 5999 2224 Dem Lang der Liebe mit verlangen lauschte,
3997 2115 5517 2374 Und zur Freude seelenlos umquoll. —
3975 2324 5965 2651 Der Gruß ging jeden Morgen hinwiedher,
3940 2508 6183 2791 Und einmal nur wollt ich an ihm gewahren
3984 2694 5897 2969 Ein eingewohntes hastiges Gebahren.
3894 2888 6314 3193 Also vorbei was, dacht ich frage acht mehr.
3990 3124 6252 3367 Desselben Tags im Mittagsurschein
4021 3327 6395 3595 Schrittich am Geacht meines Freundsvorüber,
4015 3526 6065 3828 Der grüne Verhan lag zertullend über.
4009 3682 6513 4015 Mir war, als munt ich Gleich zu ihm Siner
