<?xml version="1.0" encoding="UTF-8" standalone="yes"?>
<PcGts xmlns="http://schema.primaresearch.org/PAGE/gts/pagecontent/2013-07-15" xmlns:xsi="http://www.w3.org/2001/XMLSchema-instance" xsi:schemaLocation="http://schema.primaresearch.org/PAGE/gts/pagecontent/2013-07-15 http://schema.primaresearch.org/PAGE/gts/pagecontent/2013-07-15/pagecontent.xsd">
    <Metadata>
        <Creator>prov=READ-COOP:name=TrHtr:version=2.1.0:model_id=51170:date=28_07_2023_06:51</Creator>
        <Created>2023-05-10T11:15:33.507+02:00</Created>
        <LastChange>2023-07-28T06:51:54.513+02:00</LastChange>
        <TranskribusMetadata docId="1428138" pageId="55385459" pageNr="140" tsid="131322649" status="IN_PROGRESS" userId="64420" imgUrl="https://files.transkribus.eu/Get?id=HCNDNBQVFDPXPUGEGTJKIUEW&amp;fileType=view" xmlUrl="https://files.transkribus.eu/Get?id=HOTVFBCTMZWXCUTTHFQCMPVU" imageId="44660358"/>
    </Metadata>
    <Page imageFilename="1428138_0140.jpg" imageWidth="7656" imageHeight="5096">
        <ReadingOrder>
            <OrderedGroup id="ro_1711823673038" caption="Regions reading order">
                <RegionRefIndexed index="0" regionRef="tr_1"/>
            </OrderedGroup>
        </ReadingOrder>
        <TextRegion id="tr_1" custom="readingOrder {index:0;}">
            <Coords points="358,648 7148,648 7148,4431 358,4431"/>
            <TextLine id="tr_1_tl_1" custom="readingOrder {index:0;}">
                <Coords points="5823,787 5867,803 5941,744 6039,732 6086,693 6149,705 6152,587 6090,603 6027,548 6000,540 5972,564 5949,552 5933,568 5921,552 5890,560 5831,540"/>
                <Baseline points="5847,710 5889,710 5979,710 6068,704 6158,698"/>
                <TextEquiv>
                    <Unicode>Schur.</Unicode>
                </TextEquiv>
            </TextLine>
            <TextLine id="tr_1_tl_2" custom="readingOrder {index:1;}">
                <Coords points="2428,791 2467,787 2483,807 2624,748 2651,772 2730,709 2824,799 2863,791 2945,744 2961,607 2878,576 2792,619 2749,603 2710,623 2624,615 2495,689 2444,674"/>
                <Baseline points="2452,763 2512,757 2601,751 2691,745 2780,728 2870,716 2959,704"/>
                <TextEquiv>
                    <Unicode>hößlich</Unicode>
                </TextEquiv>
            </TextLine>
            <TextLine id="tr_1_tl_3" custom="readingOrder {index:2;}">
                <Coords points="3897,811 4175,838 4468,756 4766,893 5021,775 5138,846 5244,775 5612,799 5741,760 5745,650 4562,537 4445,587 4347,540 4143,685 3901,662"/>
                <Baseline points="3920,811 3962,805 4051,799 4141,787 4230,781 4320,775 4409,775 4499,769 4588,769 4678,769 4767,769 4857,769 4946,763 5036,757 5125,751 5215,751 5304,745 5394,739 5483,739 5573,733 5662,728 5752,728"/>
                <TextEquiv>
                    <Unicode>Doch von Erstechen war keine</Unicode>
                </TextEquiv>
            </TextLine>
            <TextLine id="tr_1_tl_4" custom="readingOrder {index:3;}">
                <Coords points="352,983 1069,1026 1480,909 1911,1014 2064,905 2326,979 2593,862 2777,952 2941,889 2949,736 2487,803 1939,725 1731,811 1590,744 1198,834 591,728 360,803"/>
                <Baseline points="375,948 447,954 537,948 626,942 716,942 805,936 895,936 984,936 1074,936 1163,930 1253,930 1342,924 1432,912 1521,912 1611,907 1700,895 1790,895 1879,883 1969,883 2058,877 2148,871 2237,865 2327,859 2416,859 2506,853 2595,847 2685,841 2774,835 2864,823 2953,805"/>
                <TextEquiv>
                    <Unicode>Und so die Soß auch gegfeffert gräßlich</Unicode>
                </TextEquiv>
            </TextLine>
            <TextLine id="tr_1_tl_5" custom="readingOrder {index:4;}">
                <Coords points="3932,1057 4997,936 5420,1085 5765,1089 6102,893 6481,881 6485,768 6035,744 5882,838 5483,752 4770,893 4468,752 3940,842"/>
                <Baseline points="3956,954 3986,948 4075,948 4165,948 4254,936 4344,942 4433,936 4523,930 4612,924 4702,918 4791,918 4881,918 4970,918 5060,918 5149,918 5239,912 5328,912 5418,907 5507,901 5597,901 5686,901 5776,889 5865,889 5955,889 6044,889 6134,883 6223,877 6313,865 6402,853 6492,841"/>
                <TextEquiv>
                    <Unicode>Er spitzte seinen Bleißicht am:</Unicode>
                </TextEquiv>
            </TextLine>
            <TextLine id="tr_1_tl_6" custom="readingOrder {index:5;}">
                <Coords points="2984,920 3051,905 3070,928 3106,909 3129,912 3145,936 3203,897 3239,916 3258,905 3290,912 3301,803 3243,799 3192,764 3133,787 3051,850 2992,854"/>
                <Baseline points="3007,924 3031,918 3120,907 3210,895 3299,895"/>
                <TextEquiv>
                    <Unicode>ra'sly</Unicode>
                </TextEquiv>
            </TextLine>
            <TextLine id="tr_1_tl_7" custom="readingOrder {index:6;}">
                <Coords points="380,1171 1320,1093 1617,1214 2001,1053 2761,1144 2937,1003 3094,1108 3239,912 2749,963 2593,858 2244,987 1476,912 388,1042"/>
                <Baseline points="405,1133 471,1121 560,1115 650,1109 739,1109 829,1103 918,1103 1008,1097 1097,1097 1187,1092 1276,1092 1366,1080 1456,1080 1545,1074 1635,1074 1724,1068 1814,1062 1903,1056 1993,1050 2082,1038 2172,1032 2261,1032 2351,1032 2440,1026 2530,1026 2619,1014 2709,1008 2798,1002 2888,1002 2977,990 3067,978 3156,978 3246,972"/>
                <TextEquiv>
                    <Unicode>Mit Unglück und Spayrika sehr hoch</Unicode>
                </TextEquiv>
            </TextLine>
            <TextLine id="tr_1_tl_8" custom="readingOrder {index:7;}">
                <Coords points="384,1339 772,1277 1034,1375 1257,1253 1535,1355 2213,1210 2408,1296 2624,1191 3219,1183 3266,999 2765,1144 2005,1046 1692,1206 1218,1104 1081,1214 854,1116 392,1171"/>
                <Baseline points="411,1300 495,1288 584,1282 674,1276 763,1271 853,1265 942,1259 1032,1259 1121,1259 1211,1253 1300,1247 1390,1235 1479,1235 1569,1223 1658,1235 1748,1229 1837,1223 1927,1223 2016,1211 2106,1205 2195,1193 2285,1193 2374,1187 2464,1181 2553,1181 2643,1175 2732,1169 2822,1163 2912,1157 3001,1157 3091,1151 3180,1145 3270,1139"/>
                <TextEquiv>
                    <Unicode>So wisst ihr ja — in der ganzen Welt</Unicode>
                </TextEquiv>
            </TextLine>
            <TextLine id="tr_1_tl_9" custom="readingOrder {index:8;}">
                <Coords points="3814,1304 5091,1332 5667,1238 5914,1328 6740,1183 6748,987 5397,1179 3822,1116"/>
                <Baseline points="3836,1282 3878,1282 3968,1282 4057,1282 4147,1276 4236,1271 4326,1276 4415,1271 4505,1265 4594,1265 4684,1259 4773,1253 4863,1247 4952,1241 5042,1241 5131,1241 5221,1241 5310,1235 5400,1229 5489,1223 5579,1217 5668,1211 5758,1205 5847,1205 5937,1205 6026,1199 6116,1193 6205,1187 6295,1187 6384,1181 6474,1175 6534,1151 6569,1151 6659,1145 6748,1145"/>
                <TextEquiv>
                    <Unicode>10. Und einmal - das waren noch schöne Leiten, 10.</Unicode>
                </TextEquiv>
            </TextLine>
            <TextLine id="tr_1_tl_10" custom="readingOrder {index:9;}">
                <Coords points="333,1520 721,1461 897,1586 1226,1445 2095,1398 2616,1523 2824,1382 3164,1351 3172,1206 2647,1300 1942,1222 1551,1355 1253,1253 1030,1379 775,1273 345,1335"/>
                <Baseline points="358,1467 399,1467 489,1461 578,1456 668,1444 757,1444 847,1438 936,1426 1026,1426 1115,1420 1205,1414 1294,1414 1384,1408 1473,1402 1563,1390 1652,1396 1742,1390 1831,1384 1921,1384 2010,1378 2100,1378 2189,1366 2279,1360 2368,1354 2458,1354 2548,1348 2637,1348 2727,1342 2816,1336 2906,1324 2995,1318 3085,1312 3174,1294"/>
                <TextEquiv>
                    <Unicode>Bleibt keine Freude unvergällt</Unicode>
                </TextEquiv>
            </TextLine>
            <TextLine id="tr_1_tl_11" custom="readingOrder {index:10;}">
                <Coords points="3834,1508 5287,1422 5389,1527 5581,1406 6493,1402 6497,1273 6289,1222 5874,1328 5659,1234 4433,1363 4089,1285 3838,1379"/>
                <Baseline points="3860,1461 3908,1461 3998,1444 4087,1444 4177,1438 4266,1438 4356,1438 4445,1438 4535,1432 4624,1432 4714,1432 4803,1426 4893,1426 4982,1414 5072,1420 5161,1414 5251,1414 5340,1414 5430,1408 5519,1402 5609,1396 5698,1390 5788,1384 5877,1378 5967,1372 6056,1366 6146,1366 6235,1354 6325,1348 6414,1348 6504,1354"/>
                <TextEquiv>
                    <Unicode>That er in die Schulesie begleiten,</Unicode>
                </TextEquiv>
            </TextLine>
            <TextLine id="tr_1_tl_12" custom="readingOrder {index:11;}">
                <Coords points="3959,1637 4660,1602 4860,1688 5079,1582 5620,1672 6141,1547 6368,1637 6513,1570 6521,1398 5851,1390 5694,1476 5553,1410 5401,1535 5240,1433 4653,1539 3967,1449"/>
                <Baseline points="3980,1629 4021,1623 4111,1617 4200,1617 4290,1617 4379,1611 4469,1605 4558,1599 4648,1599 4737,1593 4827,1593 4916,1587 5006,1581 5096,1575 5185,1569 5275,1569 5364,1569 5454,1563 5543,1557 5633,1551 5722,1551 5812,1545 5901,1539 5991,1533 6080,1527 6170,1521 6259,1521 6349,1521 6438,1521 6528,1515"/>
                <TextEquiv>
                    <Unicode>Es war im September, die letzten Tag</Unicode>
                </TextEquiv>
            </TextLine>
            <TextLine id="tr_1_tl_13" custom="readingOrder {index:12;}">
                <Coords points="3184,1645 3203,1645 3235,1676 3266,1688 3294,1688 3321,1668 3341,1680 3376,1672 3372,1516 3341,1520 3329,1508 3305,1516 3227,1508 3211,1516 3180,1508"/>
                <Baseline points="3204,1652 3293,1652 3383,1658"/>
                <TextEquiv>
                    <Unicode>6.</Unicode>
                </TextEquiv>
            </TextLine>
            <TextLine id="tr_1_tl_14" custom="readingOrder {index:13;}">
                <Coords points="3932,1848 4186,1895 4547,1766 5401,1868 6043,1711 6430,1848 6442,1523 6199,1641 5632,1676 3944,1633"/>
                <Baseline points="3956,1778 4033,1772 4123,1772 4212,1772 4302,1766 4391,1766 4481,1760 4570,1760 4660,1748 4749,1748 4839,1736 4928,1736 5018,1736 5107,1736 5197,1736 5286,1730 5376,1730 5465,1730 5555,1718 5644,1712 5734,1712 5824,1700 5913,1700 6003,1694 6092,1688 6182,1688 6271,1688 6361,1676 6450,1670"/>
                <TextEquiv>
                    <Unicode>Wo schon der Herbst regieren mag.</Unicode>
                </TextEquiv>
            </TextLine>
            <TextLine id="tr_1_tl_15" custom="readingOrder {index:14;}">
                <Coords points="368,1895 1108,1774 1288,1829 1375,1758 2412,1766 2424,1574 2287,1539 1833,1668 1238,1566 1057,1664 384,1653"/>
                <Baseline points="399,1790 459,1784 548,1784 638,1790 728,1784 817,1778 907,1772 996,1772 1086,1766 1175,1760 1265,1754 1354,1748 1444,1742 1533,1736 1623,1736 1712,1730 1802,1724 1891,1718 1981,1712 2070,1706 2160,1700 2249,1694 2339,1682 2428,1688"/>
                <TextEquiv>
                    <Unicode>Jedoch worin die, die Originalitäte,</Unicode>
                </TextEquiv>
            </TextLine>
            <TextLine id="tr_1_tl_16" custom="readingOrder {index:15;}">
                <Coords points="435,2060 1151,1927 1343,2048 1598,1927 1751,2029 1931,1915 2361,2001 2600,1852 2980,1864 2988,1731 2784,1672 2632,1798 2236,1715 1903,1841 1696,1754 446,1841"/>
                <Baseline points="465,1945 489,1933 578,1933 668,1939 757,1939 847,1939 936,1939 1026,1933 1115,1927 1205,1921 1294,1915 1384,1909 1473,1903 1563,1897 1652,1897 1742,1897 1831,1897 1921,1885 2010,1879 2100,1879 2189,1873 2279,1873 2368,1861 2458,1861 2548,1855 2637,1843 2727,1843 2816,1843 2906,1843 2995,1849"/>
                <TextEquiv>
                    <Unicode>ge diesen Sieg sang an besten thäte.</Unicode>
                </TextEquiv>
            </TextLine>
            <TextLine id="tr_1_tl_17" custom="readingOrder {index:16;}">
                <Coords points="443,2154 1003,2189 1112,2103 1394,2158 1625,2083 1829,2224 2256,2060 2569,2123 2687,2036 2694,1876 2361,1997 1974,1923 1715,2025 1606,1939 1343,2052 991,1939 850,2025 732,1974 446,2048"/>
                <Baseline points="465,2118 548,2118 638,2118 728,2112 817,2112 907,2106 996,2106 1086,2100 1175,2094 1265,2094 1354,2082 1444,2076 1533,2076 1623,2064 1712,2064 1802,2070 1891,2064 1981,2064 2070,2058 2160,2058 2249,2046 2339,2040 2428,2034 2518,2028 2607,2022 2697,2010"/>
                <TextEquiv>
                    <Unicode>das ist "Ich werths" noch selber nicht</Unicode>
                </TextEquiv>
            </TextLine>
            <TextLine id="tr_1_tl_18" custom="readingOrder {index:17;}">
                <Coords points="3905,2166 6658,2080 6748,2056 6756,1880 5522,2017 5099,1895 4292,1970 3916,1864"/>
                <Baseline points="3926,2130 3986,2124 4075,2118 4165,2112 4254,2106 4344,2106 4433,2106 4523,2100 4612,2100 4702,2088 4791,2088 4881,2082 4970,2082 5060,2076 5149,2082 5239,2076 5328,2070 5418,2064 5507,2064 5597,2058 5686,2046 5776,2046 5865,2040 5955,2034 6044,2034 6134,2022 6223,2022 6313,2016 6402,2022 6492,2022 6581,2016 6671,2016 6760,2010"/>
                <TextEquiv>
                    <Unicode>Detober kam und selten, gar selben, 11.</Unicode>
                </TextEquiv>
            </TextLine>
            <TextLine id="tr_1_tl_19" custom="readingOrder {index:18;}">
                <Coords points="462,2338 1997,2275 2236,2385 2389,2275 2745,2350 3012,2209 3016,2076 2256,2064 1841,2213 1629,2083 1003,2189 470,2146"/>
                <Baseline points="483,2285 513,2285 602,2285 692,2285 781,2279 871,2279 960,2267 1050,2267 1139,2261 1229,2261 1318,2255 1408,2255 1497,2249 1587,2243 1676,2243 1766,2237 1855,2237 1945,2231 2034,2225 2124,2219 2213,2213 2303,2207 2392,2201 2482,2201 2571,2195 2661,2195 2750,2189 2840,2189 2929,2189 3019,2189"/>
                <TextEquiv>
                    <Unicode>das Ende der Helden in diesem Gedicht.</Unicode>
                </TextEquiv>
            </TextLine>
            <TextLine id="tr_1_tl_20" custom="readingOrder {index:19;}">
                <Coords points="3967,2334 5639,2228 5929,2287 6250,2232 6258,2040 5154,2217 4700,2138 4308,2221 3979,2134"/>
                <Baseline points="3992,2285 4027,2291 4117,2291 4206,2291 4296,2285 4385,2279 4475,2273 4564,2267 4654,2267 4743,2267 4833,2261 4922,2261 5012,2255 5101,2249 5191,2249 5280,2243 5370,2237 5460,2231 5549,2231 5639,2225 5728,2219 5818,2213 5907,2213 5997,2201 6086,2195 6176,2189 6265,2189"/>
                <TextEquiv>
                    <Unicode>kamen zusammen unsre Helden,</Unicode>
                </TextEquiv>
            </TextLine>
            <TextLine id="tr_1_tl_21" custom="readingOrder {index:20;}">
                <Coords points="3995,2487 5350,2479 5585,2385 6427,2459 6877,2373 6881,2268 6141,2193 5628,2334 5494,2240 5197,2334 4688,2264 3998,2338"/>
                <Baseline points="4015,2452 4021,2452 4111,2452 4200,2452 4290,2452 4379,2446 4469,2434 4558,2428 4648,2428 4737,2422 4827,2422 4916,2422 5006,2422 5096,2416 5185,2410 5275,2404 5364,2398 5454,2404 5543,2386 5633,2386 5722,2386 5812,2380 5901,2374 5991,2368 6080,2363 6170,2357 6259,2357 6349,2351 6438,2351 6528,2351 6617,2345 6707,2339 6796,2333 6886,2333"/>
                <TextEquiv>
                    <Unicode>Die Luft war kühl der Himmelgrau¬</Unicode>
                </TextEquiv>
            </TextLine>
            <TextLine id="tr_1_tl_22" custom="readingOrder {index:21;}">
                <Coords points="505,2683 3325,2546 3458,2526 3462,2397 1798,2377 912,2549 513,2483"/>
                <Baseline points="531,2637 602,2631 692,2625 781,2619 871,2607 960,2601 1050,2601 1139,2601 1229,2601 1318,2589 1408,2589 1497,2577 1587,2583 1676,2577 1766,2571 1855,2571 1945,2565 2034,2559 2124,2553 2213,2542 2303,2536 2392,2536 2482,2536 2571,2530 2661,2530 2750,2524 2840,2524 2929,2518 3019,2512 3108,2512 3198,2494 3287,2500 3377,2500 3466,2500"/>
                <TextEquiv>
                    <Unicode>Wie wird wohl enden dies Abenteuer Er¬</Unicode>
                </TextEquiv>
            </TextLine>
            <TextLine id="tr_1_tl_23" custom="readingOrder {index:22;}">
                <Coords points="3971,2632 4993,2589 5224,2659 5412,2569 5984,2679 6423,2581 6434,2385 3979,2495"/>
                <Baseline points="3992,2619 4021,2613 4111,2619 4200,2613 4290,2607 4379,2601 4469,2601 4558,2589 4648,2589 4737,2589 4827,2583 4916,2577 5006,2577 5096,2571 5185,2565 5275,2559 5364,2559 5454,2548 5543,2542 5633,2542 5722,2542 5812,2536 5901,2536 5991,2530 6080,2524 6170,2524 6259,2524 6349,2518 6438,2512"/>
                <TextEquiv>
                    <Unicode>die Stimmung beiderseits sehr slau</Unicode>
                </TextEquiv>
            </TextLine>
            <TextLine id="tr_1_tl_24" custom="readingOrder {index:23;}">
                <Coords points="580,2851 3599,2718 3705,2569 3505,2495 2495,2643 2197,2573 584,2683"/>
                <Baseline points="602,2792 668,2786 757,2774 847,2768 936,2762 1026,2762 1115,2762 1205,2756 1294,2756 1384,2750 1473,2744 1563,2738 1652,2732 1742,2727 1831,2721 1921,2721 2010,2709 2100,2709 2189,2703 2279,2703 2368,2697 2458,2703 2548,2703 2637,2703 2727,2697 2816,2691 2906,2685 2995,2679 3085,2667 3174,2667 3264,2667 3353,2655 3443,2655 3532,2649 3622,2643 3711,2625"/>
                <TextEquiv>
                    <Unicode>für Fanny Flock und für Arthur Mayer,</Unicode>
                </TextEquiv>
            </TextLine>
            <TextLine id="tr_1_tl_25" custom="readingOrder {index:24;}">
                <Coords points="587,2949 2459,2855 2679,2969 3039,2843 3258,2937 3650,2812 3654,2706 591,2843"/>
                <Baseline points="614,2912 704,2917 793,2917 883,2912 972,2917 1062,2917 1151,2912 1241,2912 1330,2906 1420,2906 1509,2900 1599,2894 1688,2888 1778,2882 1867,2876 1957,2870 2046,2864 2136,2864 2225,2864 2315,2858 2404,2852 2494,2852 2583,2852 2673,2846 2762,2840 2852,2840 2941,2828 3031,2822 3120,2816 3210,2816 3299,2810 3389,2804 3478,2798 3568,2792 3657,2786"/>
                <TextEquiv>
                    <Unicode>Fest dünkt nur, es wird sehr interessant</Unicode>
                </TextEquiv>
            </TextLine>
            <TextLine id="tr_1_tl_26" custom="readingOrder {index:25;}">
                <Coords points="3951,2922 4186,3000 5553,2851 5820,2945 6243,2820 6744,2847 6752,2667 5874,2757 5236,2698 4578,2867 4159,2737 3955,2855"/>
                <Baseline points="3974,2923 3980,2923 4069,2923 4159,2923 4248,2917 4338,2917 4427,2917 4517,2912 4606,2912 4696,2906 4785,2900 4875,2900 4964,2894 5054,2888 5143,2876 5233,2870 5322,2864 5412,2864 5501,2858 5591,2852 5680,2846 5770,2840 5859,2840 5949,2834 6038,2828 6128,2822 6217,2816 6307,2816 6396,2810 6486,2810 6575,2804 6665,2798 6754,2792"/>
                <TextEquiv>
                    <Unicode>Es schwanden October und September 12.</Unicode>
                </TextEquiv>
            </TextLine>
            <TextLine id="tr_1_tl_27" custom="readingOrder {index:26;}">
                <Coords points="591,3141 1241,3223 1566,3066 2855,3184 3200,3023 3493,3039 3501,2863 3254,2937 3039,2843 2663,2976 2424,2878 1281,3008 901,2937 595,3051"/>
                <Baseline points="614,3079 644,3091 733,3079 823,3079 912,3085 1002,3091 1092,3091 1181,3085 1271,3079 1360,3079 1450,3073 1539,3067 1629,3061 1718,3061 1808,3043 1897,3043 1987,3037 2076,3037 2166,3031 2255,3031 2345,3025 2434,3025 2524,3013 2613,3013 2703,3013 2792,3007 2882,2995 2971,2989 3061,2983 3150,2977 3240,2971 3329,2971 3419,2959 3508,2959"/>
                <TextEquiv>
                    <Unicode>Ich bin auf das Ende sehr gespannt.</Unicode>
                </TextEquiv>
            </TextLine>
            <TextLine id="tr_1_tl_28" custom="readingOrder {index:27;}">
                <Coords points="3987,3070 4923,3164 5216,3059 5393,3145 5526,3051 6419,3031 6521,2902 6270,2847 6070,2949 5851,2835 5401,2984 5209,2890 4974,2980 4668,2914 3991,3008"/>
                <Baseline points="4009,3049 4021,3055 4111,3073 4200,3079 4290,3085 4379,3085 4469,3085 4558,3085 4648,3079 4737,3067 4827,3067 4916,3055 5006,3055 5096,3049 5185,3043 5275,3043 5364,3037 5454,3037 5543,3037 5633,3031 5722,3019 5812,3019 5901,3013 5991,3013 6080,3001 6170,3001 6259,2995 6349,2989 6438,2983 6528,2971"/>
                <TextEquiv>
                    <Unicode>am der schaurige November.</Unicode>
                </TextEquiv>
            </TextLine>
            <TextLine id="tr_1_tl_29" custom="readingOrder {index:28;}">
                <Coords points="4002,3297 7034,3192 7143,3019 6571,2929 6387,3047 5334,3149 5075,3055 4637,3184 4014,3066"/>
                <Baseline points="4027,3246 4105,3252 4194,3252 4284,3252 4373,3252 4463,3252 4552,3246 4642,3246 4732,3240 4821,3234 4911,3228 5000,3222 5090,3216 5179,3210 5269,3204 5358,3204 5448,3204 5537,3198 5627,3192 5716,3186 5806,3180 5895,3168 5985,3168 6074,3168 6164,3162 6253,3156 6343,3150 6432,3144 6522,3144 6611,3138 6701,3132 6790,3126 6880,3120 6969,3114 7059,3114 7148,3108"/>
                <TextEquiv>
                    <Unicode>und am dritten waren Arthur so glücklich</Unicode>
                </TextEquiv>
            </TextLine>
            <TextLine id="tr_1_tl_30" custom="readingOrder {index:29;}">
                <Coords points="3403,3321 3446,3321 3466,3309 3485,3329 3501,3317 3529,3341 3560,3325 3587,3329 3579,3129 3556,3129 3544,3145 3532,3141 3525,3149 3501,3137 3493,3149 3478,3145 3462,3156 3415,3125 3395,3125"/>
                <Baseline points="3425,3287 3514,3287 3598,3293"/>
                <TextEquiv>
                    <Unicode>8.</Unicode>
                </TextEquiv>
            </TextLine>
            <TextLine id="tr_1_tl_31" custom="readingOrder {index:30;}">
                <Coords points="3987,3532 4324,3423 4927,3568 5667,3431 6505,3442 6599,3411 6607,3223 5671,3188 5444,3305 4903,3231 4504,3360 4363,3266 3998,3294"/>
                <Baseline points="4015,3437 4105,3437 4194,3431 4284,3425 4373,3419 4463,3419 4552,3413 4642,3413 4732,3401 4821,3395 4911,3383 5000,3377 5090,3371 5179,3365 5269,3365 5358,3365 5448,3359 5537,3359 5627,3359 5716,3353 5806,3353 5895,3347 5985,3347 6074,3341 6164,3335 6253,3329 6343,3323 6432,3323 6522,3317 6611,3323"/>
                <TextEquiv>
                    <Unicode>Ein Steneprafieheft zu holen für sich</Unicode>
                </TextEquiv>
            </TextLine>
            <TextLine id="tr_1_tl_32" custom="readingOrder {index:31;}">
                <Coords points="670,3415 1261,3505 1375,3407 1504,3529 1676,3407 1911,3411 2056,3505 2268,3364 3082,3372 3090,3196 2033,3223 1805,3309 1731,3247 678,3282"/>
                <Baseline points="692,3413 769,3413 859,3413 948,3413 1038,3413 1127,3413 1217,3413 1306,3407 1396,3401 1485,3395 1575,3395 1664,3383 1754,3377 1843,3377 1933,3371 2022,3365 2112,3365 2201,3359 2291,3353 2380,3347 2470,3341 2559,3341 2649,3329 2738,3323 2828,3323 2917,3323 3007,3323 3096,3329"/>
                <TextEquiv>
                    <Unicode>doch - wie gesagt - es begann die Schule.</Unicode>
                </TextEquiv>
            </TextLine>
            <TextLine id="tr_1_tl_33" custom="readingOrder {index:32;}">
                <Coords points="634,3630 1128,3603 1265,3697 1516,3560 2420,3619 2616,3509 2804,3630 3341,3599 3352,3356 2553,3348 2060,3505 1856,3407 1500,3529 1382,3407 1261,3505 869,3415 638,3497"/>
                <Baseline points="656,3598 668,3598 757,3592 847,3586 936,3586 1026,3580 1115,3574 1205,3568 1294,3568 1384,3562 1473,3556 1563,3550 1652,3550 1742,3544 1831,3538 1921,3538 2010,3532 2100,3526 2189,3520 2279,3514 2368,3514 2458,3508 2548,3502 2637,3496 2727,3496 2816,3496 2906,3496 2995,3484 3085,3478 3174,3484 3264,3478 3353,3478"/>
                <TextEquiv>
                    <Unicode>das war für Arthur ein Höllenpfühle.</Unicode>
                </TextEquiv>
            </TextLine>
            <TextLine id="tr_1_tl_34" custom="readingOrder {index:33;}">
                <Coords points="709,3869 865,3752 1488,3713 3286,3650 3654,3756 3748,3724 3756,3513 3027,3626 2706,3532 2385,3634 1880,3556 1261,3705 1116,3595 717,3630"/>
                <Baseline points="733,3765 805,3753 895,3747 984,3741 1074,3735 1163,3735 1253,3735 1342,3729 1432,3717 1521,3711 1611,3705 1700,3693 1790,3693 1879,3681 1969,3693 2058,3687 2148,3687 2237,3681 2327,3675 2416,3669 2506,3669 2595,3663 2685,3663 2774,3657 2864,3657 2953,3657 3043,3651 3132,3645 3222,3640 3311,3640 3401,3640 3490,3634 3580,3634 3669,3628 3759,3616"/>
                <TextEquiv>
                    <Unicode>Jetzt war es aus mit Freund und Lich¬</Unicode>
                </TextEquiv>
            </TextLine>
            <TextLine id="tr_1_tl_35" custom="readingOrder {index:34;}">
                <Coords points="4006,3799 5001,3728 5232,3818 5412,3717 5757,3799 6145,3677 6278,3760 6752,3697 6763,3513 6430,3607 5812,3532 5134,3564 5028,3654 4805,3579 4014,3630"/>
                <Baseline points="4027,3771 4081,3765 4171,3765 4260,3759 4350,3753 4439,3741 4529,3741 4618,3735 4708,3729 4797,3723 4887,3723 4976,3717 5066,3717 5155,3711 5245,3711 5334,3705 5424,3699 5513,3693 5603,3687 5692,3675 5782,3675 5871,3669 5961,3669 6050,3657 6140,3657 6229,3645 6319,3640 6408,3634 6498,3628 6587,3628 6677,3616 6766,3628"/>
                <TextEquiv>
                    <Unicode>Und wie er demi da that ruhig gehen, 13.</Unicode>
                </TextEquiv>
            </TextLine>
            <TextLine id="tr_1_tl_36" custom="readingOrder {index:35;}">
                <Coords points="775,3963 2189,4061 2886,3861 3576,3936 3775,3865 3787,3681 3059,3760 2710,3670 2217,3775 1923,3697 1739,3830 787,3775"/>
                <Baseline points="799,3938 835,3938 924,3926 1014,3914 1103,3908 1193,3902 1282,3902 1372,3902 1461,3896 1551,3890 1640,3884 1730,3884 1820,3878 1909,3872 1999,3866 2088,3860 2178,3854 2267,3854 2357,3848 2446,3848 2536,3842 2625,3836 2715,3836 2804,3836 2894,3830 2983,3824 3073,3819 3162,3813 3252,3819 3341,3813 3431,3807 3520,3807 3610,3801 3699,3801 3789,3783"/>
                <TextEquiv>
                    <Unicode>Und schmerz durchwühlt war seine Brust.</Unicode>
                </TextEquiv>
            </TextLine>
            <TextLine id="tr_1_tl_37" custom="readingOrder {index:36;}">
                <Coords points="3971,3975 6297,3901 6524,3799 6744,3920 7116,3814 7124,3709 3979,3822"/>
                <Baseline points="3998,3938 4087,3932 4177,3926 4266,3926 4356,3920 4445,3914 4535,3908 4624,3902 4714,3896 4803,3890 4893,3884 4982,3884 5072,3878 5161,3872 5251,3866 5340,3860 5430,3854 5519,3848 5609,3842 5698,3842 5788,3836 5877,3836 5967,3836 6056,3830 6146,3824 6235,3824 6325,3819 6414,3807 6504,3801 6593,3801 6683,3795 6772,3795 6862,3789 6951,3789 7041,3789 7130,3789"/>
                <TextEquiv>
                    <Unicode>Noch bei einem Gewölb vor die Fanny stehen</Unicode>
                </TextEquiv>
            </TextLine>
            <TextLine id="tr_1_tl_38" custom="readingOrder {index:37;}">
                <Coords points="4045,4159 4277,4218 4719,4073 5056,4179 5240,4053 5404,4026 5522,4139 5690,4022 5976,4006 6160,4116 6336,3998 6524,4053 6540,3807 6203,3912 5776,3858 5565,3967 5385,3873 4347,4022 4237,3936 4053,4034"/>
                <Baseline points="4069,4093 4123,4093 4212,4093 4302,4087 4391,4087 4481,4081 4570,4075 4660,4063 4749,4057 4839,4057 4928,4051 5018,4051 5107,4045 5197,4039 5286,4033 5376,4027 5465,4015 5555,4015 5644,4009 5734,4004 5824,4004 5913,3998 6003,3992 6092,3992 6182,3986 6271,3980 6361,3974 6450,3974 6540,3968"/>
                <TextEquiv>
                    <Unicode>Schlag an die Schulter ihr collegial</Unicode>
                </TextEquiv>
            </TextLine>
            <TextLine id="tr_1_tl_39" custom="readingOrder {index:38;}">
                <Coords points="4085,4308 5173,4355 5682,4198 6865,4179 6873,3987 6168,4108 5957,4010 5518,4136 5389,4026 5056,4175 4625,4077 4089,4210"/>
                <Baseline points="4111,4260 4194,4254 4284,4254 4373,4242 4463,4236 4552,4224 4642,4218 4732,4212 4821,4200 4911,4206 5000,4200 5090,4206 5179,4200 5269,4200 5358,4194 5448,4188 5537,4183 5627,4177 5716,4171 5806,4159 5895,4153 5985,4153 6074,4141 6164,4135 6253,4135 6343,4135 6432,4135 6522,4135 6611,4129 6701,4123 6790,4123 6880,4111"/>
                <TextEquiv>
                    <Unicode>Sie wandte sich um mit einem Mal.</Unicode>
                </TextEquiv>
            </TextLine>
            <TextLine id="tr_1_tl_40" custom="readingOrder {index:39;}">
                <Coords points="634,4300 999,4249 1257,4374 1739,4206 1974,4335 2162,4186 2530,4261 2965,4159 3121,4265 3579,4273 3591,3995 3016,4089 2154,4045 1927,4155 1390,4045 1120,4159 638,4147"/>
                <Baseline points="656,4266 728,4260 817,4254 907,4248 996,4242 1086,4236 1175,4224 1265,4224 1354,4218 1444,4218 1533,4212 1623,4206 1712,4200 1802,4194 1891,4194 1981,4194 2070,4183 2160,4183 2249,4177 2339,4171 2428,4171 2518,4171 2607,4171 2697,4171 2786,4165 2876,4159 2965,4159 3055,4153 3144,4153 3234,4147 3323,4147 3413,4135 3502,4141 3592,4135"/>
                <TextEquiv>
                    <Unicode>Und manch mal — jetzt wird es immer besser, Z.</Unicode>
                </TextEquiv>
            </TextLine>
            <TextLine id="tr_1_tl_41" custom="readingOrder {index:40;}">
                <Coords points="580,4519 783,4425 979,4555 2365,4363 2549,4492 2824,4476 2902,4461 2918,4198 2401,4265 2201,4183 1986,4327 1664,4249 1363,4359 1202,4245 760,4339 595,4280"/>
                <Baseline points="608,4421 686,4421 775,4421 865,4421 954,4415 1044,4409 1133,4403 1223,4397 1312,4397 1402,4385 1491,4379 1581,4373 1670,4368 1760,4368 1849,4362 1939,4356 2028,4356 2118,4350 2207,4344 2297,4338 2386,4332 2476,4326 2565,4326 2655,4320 2744,4314 2834,4308 2923,4284"/>
                <TextEquiv>
                    <Unicode>Zogar heraus sein Redermesser</Unicode>
                </TextEquiv>
            </TextLine>
        </TextRegion>
    </Page>
</PcGts>
