7144 4872
4862 254 5304 585 Dute
3838 449 4197 644 101
3814 633 6045 1023 sti mich von meiner Einsamkeit befreu,
3821 849 6167 1211 Die Hände meist ich dankbar ihnen drücken,
3818 1079 6052 1389 Und mandle in wohlsehigen Entzücken
4012 1225 6682 1472 Für im der sie dieses xx in dieser braven Bürge.
6358 1298 6706 1493 Rech’.
3849 1347 6062 1677 Famillen der Landste, Häuser recht.
3974 1462 6455 1820 (da fühl ich meine Schwermut sanft entfliehe)
4601 1587 4848 1709 Cattet
3877 1656 6180 2057 So völlig wünschelos schreit ich dahin
5366 1778 6208 2001 böse trauen der
3859 1924 6664 2314 So herrlich dienen. — wie Träume eines Krankes
3870 2109 6487 2513 scheint mir alle Sehnsucht nach Gedanken,
3901 2394 6657 2770 Und meine Schwärment fühl ich sonst entflich
4263 2436 4569 2596 (alle)
6309 2551 6626 2770 19th
4747 2909 6344 3198 ein Lagefrau auf in mir
4141 2951 4729 3191 de meille
4239 3010 6549 3289 Auch stehe Glück als ganzes zu gewicht
4889 3177 6730 3438 das den Alltäglichkeit zu Piesten
4221 3257 4834 3487 In und i
4907 3386 5098 3477 Spit
3964 3327 6428 3689 24.1.91 Und nach X zu sein wie jetzt hin¬
5457 3553 5906 3769 mildt
4722 3619 6793 3918 Da wolltein heiß Begehren in mir auf
4757 3807 6849 4079 Auch dieser Glück als ganzes zu genießen
4893 3995 6859 4179 eins mit der Alltäglichkeit, zu Eliesten
4823 4120 6309 4291 Wird alle Zeit zu sein wie etwa sich
