7000 4472
651 740 2530 1053 Es war das lette Mal, das wir uns treffen,
599 985 2193 1274 Auf seinen Bette bey naus geschickt,
544 1115 2888 1456 mit blos een Antlitz, sterben, blut befleckt.
585 1308 2713 1690 Er hatte sich gelangweilt und ging schlafe
430 1883 647 2210 20/
1408 2024 2203 2327 Erthseher
4737 520 5270 857 else. —
5205 792 5567 923 wam
3976 792 6307 1060 Ei was die Briefche alles nicht erzählt!
3914 1019 6152 1232 abwandth Aufwerk Tugendlagen¬
3887 1108 6341 1425 Und Seelungen hat dich schon bei Gegualt,
3825 1263 6317 1570 Wenn du in meiner Armen bist gelegen!
3935 1480 6107 1811 Du willst die Brief wieder die duschriebst,
3880 1714 6104 1921 Und alle Blumen, die du mir gespendet
3849 1866 6586 2103 Und sagt so schon zum Schlafs! Wenn itzlich liebst
3876 2041 6055 2317 betrachte alles zwischen was geendet
4011 2176 6396 2516 Da hast du die vogelbtes Liebesglück
3945 2399 6159 2716 damit ich deine Arm Seele rett;
3897 2578 6634 2871 Auch dieses Strumptband schick' ich in zurück
3890 2754 6658 3033 Ich fand es heute früh in meinem Bette. —
4420 3088 4943 3425 April 83
5267 3143 5973 3453 Coltschr.
