7096 4904
3859 671 5811 1066 sul. Abschiedebrief. -
3929 996 5793 1354 Ich wollte heiße Lieb' von Herz zu Herzen
4002 1236 5921 1515 die - einen anzunehmen Intantheil
3981 1385 6318 1722 di – einen Mann, voll Mit, gebaupt zum scherzen
3962 1539 5960 1837 Ich ein geliebtes, schönes, toller Weib.
3968 1876 6282 2183 Wir wollen uns zur Abschiedsten nicht kränken
3965 2019 5729 2277 Da wir ja beide glückliches gewaset,
3993 2189 6106 2459 dann, lass uns mit zufrieden Sie besteken,
3984 2295 5969 2611 daß jeder von uns Fond, was es ersehet.
3965 2550 6246 2863 Ich - ward beinah verrückt vor Autor Lieben
3926 2681 6303 3021 Mein armer Kopf wußt nicht mehr ein und aus¬
3944 2854 6397 3194 Und die - haß die recht gut die Zeit vertrieben
3947 3033 6318 3334 Sie flog ja uns so hie in Saus an Brauns.
3950 3279 6273 3604 Das ist das Facit dieser lußer Wochen;
3935 3425 6024 3735 Geredet ist das Spiel, die Busse leer¬
3941 3637 6273 3917 dass auch ein Herz bei diesem Spiel gebrochen
3929 3780 6018 4102 Ist Nebensache u gehört nicht her
5368 4038 6349 4336 F.T.K.
4066 4059 4834 4345 26/7 83.
