7640 5032
4153 830 6010 1091 Ich denke nicht der vergangenen Lust,
502 852 2382 1202 die Wange, sie war ihm so bleich und so fahl:
4159 954 5861 1212 Mit besender Stimme sie spricht
534 1097 2099 1371 Er trat in die fröhliche Schaar.
4156 1129 5835 1428 Ich senk nie liebend an Deine Brust;
4150 1329 5893 1644 Denn. Freundling ich kenne Dich nicht!
591 1402 2579 1666 In einen Becher schenkt er sich ein;
556 1552 2484 1790 Und jeder mit Staunen ihn schaut;
4274 1622 5905 1927 Ich sah dich niemals, ich liebte Dich nie,-
518 1714 3075 1994 „Auf dem Wohl schlärf ich den feurigen Wein,
4264 1825 5606 2099 Sprach Einband meintal zu dir;
563 1902 2554 2140 Auf dein Wohl, geliebte Braut!
4280 1933 6163 2220 Drum, fremder Jüngling, entflieh, enttlieh'
4293 2118 5985 2404 Und treibe nicht Spott mit mir!“
642 2226 2458 2509 Es ist verflossen gar lange Zeit,
716 2391 2531 2639 Da zog ich gar weit von dir fort;
4309 2430 6478 2728 Da schaut die Jüngling so außer und wild:
722 2547 2693 2792 Du liebtest auch einstens, du hüße Meid,
4303 2633 5784 2910 Und söhnisch plötzlich er lacht; -
652 2709 2604 3005 Wir sprachst manch Liebeswort
4303 2786 6777 3062 Dann stürzt er hinaus, das Antlitz verhüllt,
4414 2907 6188 3212 H'inau ist in die stürmende Nacht
747 3034 2980 3314 Dasankest du liebend an meine Brust,
693 3193 2375 3450 „In mancher mondhelten Nacht;
4433 3266 6427 3539 Er hatte kein Wort gesprochen mehr,
700 3352 3094 3641 „Gedankst du noch der vergangnen tust,
4423 3438 6176 3695 Sie Blick hatte alles gesagt.
725 3565 2566 3826 Hast duge meiner gedacht?“
4477 3587 6004 3854 Die Ritter stehen bestürzt äufer
4477 3730 6064 4029 Und keiner zu sprechen wagt.
763 3851 2833 4115 Die Gräfin hörte es, die Gräfin erbleicht
754 4007 2601 4264 Siezittert, sie bebt und sie wankt
4525 4054 6525 4338 Verstummt ist der fröhlich schallende Sang,
808 4179 2627 4430 Die weiße Wange dem Marinörstein gleicht
4528 4226 6052 4522 Im helle erleuchteten Schloss
2976 4366 3231 4563 P.S.
805 4338 1946 4614 Der goldene Becher, ihr schwankt.
