7112 4984
4756 800 5902 1176 An Therese
3899 827 4454 1368 grit
4055 1249 5636 1724 Gefährlich sind Theresen mir,
4069 1498 5610 1813 Bin eben bei der dritten
4105 1621 5985 2016 doch niemals hab' ich wie bei die
4065 1807 5620 2215 So herbe Lieb gelitter
4062 2082 5723 2434 Die erste war nicht allzu spind,
4039 2255 6194 2650 That schnell für mich erwärmen
3992 2411 6251 2770 Und ich auch meintheils wenig blös¬
3966 2581 5995 2969 Tag bald in ihre Demen¬
4035 2810 6224 3315 Die zweite war ein jungen Flut
4082 3092 6134 3441 So füßend unverstorben
3969 3268 6646 3730 Tch sah es selbst - für mich zu gut!
4055 3507 6314 3962 Hab da nicht lang geworben
