7544 5000
404 634 936 974 so schröd,
332 774 2722 1131 son euch gestoßen aus dem Vaterlande,
298 1080 3287 1306 dass ich mein ganzes Leben freudig weihte.
327 1178 2917 1429 D. Jndankbar virräterische Schlang an!
336 1335 3198 1641 Das ist der Mann, den ihr nicht so gefeiert
323 1518 3321 1765 der an des Staates Ruder herrschend stand,
332 1718 3615 1943 Da steht es nun entflose - verband verstorben
281 1820 3300 2088 da schbeit es Rache wild in meiner Brust
332 1986 3338 2182 Mür zu Gebote stehen vor seines Heeren
349 2186 3559 2394 Mein Machtwort führt sie vor theilens Stadt,
353 2318 3372 2620 Vorunre Thore zieh' ich mit den Kriegern
327 2517 3623 2781 Zu Boden schmettert auch ein einiges Wort!
366 2645 3147 2934 nach ihr mein Heldenaren so stark wie nicht
344 2756 3666 3100 Kan gegen uns, und kann das Eisen todverbreitend schwänzen,
357 2985 2930 3240 Der Blutze Tag der Rache ist gekommen.
357 3126 3168 3436 Vor eine Thore will ich rächend giehen.
276 3342 2828 3585 zu meinen. Voßen liegt das Polze Ruf
383 3432 3249 3729 das ich in seinem Ganz emporgeseben,
383 3615 3496 3878 Ich seiner einger - nur dankt es seinen Rechnung
357 3797 3296 4053 Wir seine Macht und doch bin ich verstoßen!
459 3951 3627 4201 Ich hab es groß gemacht, — es ist mein Werk¬
370 4112 3559 4376 Ich baut es auch, so will ich auch zertrümmern.
459 4265 3687 4542 Sparn auch ihr mich freulos habt verraten
753 4414 3606 4725 sollt auch ihr von mirvorratinsam.
3853 676 6570 961 Verraten! Fürchterlich verdammend Wort;
3861 944 6336 1165 Athener - ich will ehrlos sein wie ihr?
3908 1089 6417 1357 Ich soll des Erthes Spitze auf die Brust
3883 1246 6587 1505 die ich eine schätzte, todesdrofendsetzen -!
3849 1386 6727 1684 Jetzt fühl ich erst die ungeheure Schwern,
3878 1569 6681 1829 Om in der Rache schwarz am denken liegt.
3883 1718 6855 1948 Secreten soll ich auch dem perserreiche,
3853 1943 7268 2186 Das - kann sich nicht - ich bin im Mensch! Ein Mensch
3844 2105 6583 2330 Der an dem Vaterlande liebend fängt
3861 2211 6783 2475 Und der es mit ermehr verlassen kann,
3874 2326 7187 2641 Nein, xxxes, nun die seltherrward wieder
3912 2560 6659 2836 Ich will sie nicht erkaufen mit Serral.
3891 2713 7076 3007 Wohl hast du mich, den armen Heimatlesen
3912 2875 7034 3164 Gedinem Reiche freundlich aufgenommen,
3938 3049 6685 3283 Nimm alles wieder alles - alles alles
3934 3130 7017 3457 Verbaue mich; - es ist mein Vaterland
3993 3368 6966 3619 Wenn auch mein undankbares Vaterland
4010 3551 6898 3827 her daß ich lebe and für das ich sterbe!
3963 3683 7025 3908 So soll ich nun zum zweitenenden Flüchtig
3980 3870 7004 4159 Und heiratlos durch fremde Lande waren
3985 4019 7327 4325 Wo fürd ich eine Heimat, nirg und einigens
3955 4184 6825 4461 Nur doch im Tode sind ich Ruhnen Rekte
3942 4282 7268 4661 des Todnus ists, der mich versöhnend ruft.
