7128 4856
4873 271 5402 592 Güte
3758 404 4163 647 1101
5408 478 6638 838 Ursprüngliche Schluß: 4
3730 761 5421 1118 Wollurfts mit Alltäglichkeit mit voll
3733 857 6297 1312 in't fiellt' ich einen Rauth so hold beginnen.
3774 1207 5873 1484 Und Zeiteckeit erblächte allen Linien
3847 1363 5733 1682 durch meine Palle suhr behagen schwoll.
4656 1631 4949 1838 Nalary
3863 1666 5717 1978 Doch während diese Kirche nach Durchglatt,
3924 1857 5854 2166 Mar ich eben Zeime wieder noch gekommen,
3924 2022 6252 2363 Und mühlig war den hold Rausch verglaumen,
3969 2236 5930 2535 Dienil ich meinen Hause Ihre durchschritt.
3959 2500 5666 2831 Une heute mit der Straß Lamm unklang
3949 2685 6061 3023 Um mich einzelne kühl und zwei stillaueren.
3981 2917 5867 3246 Dich mein Pilh sich in lassen Schauern
3959 3080 6239 3459 Die einlaarauf wirk, wie es war banz¬
3984 3427 6096 3809 Nach jene Stundt zog er mich & nächts,
4023 3644 5647 4000 die aber ihren hold vom gesucht
4055 3854 5880 4179 Nicht rechten Freude nur gekannt.
6268 3908 6692 4217 As:
4080 4010 5784 4354 Ach i den Alllegläßent geheiligt Glück.
