7080 4872
4783 262 5408 535 aute
4179 332 5985 657 den Dichter, dem s an Schnung so sehr getraut
6334 384 6505 604 2
4273 569 5747 744 Soll Abendend die Fuhl Ihren kühlen
3854 611 6125 957 Es soll dem Mude, dem s an Schwenz geleich¬
3819 524 4021 762 Nur
4116 845 4444 1020 dend
3906 786 6027 1108 derwegen wird die heißeine kühlen.
4811 1017 5021 1153 G.H.
4968 957 6383 1321 ich als Privatman fühlen,
3920 1048 4381 1237 th soll
3882 1104 4989 1401 Ich will getroß und
4144 1209 4933 1398 (tein) der ernst sich.
3847 1216 6495 1523 Und nun verdünter Mehr folgt mir nicht nach.
4909 1464 5227 1614 une
3892 1457 6355 1869 Wie ich auf! wie sie will ich diese Luft
4021 1576 4402 1729 him
3892 1733 6383 2082 Voll Toch Leopshauch und suster Langeweile
3927 1956 6428 2355 Auf daß sie meines Tiefsinns Schmerzen heile
3958 2135 6219 2502 Einsauzen, mich bernischen an dem daß!
3969 2502 6055 2826 Geliebter Pöbel, der vorleissigkeit,
3955 2704 6767 3095 Ahest du, wie wohl mir wird in deinem Reise:
3958 2959 6201 3309 Wie sich in Deines denkens stille Meise
3958 3137 6764 3574 Gemühlich nun auch mein Verstand verliegt?
