7811 5339
5522 527 5948 793 1879
4105 536 7505 1088 Barmizach. Heldengedicht in 10 Gefänger. (9 sind noch nicht gedichtet)
5206 915 6008 1160 Erster Gesang.
4118 1008 7303 1409 Lange schon freute mein Herz sich des langsam naheden Geburtstags
4118 1198 6050 1502 Denn am 15 Mai sollt 13 Jahre ich werden.
4118 1342 7007 1721 Von sah ich im Geiste die prächtigsten, schönsten Geschenke
4139 1552 6898 1898 rückte erwartungsooll in die scheierunhüllete Zukunft.
4134 1755 7210 2101 Viele und prächtige Flächer, die wäre mir schon lange ersprochen
4130 1865 7256 2282 Wolfgang von Göthe, z. B., auf der ich besonders mich freute
4139 2042 7349 2460 nun auch theillpargers Werke, die erst orts kurzen gestorben
4118 2219 7168 2645 Und noch viele darnach, nicht der Shakespeare zu vergessen
4101 2422 7028 2801 Nach eines goldenen Uhr hat'l ich schon lang mich gesehent,
4092 2620 7353 2953 an sein bescheidener Wunsch sollt endlich Heimge jetzt werden
4088 2784 7303 3084 immerstag Abends, - zwei Tage schon also vor einmal Geburtstag
4075 2940 7041 3274 etwa gewessenen Schrikts3 Namen in unsere Wohnung
4058 3067 7033 3430 Meine Großmann was die erste des Kleeblatts des Damen
4058 3236 6666 3615 die ihr folgte als zweite die Ehehölfte Schry Anton's.
4084 3421 6729 3797 Familie des Schw ist bekanntlich eine berühmte
4067 3615 7332 4029 nemlich in Bösch und Comptoir, so wie in der Schlach Agannung
4067 3822 7239 4168 melars, Ajax der Große und kleine Odyssees, Schelles
4063 3953 7206 4350 Wer die weiteren wissen will, sehr die grießischen Sagen.
4084 4151 6877 4582 ser besageten dann, der folgte Frau Bette vorschätzten
4075 4299 6488 4695 Verdrei begaben sich stehenden Pichtes inszimmer
