7636 5272
670 825 2646 1378 Ist alles reich geschmückt wie sonst
835 1078 2544 1480 In nächtlich frohen Festen,
863 1219 3319 1582 Siehst du am Kester die Schatten Eliehn
856 1364 3101 1787 Wie fröhlich taugenden Gästen?
789 1723 3164 2090 „ Mir dünkt es heute so still, mein Sohn,
899 1906 3002 2206 den Wind nur hör ich stärmen.
934 2033 3376 2375 Ist das die Burg von Wildenfels
966 2167 3446 2579 Mit ihren Thoren und Thürmend?
1022 2407 3189 2904 Wohl ists die Burg von Wildenfels,
987 2738 2653 3111 Doch ist sie zu Schutt verallen,
1054 2861 3076 3235 In Asche liegen Thüm und Thor,
990 3030 3133 3351 Ihn Trümmern liegen die Hallen:
944 3348 3781 3725 en Drum sich ich die Schotten der Taugenden nicht
1166 3538 2889 3869 Wie sonst bei frohen Dagen,
1131 3696 3432 4063 Hier, Vater, wir du nimmermehr
1216 3862 3097 4260 In deine Harfeschlagen.
1064 4077 3823 4609 im der Tod hält zwischen Trümmern jetzt
1202 4394 2766 4750 die schauervollen iste,
4317 687 6276 994 Nun ist der Sturm der Herfeinst
4376 895 6043 1237 Verstorbne sind die Gäste.
4387 1180 7153 1547 Jetzt pfeift und spielt der Sturmand auf
4155 1364 4341 1505 1"
4366 1364 6357 1684 zum schattenhaften Tanze,
4394 1515 6596 1839 Da schreben sie und Flühe dahin
6635 1646 6804 1758 11 17
4352 1681 6596 2023 In Stern- und Mondes-Glage.
4433 1984 6505 2326 Der alte, silberhaarige Mann,
4468 2171 6628 2488 Er hat es mit Schaudern gehöret.
4405 2361 6441 2593 „Valte Burg von Wildenfels,
4468 2502 6248 2819 So bist auch die zerstöret!
4553 2713 6367 3108 Auch du, wo ich so oft, so oft
4563 2988 6308 3295 Ihm Saal zum Tanz gespielt
4560 3154 6773 3400 Bevor das Alter und der Gram¬
4567 3330 6692 3612 Mein armes Herz durchwühlet!
4517 3563 6611 3992 Wo ich als Gängling einst geliebt,
4510 3809 6318 4140 Das einzg kal im Leben.
4560 3996 6794 4228 Und - wo ich der Geliebten mein
4549 4162 6392 4563 das Grabgeleit gegeben.
