7192 4808
4697 325 6640 687 Morgen andacht. "Gens aufgeblicht"
3789 422 4128 622 viter
5977 528 6418 730 zu nichte.
5312 668 6738 911 Und neige still zu dir mich hin
3820 788 5124 1012 Verschwunden ist der Mondenschein
5333 812 6625 1056 Will deinen Athem fühlen
3827 937 5037 1145 Von Zimmewand und Decke;
5355 991 6808 1203 An meine Lippen will ich ziehen
3832 1044 5297 1292 Nun gließt der diener Tag herin
5348 1154 6808 1434 den feuchten, morgenkuhlen.
3822 1224 4887 1458 In unser dünerere
5394 1400 6849 1658 Was hab' usall in dieser Nacht
3837 1458 5213 1711 die Lichter sind herabgebrannt
5461 1547 6760 1839 In dis hinein getrücmet!
3861 1600 5022 1839 Dich nicht löschen wollte;
5483 1714 6888 1930 den teib, von wilder Lust umfacht,
3851 1740 5382 2029 Das Glas, das auf dem Tische stand,
5461 1865 6890 2169 Mit heil'ger Glück umsäumet!
3868 1935 5138 2159 hin auf den Boden wollte.
5529 2097 6700 2398 Wie hab ich dich gebene deit,
3883 2191 5432 2424 Nun schleicht um unsere Schlummerstatt
5483 2304 6707 2569 Wie hoch anzugehoben!
3880 2371 5148 2612 Ein geltes Morgenleuchten,
5579 2427 6948 2699 Von einer neuen Jung freilichkeit
3902 2514 5384 2767 Noch sind die Strahlen allgematt,
5509 2622 6909 2885 den Glanz um disgewoben!
3895 2656 5379 2935 daß sie den Schlaf dir schuchten.
5574 2873 6987 3143 das war von einem Flote Wahn
3936 2926 5403 3232 Und bleichs, in dem verschenen von Licht,
5586 3037 6758 3326 der trügevolle Schimmes.
3933 3090 5280 3374 Inmitter selbst Linnen
5570 3234 6950 3509 Ach, was diese gefühlt, gethan,
3928 3254 5408 3557 Schau ich, wie um die Angesicht
5591 3444 6962 3687 Schleppst du mit der für meiner
3948 3473 5456 3743 die Tocken einzeln und meinen
5302 3984 6603 4273 er zu sein und statt sein
