7549 4984
4910 720 6111 1070 Haufner Slärm.
4027 893 4349 1208 12 X
5550 1056 6032 1215 ƒ
6222 987 6406 1229 P.
4068 1073 5890 1406 Ein Harsen aus entlegerm Frauen Land
821 1056 2787 1437 Und du sahst die Stunden wieder
6250 1205 6447 1333 G.F.P.
4034 1253 6004 1555 Miese ihm verschand flauen Moas gezogen.
6309 1292 6478 1506 P.
817 1309 2638 1596 Stunden sel gar Wänmerei
4079 1402 6035 1683 Weit und eintöbrig dehnte sich der Stad;
862 1461 2746 1749 Und (die sangst von neuem tieder¬
4058 1565 6347 1859 Weit am Antrag beruchter fort der Morgen
852 1690 2365 1922 Oerwach! es ist vorbei.
4096 1728 6253 2098 Grau senkte sich des Himmel übers Meer
859 1891 1433 2123 Von gar
4082 1946 6122 2209 Die dunkeln Wolke Elohen hin und stoten,
904 1974 3158 2230 von gar weichem Korn umschlungen
4034 2039 6343 2420 Als zog ein Steier Auf ihrer Schwinge her,
918 2123 2891 2420 Von gar süßen Mund geküsst
5817 2233 6208 2413 be, oben.
4075 2216 5793 2566 Und trieb sein Spiel, das unruher
918 2299 2846 2576 Hast dienst so frehgesungen
5814 2361 6004 2465 G.C.H.F.P
4148 2455 6368 2753 Ein unseren Tascherhauschen lag an Stamm;
976 2438 3089 2756 Und du glaubst, daß du vergeßt?
4155 2635 6343 2936 Der kalte Wind Jahr durch der Forst scharfe,
4148 2749 6464 3123 Und an der morschen, Hall verfallen. Wenn
942 2756 3106 2988 Willst dich nicht um sie betrüben xxx
495 2905 3282 3192 Und betäbst heiß, als wenn sie fremd der wär¬
4138 2933 6440 3327 ting – längst vergessen – eine Amohtshofe
537 3095 3154 3383 auf mehr Aß, du glaubst nicht mehr zu lieben,
4165 3151 6444 3646 der Harfner schaute zu des Molke Schaar,
512 3255 2825 3546 und mahl Und duliebst nur allzu sehr!
2607 3376 3757 3542 Willst dich nicht an sie betrüben.
5280 3359 6094 3646 wildetes Hause;
2604 3459 3774 3653 Und betrübst dich mehr und mehr!
2663 3549 3791 3750 Glaubest sie nicht mehr zu lieben
4186 3525 5301 3771 die immer näher immer
5280 3570 5703 3715 being
4217 3518 6423 3968 Er sich ins Meer, das schon vor der Gefahr,
2715 3615 3781 3847 Und du liebst nur allzusche!
4224 3712 6586 4117 Zur Küste hin und wieder rückwärts brachte.
2098 3649 3033 3971 Schmitgely
1271 3688 1963 4016 tetten.
5118 3947 5450 4086 ooura
6333 3999 6596 4214 D'
