7560 4984
5143 214 6255 715 Tempo parrat
5962 647 6765 937 1876, 25. tpril.
4636 627 5576 970 Die Wellist schön.
3795 1036 5464 1340 Euch allen ruß ichs zu zum Trotz!
3822 1263 5335 1540 die Welt ist schön, ist Schön!
3836 1386 6047 1723 braucht ihr sie dem bei Sturmund Nacht
3795 1584 5066 1888 Nur immer anzusehn?
3924 1923 6020 2247 Seht sie auch an im Frühlingsglanz,
3885 2148 5384 2447 Bei hellem Sonnenschein.
3891 2324 5877 2630 Erstin des Lanzes froher Zeit
3888 2502 5907 2800 könnt ihr der Welt auch Freun¬
3935 2841 5751 3162 doch geschärger mit eurem Lieb
3943 3052 5225 3335 Durch schättige Alleen,
3978 3181 6135 3515 Dann ruft ihr erst aus voller Brust:
3970 3378 5754 3707 „Die Welt ist schön. I /z schön
4444 3847 5751 4162 Arthin Schmöler
