7160 5016
5503 520 5959 814 Schönste.
4379 777 6216 1199 Anfang vom Ende.
4166 1249 6800 1708 Daß all das schöne nun längst zu Ende,
4126 1634 6006 1847 Wie könntest Du's verstehn?
4143 1786 6405 2087 Ich hab ja die lieben, süßen Hände
4146 1972 6432 2323 Geküßt beim Kommen und Gehn.
4160 2370 6834 2606 Und hab' in deinem dämmerigen Zimmer
4156 2546 6006 2779 Mit dir gekost und gelacht¬
4166 2775 6884 2951 Und hab auch geplaudert mit dir wie immer
4166 2937 6141 3197 Bischhät, bis spät in die Nacht.
4203 3241 6752 3518 Im Heimgehn wieder, durch stille Gassen
4207 3464 5895 3731 Schlich's über mich so baug,
4187 3640 6661 3937 daß ich mein armes Mädel verlassen
4173 3835 6098 4143 So lange schon! ach wie lang.
