7766 5308
4915 182 5097 517 4
415 618 3158 1008 Und mir dawerte plötzlich sich in der Stale ein Etwas
419 796 3484 1262 Und wie ich träumend da stand, da wird ich ins Zimmer gerufen
4932 703 6778 1092 Carthages Prumet
411 970 3311 1401 "Mach Dir die Haare zurück", so sprach die nama wie gewöhnlich
5965 1008 6876 1274 zu Wien.
415 1202 3323 1609 Und gehorsamen Sums strich aus das Störn nur den Haare
4433 1097 5703 1435 ade November 1875.
411 1342 3158 1765 Betti Horschatzky's Tages, erwähleten tief in die Talfe¬
394 1482 3806 1939 Endlich nach längerem Zuchenhalt sie das Gewünschte gefunden.
423 1626 3628 2087 „Arthur, u. wünsch dir viel Glück zu diener drie hohen Gebätstag
4522 1613 6694 1939 Auf den Trümmern von Carthago
495 1808 3734 2210 Sei immerbrad und glücklich und nach denen Eltern viel Brude!
4530 1825 6080 2070 Steht der große Römerfeld
500 1960 3768 2422 Und ein Notiztisch geht ich im Augenblick schon in den Händen
4517 1977 6245 2252 Seigio der Feldherr Romas,
491 2202 3700 2566 Gante Marie brükte mir eine Portemonnaie in die Hände
4454 2151 5940 2456 Der Fügerin der Wilt.
580 2316 3810 2756 Brunnen, da lagen & da katen, in glänzend gediegener Gold,
4403 2379 6418 2773 In die Läfte flammt das Auer
593 2566 3874 2947 Und ich empfahl mich mit Fremden gleich von der ganzen
2841 2684 3768 2989 Gesellschaft.
4378 2655 6198 2909 Schreckersvoll in votum Schein.
4318 2820 6507 3133 Und dem Jartaros, der düstern,
4340 3002 6338 3273 Soll die Stadt verfallen sein.
1215 2964 2879 3476 Ortter Schädler
4361 3290 6571 3628 Und die Flammen kurzen weiter,
2265 3319 3167 3726 Mai HJ5
4361 3527 6224 3743 und die Feuer wirklich fort,
4314 3705 6249 3950 Untergehen soll Carthago!
4357 3857 6753 4179 Ist des Rechtsals fürstres Wort
