7176 5064
4648 754 5399 1114 1-1
3826 1179 6015 1695 Es ist vorlei; bevor ichs nicht erlebt —
3801 1352 6563 1908 Stödni, ich ich in der Empfindung schrelzte.
3812 1745 6556 2175 die Kinde blüste Raum, die Stunde welkte.
3873 1980 6650 2398 Raim daß ich mich bekam, ist hiebei 1/2 hebt.
3841 2463 6506 2863 Nie will Emmerung sich mein erbaren
3898 2672 6675 3094 Almösse schenkt sie – Traum schickt sie wird.
3916 2907 6661 3386 Ein Bettler ist mein Zeig! Verlangt nach der
3931 3155 6837 3671 Gebräumtes Glück, vertittert mir die Armee
4108 3624 4807 3999 Febr St
