7128 4968
4757 575 5901 804 Cabinet particulier
3751 674 5589 1066 Jid & 3 Laison: -
3898 1053 5511 1434 Sag, warum du lächst, mein sießen Kindesen,
3959 1362 5257 1575 Wie ich dich umann in Liebesglut,
3997 1503 5409 1707 Wenn ich küsse Dein vielholdes Mündchen
3997 1646 5417 1859 Und dir sage: Mäid! ich bin dir gut
4185 1782 5343 2011 Weil ichs nicht glaube, besten!
3967 1937 5544 2193 Sag, wenn du lachst, o trautes Wesen¬
3948 2080 5740 2365 Wenn ich schawestend etwas Auge seh!
3989 2229 5876 2495 Mein Geschick darin - mein Glück zu lesen
3961 2365 5856 2591 Meine Seele kust und ach! ihr Meh¬
4216 2550 5542 2768 "Weil ichs nicht glaube, theurer!
4008 2727 5594 2920 lag warum erlachst die engel schöne
4044 2821 5909 3077 Wenn du selbst nur hinste Küsse gibst
4003 3003 5898 3221 dass ich schiene Heilreich nach wähne
4083 3163 6307 3392 Wenn du selbst und sagst, daß du mich liebst:
4224 3318 5749 3542 Weit es versglaubst, du - Gutes!
5042 3713 5682 3972 tolle
3926 3948 4478 4216 21. Juli 83.
