7032 4552
6145 513 6638 746 1. Aug. 80
4175 484 4432 828 0
4525 542 5964 862 Orchester des Lebeus
4184 932 6442 1270 Verklungen sind die sollten Trustuliret
4047 1139 6107 1448 Die vollen Tübeltöne sind verstümmt
4062 1358 6267 1576 Eintönig ich hör ich nur, wie immer wieder
4053 1518 6259 1777 Der trübe Fahr des Lebens sämmt und bumm 1.
4003 1699 6157 1993 Der sanften Flote heitres Tirdloren,
4012 1897 6177 2206 Das immer nur von Glück und Lieb sang,
3977 2048 5941 2337 der lußen Geiger Tincte und Verlie¬
3960 2217 6087 2547 dem hellen Jugendenuts Trangetenklang.
3942 2506 6285 2806 dahin... verfällt. Das ganze Zielwillenden,
3869 2593 6171 2937 Da jede Spielen seines Todes vergisst.
3884 2844 6221 3121 Nur einreich mit unermünte Hände
3867 2952 6198 3217 Führt seinen Tagen - Trübsinn, et kassist.
4779 3397 5498 3724 Orlesen
