7112 4968
3973 771 6375 1153 Hr. Jid. Von einer weggeworfnen
5264 941 5930 1180 Havamah.
4144 1090 5829 1392 A der heutige Herr nach!
4150 1276 5685 1533 Deine blauen Wolken schlage
4114 1410 6014 1682 Sich eines Haupt des reichen Weltmaus
4081 1586 6062 1876 Und die schwanktest ihm so herrlich.
4030 1748 5593 2026 Als er dem Groma ein sog,
4000 1909 5966 2205 Nach dem äggen Mahle, schlächen
4066 2082 5634 2393 Eine Schultesten Moteur.
4051 2336 5605 2539 Aber denen Auf den Spazierge,
4051 2471 5649 2734 Als - dein Feuer ausgegangen,
3949 2635 5521 2904 dürf erachtlos doch zu Boden.
4123 2817 5560 3086 Und es kam ein Tageböhnes
3899 3005 5434 3265 Hob ich sogleich auf vom Wege,
3979 3146 5431 3367 Mußte müßt zu entzünden,
3923 3259 5339 3483 Und was noch von dir war übrig,
3991 3385 5987 3663 hat ihm zur nicht schlecht gemeindet.
4036 3570 5614 3875 Freilich lang hat nicht gedauert
4006 3773 5661 4006 bald wars aus mit denen Riften.
3923 3905 5876 4171 Und wie bald, laße die von innen
