7656 5288
668 990 2714 1397 " Sie haben recht, mein Fräulein
749 1286 2008 1555 das seh ich alles un,
845 1428 2541 1716 Wies unstens ist gewesen,
883 1574 2541 1927 So kann nicht immer sein.
806 1942 2583 2207 " Doch eines, geehrtes Fräulein,
940 2127 1401 2280 Das muss
864 2131 2399 2407 Meß ich Ihnen noch gestehe,
898 2246 2733 2557 Sie seit viel schöner geworden,
937 2422 2534 2764 Sie ich Sie nicht gesehen!
1013 2772 2557 3067 Die langen blonden tocken,
1033 2921 2749 3240 Sind länger geworden und dicht,
1044 3052 3843 3351 Und edler ward Ihre Haltung Gestalt marxedler.
1036 3271 2714 3608 Und lieblicher Hr Gesicht!
2111 3509 2875 3724 sind schöner
1102 3570 1386 3754 Ams
1059 3635 2829 3939 Und diese tippen, an denen
1071 3762 3106 4107 Auf denen mein Stund geruht:
1317 3965 3036 4273 Auch diese tippen, auf denen
1328 4130 3182 4449 Sonft gerußt mein Stund,
1344 4315 2783 4603 Sie ich so oft geküssel,
1328 4468 3693 4829 Ich küst sie & sie noch lieber setzung!
4134 779 5547 1002 Meckler gefallen Sie jetzt ging
4130 814 7221 1098 zu schienen wir jetzt viel schwer jetzet zu scheinen mir jeztömlschön
4392 983 5735 1274 Fürwahr, das gestehe ich
4380 1140 6464 1443 Und nun - mein letztes Geständnis -
4361 1340 5689 1635 O Fannes - ich liebe dich!
4338 1681 5823 1981 Ich fiel zu ihren Füßen
4361 1862 5793 2127 Sie beugte sich über mich,
4411 1996 6415 2284 Sie künfte mich auf die tippen,
4587 2180 5244 2326 Meinertheil
4430 2180 6161 2511 Und flüstert, "Ich liebe dich!
4395 2445 6104 2802 So geht es auf dieser Erde
4476 2695 6000 2994 Im Leben jedermann
4441 2825 6503 3144 das alte Eündeln um Lieben,
4464 3044 5512 3351 Er fängt von
4495 3286 6979 3631 Das Schepen und treten und Kässen
4507 3551 6649 3793 Fingt wieder von vorne an
6637 3662 7401 3916 Nur war es jetzt
4511 3708 6560 4015 So geht es auf dieser Erde im
6718 3835 7409 4084 eher gefährlich
4687 3900 6288 4188 Im Leben jedermann.
6257 4027 7455 4280 Wie man sich denken kann,
5171 4054 6292 4399 Artheur Schnitzler.
5512 4211 7390 4522 den 4. October 1876. Oulungwolle
6729 4399 7244 4606 Eaged de
