3640 4847
1311 175 2570 444 Erster Eisang
645 333 3462 662 Wie sichttilig verbinden und ver¬
931 529 1994 743 lieben thäl
265 717 2787 901 Eslebte einst ein Mädchen, das hieß Ottilie
282 820 3360 1050 (Ihr Vater der ließ Mautheer, u. war ein Juwelirer
239 956 3389 1140 kein Kind soll sie besingen, die wouevolle Meid
269 1054 3569 1392 So sich und lieb und nun ich und reizend, lieblich, grundgesch
141 1319 3112 1635 Die sollst Latin studiren, so sprach der Vater sehr,
137 1481 3573 1814 Auch Griechisch und viel andres, mein Kind, das ist nicht schweter
132 1678 3099 1938 Zwar bist du etwas üppig; doch Männer auch sind dick;
120 1840 3372 2122 das sah das Kind zu Boden mit Augen sanft u. schömelin.
137 2023 2685 2382 Sie dachte wohl der Buben, die im Gymnasium
90 2275 3082 2536 Drum ward seerth ein bisschen, und drehte rasch sich um
137 2390 3445 2723 Und sah sichke im Spiegel das heißt; sie wollt sich sehe
1545 2578 1874 2689 dreihe
111 2570 3419 2847 Sie war ein wenig klein, nach und stellte sich führe zehn
124 2894 2984 3103 Dann mußte sie noch hupfen, bis sie sich endlich sah,
120 3022 3108 3317 Und jetzo schritt von dannen ihr lächelnder Spaga
102 3172 3432 3436 Am nächsten Tage war es da kam der Schneider Schnub
2903 3342 3146 3466 wirste
3176 3372 3372 3492 by
120 3321 3240 3624 der sollte Hosen messen. Ha, sprach er, ihr beb¬
115 3543 3253 3910 Ja, sprach der edle Vater, dies Mädchen ist ein trub
124 3782 3389 4068 da lächelte verstohlen, der oder meister Scheub¬
