7628 5112
4374 522 4775 823 S.
5103 676 6436 934 Uoderne Balladen.
4346 1042 6145 1315 Wie geht so zierlich sie und nett
4321 1214 5837 1489 Spagieren auf dem Ringe,
4333 1378 6332 1696 Wie steht das gütchen so kokett
4280 1595 6039 1863 dem allerlebsten Ange¬
4273 1913 6135 2211 Schon Sonntags auf der Landgartie
4194 2120 5565 2375 Olrich ihr nachgegangen
4200 2276 5921 2546 Hölihre süße Koketterie
4194 2443 6090 2751 Mit ganz und gar gefangen.
4179 2776 5979 3079 Auch hat ihr dunkles Augenpaar
4200 2945 5704 3246 Schon oft nach nur gesehen
4172 3127 6203 3405 Und diesem schwarzgelockten Haar
4172 3304 5842 3627 kann ich nicht widerstehen.
4242 3662 6163 3947 Ich thu ganz leicht, und gebe mir
4189 3844 6009 4111 den Schein, als seis zum Sposte
4237 3985 6004 4298 da liegt sie von - ich folge ihr
4237 4164 5984 4487 Rasch in die Sevenstraße.
