7400 4840
461 578 2513 932 Und oben unter der Linik
798 863 1055 1031 by the
1781 1808 1990 1997 G.C.F.P.
5373 602 6088 880 Träume
3922 925 5617 1189 Noch keinen einzigen, kleinen Ruß
3970 1128 5280 1327 Von ihrem rosigen Munde.
5796 1131 6854 1444 den 24. Juni 1876.
3950 1231 5981 1540 Und wenn es einmal geschehen muß,
3970 1409 5397 1708 Sonst's noch in dieser Stunde.
3878 1743 6139 2062 Sie kann mir nicht zürnen, sie liebt mich ja noch,
3874 1887 5548 2176 Sie wird nur lächeln und scherzen,
3850 2045 5950 2365 Und züret sie, so hab ich ein Küstchen doch,
3853 2258 6129 2540 Und kann ihr Zürnen verschmerzen.
3960 2461 6064 2839 So dacht' ich bei mir, und dachte sehr schlau, —
3874 2722 5772 2984 da kam mein geliebtes Kindsen
3857 2891 6624 3180 Die Haare so bloed um die tugen so blau,
3843 3035 5699 3345 Und rosig das herzige Mündchen.
3833 3362 5758 3685 Sie kam zu mir gleich und läd mich ein
3833 3523 5442 3809 Mit ihr zu gehn unterdessen
3850 3695 5926 3974 Und als wir schieden, da Fiel mir ein,
3853 3867 5710 4187 Ich hatte das Küsschen vergessen
4362 4056 5638 4441 Arth. schrützlich
