7656 5112
3820 631 6095 976 Kurz, was er thate und gethan hat
402 771 3164 1107 Wer ist nicht, dem die Brust gersprang,
3836 771 6226 1164 Kurz all sein Thun und seine That.
357 902 2804 1295 Wie ich die blonde Fanny besaig.
3853 1123 6624 1476 Das Undüberhaupt will ich Arthur Meyer 9.
324 1291 3287 1590 So ist es denn jetzt des Verfasser's Willen, 5.
3931 1267 6800 1599 Sehr clarus machen mit meiner Lager,
324 1418 3373 1746 Mit Freude die Leserschaar zu erfüllen;
3968 1480 6726 1738 So daß von seinem Ruhm die Welt,
414 1635 3386 1967 daß jetzt schon vor der Thüre stehen
3951 1648 6603 2017 An allen Eikon schallt und gellt.
418 1816 2840 2119 Verwicklungen und getrigen.
3976 1980 7283 2361 Fa falls es im Mond gebt menschlich, ullsen 10
512 2140 3377 2521 Jetzt treten auf die Intriguanten 6.
3992 2201 6820 2504 Und dort mein Epos wird gelesen,
459 2349 3713 2660 Verleumder, Schwätzer und Tykoghanten,
4025 2369 6730 2709 Soll man auch hören dort und da
500 2570 3582 2865 Wie denn gar manche Männer und Frauen
4074 2529 7038 2881 Von Arthur und traurig die nomine
500 2726 3095 3107 In diesem Gedichte sind zu schann.
4021 2873 7214 3234 Und nun nach dem ich die Absichten 12.
3414 3058 3615 3287 7.
570 3058 3353 3398 Dann kommen Schuler und Professoren,
4033 3054 6878 3406 Weswegen dies Gesuch that dichten,
4115 3234 7218 3570 Vor tugen und Geister klar gestellt,
557 3254 3295 3607 tuch junge Mädchen und Doktoren,
4086 3422 6997 3800 Wohl aller Menschen und aller Welt
566 3427 3340 3709 Kurz alle Menschen; die ganze Welt,
557 3619 3357 3935 Wird vor die Augen hier gestellt.
6964 3734 7230 3959 12.
4111 3779 6755 4148 Sowill ich mit neu erwachtem Feuer¬
598 3943 3603 4271 Kurz - trück Meyer's Liebeshandel, 8.
4136 3939 6947 4353 Begeistert schlagen meine Leger,
619 4107 3558 4488 Semganzer Liebes- und Lebenswandel,
