7560 4968
339 694 3235 1041 Athen! Ich dacht' es nicht, als ich verstoßen
321 973 3201 1251 tus deinen Thoren schockt, es sei für ewig
279 1131 3368 1418 Noch lebte seits ein Hoffnungsstrahl in nur,
279 1328 3158 1581 Der mir den Weg durchs Leben Fol erhellet,
304 1474 2631 1787 Daß ich die Sitzen der Akropolis
309 1663 3269 1941 Noch einmal freudz wird ersehen würde!
330 1757 3565 2044 Die Hoffnung hat sich nicht erfüllt. Der Strahl
274 1928 3098 2241 Der letzte, der noch leuchtem durchs Gewält
300 2100 3509 2412 des Unglück glückverheißes durchgebrochen,
364 2275 3179 2528 Oderik fingeschwand in die Nacht
364 2451 3077 2712 Und in des Elends Nebelgruft versunken,
373 2605 3407 2888 Ich seh' um mich, - es starrt so leer - so kalt!
411 2764 3167 3072 So soll ich durch ein Eerstres, oder Lben
369 2931 3004 3248 Verlassen wenn ich vereinhamt gehn?
339 3034 3694 3394 Myn zu das Iraus tiefer will ich schreiben
364 3252 3107 3587 Ehr die dem Tod mich gefen, o theil
4932 600 6629 930 Die Wohlthaten.
5472 870 6723 1183 Nach Lissing
3895 891 4816 1157 Am 5. Juni
3899 1131 7040 1513 Ist es nicht unser Geschlecht, so sprach die Biener zum
6282 1363 6950 1594 Menschen,
3874 1521 7066 1744 Dieser von den Wesen der Welt kurf mit Danrbesten beschickt?
3929 1740 7233 2001 Gibts wohl ein und Disches Wesen, das euch mit größerer
6188 1843 6937 2125 Mofltsat
3809 1945 7250 2284 Als die Biene beschenkt, die auch den Honig gewährt?
3908 2172 7242 2502 Größere Wohlthat, fürmahr, so sprach der Mensch zu der
5990 2352 6539 2554 Bierne
3934 2498 7207 2820 drückt mir die Wolle zu sein, die uns mit Wärme
6196 2665 7032 2948 umgebt.
3989 2751 7250 3154 Höher schätzlich das Schaf, das uns die nützliche WollA
3964 3012 7096 3235 Als die Biern die uns lieblicher Honig gewährt.
3976 3149 7297 3445 Süß wohl schmeckt nur der von g. doch wärmend
5810 3321 7195 3539 umgibt dich die Wolle,
3934 3428 7276 3801 Und was von Stützen mir ist, zieh ich am lieblichen
6385 3664 6989 3878 vor.
4006 3724 7310 4131 Und nichts hab' ich zu furch den gewährt mir das
5840 3968 7284 4268 Schäfseine Wohlthat.
4019 4066 7220 4482 Aber Dein Stachel, o Brau mindert des
5870 4302 7242 4598 yönigs Genuß.
