3896 4856
93 240 3154 663 D. Otto, der vermeinte, ging mit Herrn Horn nach Haus
110 427 3317 821 a sprachen sie par vieles von Scheekens wildene Gräus¬
2232 561 3321 748 satz nicht ge¬
154 679 3106 1037 küssten sich zum Abschied, Horn wußte nicht die
98 732 3285 1163 ist er soeben helst grad gelegen an eines jugen Mädchen Buch.
98 1093 2801 1427 Oltilie, der schönen der schlug so hoch das Herz,
77 1244 3337 1569 im Liebeslust, und Freude, doch auch in Heimerschmerz.
93 1374 2967 1736 Sie hatte Richard Sporne, so lieb, ach gar so liebt
1581 1496 3390 1850 Wenn doch auch Richard sitzen blieb.
110 1671 1280 1967 sprach: Ich repetire —
98 1801 3374 2191 Mit diesen Worten machte sie auf den Heimweg sich,
93 2004 2870 2366 deren auch er mich liebt, „Rixar“ ich liet die
102 2146 2862 2484 So dach sie mir schon sie, die Maid Oltilie,
98 2272 2939 2679 Und so begandenheit Ottilieres Noth u. Weh.
