6400 4072
275 405 2298 762 Ach das Narr mit der Norrenkayge
251 689 2685 1001 Ich der Schelm mit den schallende Scheller,
272 889 2628 1191 Theipand als Urgend et Alles!
1509 1237 1708 1451 P.
1261 1225 1512 1521 S
4164 396 5086 735 Begeistimm
3426 571 3774 835 T.
3414 723 5645 1089 Mit einem Stal entflieht den wilden Sinnen
3426 952 5231 1219 der dichtkunst erlaufgeregtes Wort,
3441 1025 5727 1315 Wie Stromesvellen muscht es kühe von hinnen
3390 1182 5775 1476 Und reißt Gedank und Fühler mit sich fort.
3429 1336 5503 1642 Ich sehe Luft hellfremnd; um mich strahle,
3399 1482 5279 1763 In neuen Büchten alhie ich hochenzuckt,
3393 1575 5579 1911 Und sch’des Erb abzugeschein, der fahlen,
3396 1760 5558 2059 Verblaßt und banz, zur Ferne weit entrückt.
3456 1990 5497 2331 Wie hab' ich Dich, du sagen holch Stunde
3465 2141 5506 2501 So lang und ach wie heiß? — Frebeigeschel.
3468 2337 5515 2631 dene aus Gefilden tönt und dem Kund
3492 2492 5518 2749 die ich für mich verschlossen sich an gewähnt
3492 2570 5533 2888 Und neuersteht ein heiliges schönes Ahne
3495 2697 5697 3030 Undwieder fühl' ich gewissend, wie mein Geist
3492 2827 5911 3169 Sich hie schwingt zu übe längstentröseten Bahnen,
3514 3051 5485 3384 Mo ihre die Mühe Ziel und Wegeweiß.
