3896 5028
405 409 2680 798 Ich werde mein ticht am Schreibtisch agiret
385 662 1915 935 Und werde doch nicht Ruhe Ende
389 848 2457 1154 Werd Mathematiklernen in Liebeschieden,
372 1034 2366 1348 Was helfen mir die trocken Jahlen¬
430 1394 2556 1717 dann wod ich plötzlich denken?  Sieh da¬
418 1580 2283 1886 Ich bin ja nicht verliebt in die da¬
414 1779 2089 2068 Sehr lang geraten ist hoe Nähe
418 1961 1990 2271 Viel schöner z. B. ist ihre Bahn¬
496 2254 2436 2618 Weshilfte - ist ihre Nach' amslange
434 2531 2354 2821 Mir ist entsetzlich nach ihr tange¬
447 2705 2387 3015 In ihre Dame möcht ich Ehegen
459 2908 2420 3218 und küssend er ihrem Lippen liegen.
480 3181 2949 3590 Und jetzo, jedochsalloh in dieser Sachen
1224 3462 2982 3743 Gest sie ins Conservatorion.
1588 3623 1779 3723 sens
1117 3640 3541 3929 Und heute, ich xxx das ist sehr erfreulich
1092 3814 3264 4128 Ist im er noch der Himmel bläulich.
352 4045 3673 4314 Und inde da, wie sonderbar) Wardmanches helde Frauen nach
2039 4248 3578 4451 Wir künfen uns, da wir
707 4264 1882 4509 gag da dieser sang eut
2387 4347 3590 4542 nusfauven 25.9.8
1245 4405 1791 4537 stauauau
