7176 5080
1065 952 3171 1231 doch auswollichsall tegenen
1005 1108 3316 1485 Und sie fehlen sich zum Tisch,
995 1203 3573 1746 Plötzlich scheandte, sie von seine
1069 1566 3189 1990 Liesten und beschrieben Misch
1079 1944 2871 2342 i nach dazu ihr gezahlt.
1079 2109 3408 2529 Und ich las. Und da erwacht ich
1090 2427 3055 2864 Osne jeder so agnatet, wie
1108 2589 3468 3108 Mitteis tödten Dichter dacht ich.
1111 3083 2921 3573 Und was jach aufgeschrieben
1146 3397 2656 3746 Seid nach R. ich heute
1136 3513 3471 4004 ihn mein Deinen, den vielleiten
1104 3859 3316 4307 dene Antwort zu bedütz.
4639 991 6021 1358 Hieza Schaffé schrieb
4025 1288 6709 1760 Ja in Wll kann man leicht versinnet werden
4028 1534 6544 1926 Tödtlich aber ihrs, grad heut verneuert worden
3975 1792 5845 2113 Gfern wir ich heut in Kirchenau
3993 1915 6713 2296 Und der schöre Tag muss hier vertrauet werden
4028 2198 6618 2557 Ach und dennoch ihr Geschick nicht allgemach
3944 2413 6787 2762 Und die Fiele muß zu Erse nicht erschwert werden.
3933 2660 6346 2960 dens ist sich von einem schönen Frau
3845 2893 5065 3101 Redenert werden.
4981 3027 6053 3358 Heim Werk
3884 3305 5503 3676 Die Fühlebein stellt ausser
3940 3475 5365 3781 Auf ferner Eplanade
3887 3616 6078 3997 Ihr Alläfert, entschlimmens prakt es
3884 3841 6004 4173 Hier ist das Leben so für Eiche
3916 4085 4984 4289 The timmt von
3908 4131 5725 4420 Um der zur selbige Zeit
3930 4148 6254 4558 keit freilich neutlicher Aufsranz
4000 4409 5432 4667 zu Seherselskant,
6632 4455 6868 4667 at the
