7192 5112
930 1192 2656 1714 heut bußte er seine Leise
951 1462 3017 1790 Und thut was ihr nicht freut,
974 1638 3349 2034 In Wolfgang geigenen die Schreiß
957 1834 3041 2248 Und er - weilt in Baizrukt
1127 2113 3079 2609 Im Cushaus auf der Teerthe,
892 2416 2762 2844 Da spielten Johann auf
936 2600 2982 3035 Die Geizin gänfzte und lachte
930 2829 2774 3234 der Gmbal klagh dreut
1039 3102 2850 3563 Ich sehr vor nennem Wenn
1033 3384 2627 3669 Som lanci wie er nicht
992 3499 3044 3930 Ich lausch und hält die Hand.
960 3807 2894 4247 Vor Augen und Gericht.
3877 863 5714 1277 Das Cgmbal und die Gegen¬
3874 1086 5717 1488 Eyällen mir eine Kommer¬
3980 1265 5847 1691 Ich hörtt ihn an bis zu Ende.
3836 1465 5849 1881 So was der Abend verthan¬
3877 1720 6026 2166 Am nächsten Tage - am Vorle¬
3833 1999 5826 2363 Nie sah einen blauern ich
3874 2192 5805 2553 Fuhr ich jene Männergefang
3862 2407 5791 2753 könnte nach Ebensee;
4100 2715 5949 3182 mit zweien guter Kunigung
3927 2882 6014 3311 Laublt in den Smitcken
3945 3140 6202 3578 Und heute ein graßlich gebreuen
3939 3402 6243 3783 Bis wieder der Tag versand
