7144 5016
4566 1024 5400 1321 Zweite Siebe
5331 1226 6710 1581 Mein armes Zeg und vollestelt,
3787 1346 5173 1701 Ich dacht, es sei zu jedes einmal
5283 1449 6739 1756 daß es dies nochmals kosten, soll,
3787 1504 5181 1826 Mit wahrer tretenbitterer Qual.
5258 1614 6736 1892 du Born von tausend Klagen.
3820 1687 5137 1987 Nur heitere Liebeleien
5291 1811 6747 2115 Ich glaub' ich kanns nicht tragen.
3801 1873 5148 2151 Wollt ich mich fürder weihen.
5313 1935 6849 2360 Vom Himmel kommt wie Lauenblick
3831 2104 5217 2514 Zuschmeylich durch das juge Blut
5276 2126 6765 2481 der Liebeleien Flüchtges Glück
3805 2316 5115 2656 Flog seines ersten xx Glut
5214 2404 6341 2737 der Siebe ganze Rolle
3842 2506 5159 2803 Nun wollt ich schlagen, lachen,
5265 2503 6765 2898 Entwort allein der Halle
3816 2711 5060 2993 wo früher gegen brachen.
5283 2748 6827 3059 die Teufel alle kann ich noch.
3838 2883 5206 3227 O daß so kurz die Freude war!
5331 2989 6754 3278 Der böheste von allen doch,
3871 3154 5283 3501 Nun hat mich wieder ganz und gar
3867 3139 6805 3567 die Sieb zu einem weibe, die mich zu quälen komen
3849 3399 6798 3853 Erfasst an Seel und Leibe. Höchst Eifersucht mit keinen
4401 3736 6161 4065 Und lachend tagen sie, um mich
4453 3882 6081 4211 Joharmer fülle Ruh auf Stich.
3816 3893 4240 4142 Rensum
4456 4120 5876 4390 Gegenst Eink ich nieder
6070 4043 6842 4365 A R seher.
3867 4112 4251 4376 Jul 15.
4405 4219 5945 4515 Undach! und liebe werde
