7656 5368
4816 636 6624 997 Die Jagdnach das Seinte.
4078 863 7337 1172 Angefährl. Jagdabenteuer v. Poeten. den 31. Mai 1817
4289 1070 6616 1378 Für eine Zeitung sandte ich ein
4273 1253 5700 1577 Emmal Gedicht ein,
4305 1411 6308 1731 die sollten hübschund säuberlich
4289 1630 5752 1938 Und humoristisch sein
4366 1913 6709 2177 Nach kurzer Zeit war Omtwort da¬
4382 2104 6121 2404 Drei Tage wohlgezählt
4240 2165 6806 2607 „ Sehr hübsch, mein Herr, doch die konnte
4232 2469 5671 2789 „Ja, die Printe difehlt.
4350 2777 6790 3113 Ja", dacht ich, "excellent der Witz¬
4265 2959 6304 3259 "Mir fällt was gutes im -
4273 3138 6656 3486 Ich mach: die Jagd nach der Pente,
4293 3324 5724 3648 Und schicke diese ein.
4496 3584 7240 3993 kaum soll' ich das Gedicht gemacht -
4463 3819 6340 4119 Wares schon eingeschickt
4459 3965 6928 4333 "Jetzt" weint ich "was es es wunderlich.
6936 4046 7139 4317 0
4451 4143 6871 4483 u Wenn der Versuch uns glückt
