3624 4616
1497 424 2304 641 En l'œur, et de la foisse de la Bateaux
1418 659 1806 738 J’ai puisqu’il m’a eut aucune
2452 620 2987 912 Juni 25.
1223 807 2214 1057 Was ist Lieben?
749 1065 2154 1260 Meiner Herzöllerliebsten
585 1210 1961 1592 Einen Alter hörtich singen,
596 1495 2075 1732 Und er sagt ein Leid vom Lieber
498 1634 2104 1808 Kloester Liebe, Freud und Leuten
498 1801 1700 1964 Ässele Worte ausgeklenken,
514 1872 1927 2109 Trätich zu dem alten Aron¬
501 2030 2033 2299 Und ich folgt ihn? Wärsche Lieben!
514 2156 2151 2433 doch der Greis sah mir ins Auge,
527 2338 2270 2541 Und ein Lücheln, still wie schmerzlich
509 2465 1930 2739 Spielte müd am seine Lippen.
496 2594 2170 2839 Ich bin alt mir hab der Lieben
482 2800 2069 3045 Längst begraben und vergessen.
411 2934 2531 3132 Wande weiter. Keine Frage Antwort
461 3113 2080 3343 Weiß ich jetzo deiner Frage.
567 3258 2230 3535 Und ich nahm vom Greise Abschied
496 3472 1906 3693 Und gegenüber, da erblicklich
538 3627 2098 3825 Einmalin zu schilder Mädchen
525 3778 2135 4002 Und sie fragt' ich! Was ist Lieber!
496 3941 2307 4207 doch die Wiederbeharen sich lange.
