7560 5016
364 654 2400 992 V. Moud, d. trauriger Klaßer,
470 864 3159 1153 Was schaust, du so bleich durch die Nacht;
372 1007 2475 1371 Du hast die Bürg nach gesehen,
496 1176 3520 1521 Wie sie staue in Glanz und ihn mocht.
485 1487 2836 1867 Wehmütig hast du dich erinnert,
477 1728 2475 2036 der stolzen Vergangenheit.
481 1878 2682 2190 Auch ich hab sieuert geträumet
451 2066 2994 2363 von der alten verflossenen zeit.
518 2370 2806 2697 Ich habe gedacht und geträumet
560 2558 3001 2874 Wie alles vergeht und vertinkt
541 2704 2524 2960 Wie alles in seine Fichen
575 2847 2791 3245 Das Meer der Zeiten schling L.
605 3140 3482 3478 Wie die schwarzen dunkeln Wagen
646 3399 2550 3655 Über alles stürmen dahin,
699 3595 3576 3884 Wie diese nassen, keiten Umarmung
511 3730 3384 4042 kam Sterblicher kann entfliehen.
481 4019 2885 4414 die Geschlechter jen begraben
515 4263 2851 4586 Vergangen die alte Fracht
4027 639 6187 1007 Und über die morschen Trümmer
4061 864 6431 1243 Webt sich der Schleier der Nacht
4098 1187 6619 1544 Mein Flick schweift ins Thal sieunter,
4121 1341 5961 1694 das alles wird vergehen,
4087 1570 6382 1893 Was auch auf Erden wandelt
4049 1709 6307 2100 Es kann nichts weg stehen.
