7176 4840
6373 323 6678 574 xx
5161 500 6629 770 Und alles, was uns aufgeblicht
3533 577 4859 841 Und darum heft die diese Nacht,
5133 701 6416 940 So trunken, wird zu nichte.
3663 772 4953 1013 Selbst unbewusst, - im Innern
5156 866 6673 1118 Ja! Was so heilig disungluht,
3660 919 4945 1196 In unsere Kammermitgebracht
5133 1003 6612 1260 War Licht von meinen Lichte.
3665 1095 4867 1407 Vergangner Luft Erinnern.
5217 1267 6624 1552 Wie hat die schale Träumeren
3701 1349 5080 1615 Nun öffnest du die Augenschwer,
5230 1468 6637 1735 den wachen Sinn verdrossen.
3673 1544 5083 1781 die grösten, dunkeln, matten;
5220 1580 6695 1864 O stimmes Tag! men ist's vorbei,
3693 1722 5075 1976 Es fließen bläulich um sie her
5194 1786 6604 2088 die Zauber sall verflossen.
3688 1854 5027 2169 Vergessers Kranken Schatten.
5220 1986 6761 2309 Mein süster Mädl lagst du hier
3680 2126 5006 2441 Und lasse! - Es ist dasselbe doch,
5199 2202 6619 2482 Und bist meinen Dieu¬
3693 2309 4851 2644 dem ich berücket lauschte,
5230 2365 6726 2720 Es bliebt der fahle Morgen die
3696 2527 5067 2817 Die heißen Lippen sind es noch
5263 2515 6774 2924 Im Goldser auf der Stimme
3708 2725 4978 2964 darin ich mich bewünschte.
3711 2934 5278 3261 Und ach der auft, so süß und schrieb,
5890 2944 6246 3233 1870.
3696 3147 5367 3421 Wie Nachts, um fängt mich wieder.
3731 3307 5344 3645 doch zitternd auf den wechten Pfuhl
3744 3541 4981 3818 Senkt sich die Sonne nieder.
4803 4041 6853 4318 wenn es noch zu sein und Uhr hin¬
