3400 4472
921 447 2068 781 getreffelt.
95 507 414 888 Jn
113 846 2089 1290 Ja, - dann, am späten Frühlingsnachentter
92 1073 2253 1457 Wie ich von meinem Schreibtisch aufgestandten
125 1246 2339 1657 da sich fürs Buchlin keine Verse handen,
456 1436 2605 1860 schimmernd weiß vor meiner Augen lag.
107 1630 408 1874 dess.
182 1693 2596 2152 Hinaus aus meinen Zimmer trieb's mit, - fort
200 1895 2485 2324 Zu einem Gange durch der Vorstadt Gassen.
212 2134 2256 2554 Zu Hause will ich meine Gallen lassen,
241 2321 2193 2709 ditolle Luft an den gereinten Wort.
361 2685 2584 3147 Wir starrten heut auf die vier Wände an,
325 2804 2345 3311 Und jener Blätter unglücksel'ze Leere,
370 3096 2476 3478 Wie lastete mit ihrer ganzen Schwere
343 3242 2610 3800 Auf wir der Dämmsiele dringfem kann!
2709 4008 3028 4184 Dienste
1055 4029 2625 4300 seit zu sein muß sein.
