7192 5096
812 1093 3111 1496 Nach Montag kommt düstig wie eines
844 1319 2749 1685 Der Wochen send so tuyial!
844 1518 2991 1952 Da fuhr ich nach Kammer hinnte
938 1757 3158 2116 Mit Mitte in Schwester zu viel.
986 2119 2746 2554 Consinat u. Taule erschienen
951 2277 3328 2746 Und Seltern - ja Onkel benach!
1004 2503 3483 3013 Rechts war zu ersprach als Familie,
998 2846 2573 3142 Sowil das Anze sich
979 3051 2985 3464 die Frauen spielten Angehe,
967 3353 2758 3775 Ich freilich zum Clavis
995 3612 2891 3964 Uel töne waren zu schlagen,
989 3873 2705 4197 Nur wenige blieb nur
5979 702 6735 919 (Briefa D.)
3829 901 6140 1282 hatzt sind auch die Verrichtet,
3958 1134 5995 1448 O herrlich Villegialen
3952 1335 6351 1716 Nun bürst du - glückliche Kamer
3993 1549 5791 1892 Eine gönne Klaraten
4024 1716 6531 2207 Nun kan der Kaisers Gebenststag
3983 2094 6357 2528 Im Gemütte verbrachlich den
4002 2292 6420 2636 da hab ich a auch holde trouvé
3949 2519 5879 2916 und mögenden gesehen.
4015 2727 6571 3287 des Abends stand ich an Ufer
3996 3054 6266 3520 da mögten en bunten Kerl
4046 3316 6036 3782 Viel festlich luchter Köhn¬
4008 3646 6282 4008 Roth scheind an sind vorste¬
