7480 4872
585 836 2747 1117 Und merkte dabei nicht ohne Grund,
612 969 3082 1284 Wies um das Herz desselben stund:
600 1292 3515 1607 Er thät mit ihm beim Fenster stehen, 5
635 1448 3526 1718 möer. Die Fanny Flock that sehen
612 1607 3211 1934 Und auch manch Zeichen liebevoll
608 1813 3200 2120 Erweckt in seinem Herzen Groll
665 2120 3485 2379 Es fing wohl nicht sein Herzchen Kuar. 6.
654 2326 3511 2569 doch war er neidisch auf Arthur Meyer,
646 2481 2842 2808 darin so jüegen Alter schon
654 2614 3158 2956 Halt wozu sagen im Liaison
604 2918 3519 3196 So wurden die beiden, geneigte Leser, 4.
623 3108 3032 3431 Von Tag zu Tage bos und böser;
642 3260 3701 3591 Recht kühl war die Freundschaft schon: obwohl
821 3458 3682 3777 Meyer sprach noch mit Alfred Scheohl.
695 3770 3656 4043 Auch noch von einem langen Bengel, &
745 3979 3325 4222 Gelehrte Lesen und zarte Engel!
1801 4134 2261 4275 munder
790 4131 3614 4355 Erzählt dies sind leidkwundersam,
756 4317 3268 4560 der eben aus der zweiten kam,
5043 752 6300 1003 trat eben eine
3853 775 4955 1030 der junge Rentz
4351 908 4951 1053 sertia e
3876 912 5719 1189 In die dritte B- Lateine,
3979 1072 6281 1364 Und wohnte in demselben Haus,
3990 1212 6490 1524 Wo auch die Foning ging ein und aus¬
5119 1379 7167 1657 mit zaubrischen Liebesgewaltung
6753 1539 7019 1752 R
3944 1562 6532 1763 Auch ihn hatte Hn hattetunter vielen Gestalten
3914 1710 6247 1995 Om Tanny Flocke stets gehalten
3990 1854 6426 2143 Auch ärgert 6 ihn gar schauderbar
3956 2029 6597 2307 dass Meyer ihm vorgezogen war.
6772 2303 7057 2519 11.
3952 2345 6582 2622 doch als er gar der Schönen; Lieben,
4013 2500 7068 2797 Einen Brief, mit Gruss und Kuhs“ geschrieben,
4028 2668 6566 2953 da hatt' es der lange Hopfenstock
4028 2831 6395 3112 Total verdorben mit Fanny Flock.
4077 3154 7057 3443 Sie sprach mit Abscheu von dem Frechen, 12.
4096 3409 6095 3633 der es gewapt, also zu sprechen
4081 3477 6513 3800 Und unser langer Beapel Knutz
4112 3667 6703 3986 Stand gar nicht unser Fannys Schul¬
4039 3990 7076 4321 Mit bittern Schmerz in seinem Juern 13
4028 4191 6582 4488 Thät er der Liebsten sich erinnern
