6936 4792
4650 996 5480 1221 Lebewohl.
4212 1149 5957 1419 Noch zittert Sehnsucht in uns Beiden,
4234 1358 5885 1563 Drum will ich eilends weiterzieh'n.
4216 1480 6027 1693 Leb' wohl, dies xxx ein letztes Scheiden
4239 1660 5791 1898 So fern dir noch das Ende schien,
4234 1860 5871 2067 Denn in das Mittag stolzer Schwüle
4246 1981 6045 2224 Und lächelnd wollt' ich von dir gehen,
4259 2181 5696 2368 Nicht abendlich in Dammerkühle
4264 2321 5698 2539 Dir schauernd gegenüberste h'n.
4282 2528 6011 2761 Und liess ich dich zu früh für immer,
4315 2692 5845 2887 So war es just die rechte Zeit -
4336 2820 6038 2998 Nun strahlst du ewig mir im Schimmer
4306 2962 5782 3162 Von einem glühend goldnen Leid.
