7176 4888
813 776 3010 1270 Erinnerst du dis!... die Jahrs vergessen
853 1043 2728 1519 kehr dies erzähl zum letzten Mal.
831 1183 3086 1717 Wismann allein im dämmigen Saal
838 1443 3083 1955 Und ich bin vor dem Flügel gesessen.
879 1853 3112 2446 Ich hab von dir einem Blick erschet,
849 2164 3178 2585 Und während meine Weise erkläge,
849 2435 3324 2863 Die Trub im Walch lachten und jungen,
904 2702 3405 3108 tist Haft die vom Fenster schweigend gelahnt. —
871 3068 3409 3533 Und lehnlast lange schwissen etc.
890 3273 3134 3731 Dann aber hört ich eine leise Bewegen.
930 3566 3570 3958 Das neigtest Dich meinem Hauptordnung
956 3731 3193 4156 und obenen Athem füllt ich auf. —
5192 308 5547 487 Si 1
5042 546 5283 732 mir
3972 571 6286 952 Und über die Kirche glittet in Geneh¬
3914 893 6078 1219 Und mein Zände sanken nieit. —
3918 1084 6195 1454 Verstimmt die Matze und die Kindes,
3907 1333 6480 1794 Ich lebte, mein Lieb!... Du weintest amt.
5280 1633 5616 1834 alton
4617 1644 4932 1827 Heul.
3907 1659 6869 2145 Vergebens sich ich in der Lasten Kangelershaut in den
4606 1779 4855 1940 schweiz
6166 1820 6861 2014 alten Taston
4137 1962 5206 2193 frühe sich ich der
3925 1962 6850 2398 den alten Justen geliebten Ton... Süch ich den susten ge¬
6169 2120 6909 2329 liebten Ton
5082 2153 5759 2358 try tiennar
4123 2285 4379 2431 Allein
3932 2193 6488 2636 Ex ist an alto the Ruarnet Klin ja Bafen.
3958 2457 6177 2969 Mahrscheinlich war erb. damit schon!
5210 2892 5990 3343 Gralal
4298 3533 4891 3921 Reichenau
