7160 4952
3924 992 6578 1288 Doch daß ich so einsam von dir gegangen,
3931 1242 5900 1507 Wie käms dir denn zu Sinn,
3966 1440 6719 1722 Und daß ich, von deinem Arm umfangen,
3984 1623 5600 1930 So endlos fern dir bin.
3980 1849 6599 2198 Ich will ja morgen wieder kommen,
3998 2163 5674 2467 Mit lächelndem Gesicht;
3995 2421 6832 2657 Und daß ich längst Abschied von dir genommen,
3970 2548 6683 2823 Mein Mädel, - du weißt's ja nicht....
