7064 4536
4664 577 5950 868 Die Mutterspricht. -
4117 952 5582 1288 Sei getroft, geliebter Vetter,
4092 1077 5885 1440 Meine Tochter sollst, die kriegen,
4115 1226 5689 1564 Bist ja an reeller Kaufmann
4112 1360 5999 1713 Und hast Geld an Kasten liegt
4018 1631 5800 1897 Meine Tochter liebt zwar eine
4117 1691 5987 1999 Und der liebt auch für seit lange,
4070 1902 5681 2203 Aber das, geliebter Vetter
4043 2019 6047 2357 Wird vergehe, sei und nicht bange.
4162 2220 5942 2531 Wirklich liebst du sie ja auch nicht.
4115 2399 5848 2700 Und sie wird als doch behagen.
4102 2563 5823 2832 Falls die zwei sich nie vergessen,
4070 2710 5902 3068 Hals ja schließlich nichts zu sagen.
5661 3008 6397 3307 Arztgeber
4137 3237 4933 3521 20 August 80.
