7416 4792
1884 156 2141 315 74
5397 299 5657 433 81
1939 358 2309 538 -80-
366 530 3735 858 Die Begleiter ihm wäre in der traulichen Stiller des Wald¬
379 787 3689 1039 Und es sieht der Greis nach ihrenthrömenden Blick¬
387 900 3626 1228 tehres sind die Hofsiedungen nicht in Erfüllung gegangen.
5064 909 5258 1249 P.
5325 892 5645 1300 4
4606 980 4829 1304 4.
408 1136 3689 1312 Wie er da dachte an Ruhm, an Glück und an Ehre¬
358 1283 3744 1514 Sie ein Nichts sind zerflossen die lieblichen, goldene Träum¬
458 1422 3697 1674 Schre ist der Rahn verschrunden reit u. der Vergangenheit
2709 1573 3260 1775 Meere
4942 1556 6650 1926 Waldeinsamkeit
450 1649 3571 2032 Immer noch tauschet der Grins auf das Rauschen der
2406 1863 3647 2099 brausenden Fluten, -
4080 1893 7130 2284 Gedichtet zu vöslau Milto Juli 1875
412 2019 3685 2309 Ob sie wohl Kunde ihm bringen von längst entschwundenen
2734 2217 3298 2452 Tagen
311 2292 3622 2650 Die er so fröhlich erlebt im schmeichenden Kreis der
4122 2347 6507 2696 Was für geheim: Wolles Weber
2679 2524 3453 2772 Gespielen?
4143 2620 6696 2932 Geht Ahnung soll durch die Natur?
358 2616 3706 2898 Ach, sie sind dahin, die glücklicher Stunden der Jugend, -
4173 2789 6234 2999 Dir zweige höre ich leise beben,
391 2856 3693 3117 Ewig, für ewig oe trauscht im Wogen schwaßte der Zeiten
4173 2932 6667 3247 der sanft Wind bewegt sie mir.
4147 3172 6869 3525 Der streichet Furch die Bäume Seite,
4177 3382 6709 3723 Durch ihre Wipfel lind er weht,
4210 3571 6608 3870 Er singt die ewig gleiche Weise,
1464 3546 2852 3912 Friede.
4244 3718 7151 4051 Und doch kein Mensch Sebt, der's versteht.
1817 3971 2444 4501 A.
