3896 4936
2685 455 2950 700 21
494 403 2563 795 Und mit ihnen ging stets Hacques Weile,
498 680 2254 914 derselbe hatte ja keine Eile,
486 846 3140 1135 Eur rückte nur schiefer den Hut, den er trug,
570 957 3433 1313 Und — an die Schuh mit dem Stöckchen er schlug.
459 1361 3374 1653 Nahm aus dem Täschchen das Sacktuch herause, 22.
510 1535 2978 1807 Schneuzte sich mit großem Gebrause;
498 1705 3259 2033 Strich sich durch die Haare, - nahm ab den Hut,
380 1879 3263 2235 Und dacht an die Mathilde mit viel Wehmut
2891 2045 3710 2294 zu Ende gehen,
558 2219 3710 2555 Und lassen wir denn denn den Singsang sehen, 23
2460 2373 3061 2519 Bstehen
546 2424 3061 2761 Fritz, Arthur und Tanny herumgehen
538 2551 3366 2899 Sowie auch Jacques Theile mit seiner gut,
526 2709 3706 3124 Mit seinem Stöckchen und seiner Wehmut¬
1392 3049 3093 3401 Ende des II. Singsanges
