7472 5144
5374 516 6221 906 Voesie.
4251 847 7427 1312 Gedichtet im Wagen, im Maggen, an aller Herrn Landes
5232 1143 6623 1458 Anfang August 18/7
4783 1470 6749 1970 Wie ich hier am Fenster stehe,
4980 1808 7025 2171 Frisch vom Morgenwied umkühlt,
4685 1970 6493 2289 In den blauen Arther sehe,
4736 2151 6690 2482 Der mit Sonnenstrahten spielt
7190 2120 7454 2510 A
4783 2494 6402 2762 In die unermessene Ternen
4775 2652 6426 2987 die sich weit und weiter ziehen,
4763 2845 6406 3097 In die Morgen, die in Sternen
4744 2994 6351 3306 Silberg länzend wiedergliche
4763 3341 6533 3668 Zu den Bergen, zu den Hügeln
4724 3546 6462 3865 Die am Ufer Freundlich stehe
4689 3696 6564 4042 In der Wollen Grau sich spiegeln
4693 3881 6336 4196 Die sich steruglitzend diese
