3704 4920
715 305 2485 711 Sechster Singsong.
244 341 512 642 44
755 528 3371 898 Worin mit der Resire die Zeit verhandelt,
784 694 3253 1105 Gar öiel gesprochen wird und verhandelt.
2794 1064 3001 1275 1.
150 1101 2701 1507 Ich kann es mir sehr genaue denken,
150 1263 3131 1698 Wie sich die Leser und Lefirmen kranken,
175 1482 2652 1807 daß ich drei ganze Singsange lang,
154 1629 3013 2006 Von Steile nur, dem Brief schreiber sang.
138 1982 3026 2319 Besonders die Lehrinnen standen aus Qualen, 2.
122 2185 3237 2579 dass ich nichts sang von Arthur's Schicksalen¬
175 2416 1897 2729 Sowie die tiefer allesamt
130 2494 3196 2932 Für die schöne Fanny sind entflammt.
183 2851 3103 3225 doch alles dies ist sehr leicht zu erklären, 3.
215 3034 3131 3395 Wenn man einen Angesange that hören,
154 3164 3440 3651 Gedann durch die ich die größte Sympathie,
248 3399 2790 3834 den Helden meines Epos verlieh.
227 3651 3147 4171 Wer ist auch, dem nicht das Herz thätspringen 4.
288 3899 3095 4346 Wenn ich von tothus begann zu singen;
