7400 4840
1736 266 1978 407 - 26-
270 375 2453 685 Vernichten. ihre Schuld will ich verbrennen,
383 427 3303 701 und trjak umbe Schilles will ich in iederinnen
270 616 2912 882 Kathusitza ist ein Männerkampf nicht schwer.
334 818 3049 1172 Ich kann die Schwerter und die Fgieße schwingen
258 1015 3339 1313 1. Ich weiß, mir wird die hart & Nännerschlacht gelingen
242 1192 3238 1490 " Und mich betränzt des grünen Lorbeers Laub u
624 1341 3246 1619 Und aus den Thoren zogen trosas Horden
262 1518 3500 1772 der heiße Kampf entbrennt, und es beginnt los Morden;
306 1683 3484 2006 Und Freund sowohl als Fried, sie welchen sich im Staub¬
379 1913 3085 2272 Geson dringt der Lärm bis zu den Griechenzelten;
354 2143 3540 2364 doch festen noch im kampf die beiden größten Helden,
391 2320 2638 2590 Schäsilen schweigt in Sieg und Glück.
379 2461 3150 2755 doch sieh! Der Kärm dringt zu Schilles Ohren.
387 2642 3572 2904 Er sieht das tapfre Stadt, das ihm den Tod geschworen,-
403 2779 3339 3093 Was! - die Togauer weichen nicht vor ihm zurück?!
431 3089 3033 3363 Er steht der Amazone schon entgegen,
391 3246 3033 3552 Sie hieht ihn übermüthig an und übergen,
407 3395 3431 3701 Ihr schwert durchseust die Luft' es trifft ihn nicht; -
419 3572 2662 3802 Kenthehileas Glück hat sich gewendet
431 3729 3512 4028 der Gesuche hat den Wurfspiesicht in Herz gesendet, -
407 3874 3568 4257 Sie fällt zu Boden, und ihr schönes Angebricht.
5288 242 5594 467 -24-
4547 878 5751 1228 1160
5119 1361 5788 1655 A. S.
4752 2002 5779 2360 Ende der
4877 2340 6142 2666 I. Sammlung
