<?xml version="1.0" encoding="UTF-8" standalone="yes"?>
<PcGts xmlns="http://schema.primaresearch.org/PAGE/gts/pagecontent/2013-07-15" xmlns:xsi="http://www.w3.org/2001/XMLSchema-instance" xsi:schemaLocation="http://schema.primaresearch.org/PAGE/gts/pagecontent/2013-07-15 http://schema.primaresearch.org/PAGE/gts/pagecontent/2013-07-15/pagecontent.xsd">
    <Metadata>
        <Creator>prov=READ-COOP:name=TrHtr:version=2.1.0:model_id=51170:date=28_07_2023_06:51</Creator>
        <Created>2023-05-10T11:15:20.511+02:00</Created>
        <LastChange>2023-07-28T06:51:33.236+02:00</LastChange>
        <TranskribusMetadata docId="1428138" pageId="55385088" pageNr="71" tsid="131322580" status="IN_PROGRESS" userId="64420" imgUrl="https://files.transkribus.eu/Get?id=PGVVVQVJJTEVEEEGQCQJENUV&amp;fileType=view" xmlUrl="https://files.transkribus.eu/Get?id=HQUCERDYJRAHKZRTFWLTLNLE" imageId="44659987"/>
    </Metadata>
    <Page imageFilename="1428138_0071.jpg" imageWidth="7599" imageHeight="4760">
        <ReadingOrder>
            <OrderedGroup id="ro_1711823519203" caption="Regions reading order">
                <RegionRefIndexed index="0" regionRef="tr_1"/>
                <RegionRefIndexed index="1" regionRef="tr_2"/>
            </OrderedGroup>
        </ReadingOrder>
        <TextRegion id="tr_1" custom="readingOrder {index:0;}">
            <Coords points="691,421 3704,421 3704,2515 691,2515"/>
            <TextLine id="tr_1_tl_1" custom="readingOrder {index:0;}">
                <Coords points="675,582 2717,511 2727,310 2485,300 2321,399 684,353"/>
                <Baseline points="691,560 757,560 847,554 936,542 1025,542 1115,530 1204,530 1294,530 1383,530 1473,524 1562,518 1652,518 1741,512 1831,507 1920,507 2010,501 2099,501 2189,501 2278,501 2368,495 2457,489 2547,483 2636,477 2725,471"/>
                <TextEquiv>
                    <Unicode>Und oben unter der Linik</Unicode>
                </TextEquiv>
            </TextLine>
            <TextLine id="tr_1_tl_2" custom="readingOrder {index:1;}">
                <Coords points="696,740 969,802 1272,715 1869,696 1987,799 2204,792 2482,721 2488,539 703,597"/>
                <Baseline points="715,727 793,727 882,733 972,721 1061,715 1151,715 1240,709 1330,703 1419,703 1509,703 1598,697 1688,697 1777,685 1867,680 1956,680 2045,674 2135,674 2224,674 2314,668 2403,662 2493,656"/>
                <TextEquiv>
                    <Unicode>Sach er vom Berge herab.</Unicode>
                </TextEquiv>
            </TextLine>
            <TextLine id="tr_1_tl_3" custom="readingOrder {index:2;}">
                <Coords points="792,922 1055,913 1269,1006 1473,904 2324,907 2482,867 2488,721 2300,802 1962,808 1832,696 1699,755 799,795"/>
                <Baseline points="811,900 882,900 972,900 1061,900 1151,894 1240,894 1330,894 1419,888 1509,888 1598,882 1688,876 1777,864 1867,864 1956,858 2045,858 2135,852 2224,852 2314,852 2403,847 2493,835"/>
                <TextEquiv>
                    <Unicode>Und sah die Trauerweide</Unicode>
                </TextEquiv>
            </TextLine>
            <TextLine id="tr_1_tl_4" custom="readingOrder {index:3;}">
                <Coords points="789,1108 2006,1083 2160,1154 2677,1049 2680,916 2188,972 2074,898 1848,910 1616,975 1433,922 1117,1049 916,953 792,981"/>
                <Baseline points="805,1079 894,1079 984,1073 1073,1073 1163,1073 1252,1067 1342,1067 1431,1061 1521,1061 1610,1049 1700,1043 1789,1037 1878,1037 1968,1031 2057,1031 2147,1031 2236,1031 2326,1031 2415,1031 2505,1025 2594,1025 2684,1020"/>
                <TextEquiv>
                    <Unicode>Und sah der Liebsten Grab:</Unicode>
                </TextEquiv>
            </TextLine>
            <TextLine id="tr_1_tl_5" custom="readingOrder {index:4;}">
                <Coords points="888,1195 1814,1179 1814,1089 1712,1111 1585,1074 1498,1111 1439,1080 1362,1114 1291,1065 1148,1139 888,1099"/>
                <Baseline points="906,1169 924,1163 1014,1163 1103,1169 1192,1163 1282,1169 1371,1169 1461,1163 1550,1163 1640,1151 1729,1151 1819,1145"/>
                <TextEquiv>
                    <Unicode>Da dröben unter dtende</Unicode>
                </TextEquiv>
            </TextLine>
            <TextLine id="tr_1_tl_6" custom="readingOrder {index:5;}">
                <Coords points="916,1303 1015,1334 1130,1263 1486,1294 2275,1229 2324,1158 1863,1130 1492,1210 922,1179"/>
                <Baseline points="936,1258 990,1258 1079,1252 1169,1246 1258,1246 1348,1252 1437,1258 1527,1252 1616,1246 1705,1240 1795,1228 1884,1222 1974,1210 2063,1204 2153,1198 2242,1192 2332,1187"/>
                <TextEquiv>
                    <Unicode>Sach er vom xxx Sohn der Smitsche Gr</Unicode>
                </TextEquiv>
            </TextLine>
            <TextLine id="tr_1_tl_7" custom="readingOrder {index:6;}">
                <Coords points="1510,1362 1631,1343 1699,1387 1894,1337 1953,1371 2037,1325 2157,1343 2241,1291 2426,1306 2433,1226 2238,1210 2033,1253 1900,1232 1736,1284 1687,1247 1517,1278"/>
                <Baseline points="1532,1336 1538,1336 1628,1324 1717,1324 1807,1312 1896,1306 1986,1300 2075,1288 2165,1282 2254,1282 2344,1282 2433,1270"/>
                <TextEquiv>
                    <Unicode>Jahr  sonell sinab</Unicode>
                </TextEquiv>
            </TextLine>
            <TextLine id="tr_1_tl_8" custom="readingOrder {index:7;}">
                <Coords points="817,1489 2253,1402 2495,1470 3021,1377 3024,1253 2535,1235 1699,1387 1337,1257 820,1343"/>
                <Baseline points="835,1437 882,1437 972,1431 1061,1425 1151,1419 1240,1413 1330,1407 1419,1401 1509,1407 1598,1401 1688,1407 1777,1407 1867,1401 1956,1401 2045,1395 2135,1389 2224,1383 2314,1383 2403,1389 2493,1383 2582,1383 2672,1377 2761,1371 2851,1365 2940,1365 3030,1354"/>
                <TextEquiv>
                    <Unicode>Da stand blieb er Proben stehen</Unicode>
                </TextEquiv>
            </TextLine>
            <TextLine id="tr_1_tl_9" custom="readingOrder {index:8;}">
                <Coords points="2160,1501 2222,1483 2244,1501 2309,1507 2327,1529 2386,1520 2405,1501 2423,1520 2454,1513 2454,1402 2426,1396 2405,1418 2365,1411 2334,1439 2210,1424 2197,1411 2160,1414"/>
                <Baseline points="2177,1479 2266,1485 2356,1479 2445,1479 2463,1485"/>
                <TextEquiv>
                    <Unicode>alt</Unicode>
                </TextEquiv>
            </TextLine>
            <TextLine id="tr_1_tl_10" custom="readingOrder {index:9;}">
                <Coords points="907,1650 2956,1594 2959,1483 2009,1523 1241,1436 910,1529"/>
                <Baseline points="924,1604 996,1598 1085,1598 1175,1598 1264,1598 1354,1598 1443,1592 1532,1592 1622,1586 1711,1586 1801,1580 1890,1580 1980,1574 2069,1568 2159,1562 2248,1562 2338,1562 2427,1562 2517,1556 2606,1550 2696,1544 2785,1544 2875,1544 2964,1544"/>
                <TextEquiv>
                    <Unicode>Stand unter dem Lindenbauen,</Unicode>
                </TextEquiv>
            </TextLine>
            <TextLine id="tr_1_tl_11" custom="readingOrder {index:10;}">
                <Coords points="860,1823 1640,1888 1764,1798 2067,1863 2238,1764 2560,1749 2931,1848 2974,1662 2618,1588 2482,1656 2334,1591 2136,1699 2021,1625 1585,1721 867,1674"/>
                <Baseline points="876,1789 924,1789 1014,1789 1103,1783 1192,1783 1282,1783 1371,1777 1461,1777 1550,1771 1640,1771 1729,1765 1819,1765 1908,1765 1998,1759 2087,1753 2177,1747 2266,1747 2356,1747 2445,1741 2535,1741 2624,1735 2714,1729 2803,1717 2892,1711 2982,1700"/>
                <TextEquiv>
                    <Unicode>der Wind zog hin durch die Blätter,</Unicode>
                </TextEquiv>
            </TextLine>
            <TextLine id="tr_1_tl_12" custom="readingOrder {index:11;}">
                <Coords points="953,2055 1835,1975 2111,2040 2779,1916 3439,1972 3442,1814 3024,1773 2931,1845 2399,1777 1702,1891 963,1835"/>
                <Baseline points="972,1938 1031,1944 1121,1950 1210,1950 1300,1956 1389,1956 1479,1950 1568,1950 1658,1944 1747,1944 1837,1938 1926,1938 2016,1932 2105,1926 2195,1926 2284,1920 2374,1920 2463,1914 2552,1914 2642,1908 2731,1908 2821,1902 2910,1896 3000,1896 3089,1890 3179,1884 3268,1884 3358,1878 3447,1884"/>
                <TextEquiv>
                    <Unicode>Es war wie ein so still war's wir xxx</Unicode>
                </TextEquiv>
            </TextLine>
            <TextLine id="tr_1_tl_13" custom="readingOrder {index:12;}">
                <Coords points="1000,2170 2343,2151 2835,2105 2912,2021 2569,1941 2219,2049 1158,1987 1006,2052"/>
                <Baseline points="1020,2129 1037,2123 1127,2129 1216,2129 1306,2129 1395,2123 1485,2123 1574,2123 1664,2117 1753,2111 1843,2111 1932,2105 2022,2105 2111,2093 2201,2081 2290,2087 2380,2087 2469,2081 2558,2081 2648,2075 2737,2069 2827,2063 2916,2057"/>
                <TextEquiv>
                    <Unicode>So leise, als wär es ein Traum</Unicode>
                </TextEquiv>
            </TextLine>
            <TextLine id="tr_1_tl_14" custom="readingOrder {index:13;}">
                <Coords points="2813,2166 3256,2139 3296,2173 3401,2145 3661,2207 3692,2201 3689,2030 3553,1987 3395,2040 3175,2006 2810,2102"/>
                <Baseline points="2831,2165 2922,2147 3012,2135 3101,2135 3191,2135 3280,2135 3370,2135 3459,2141 3549,2147 3638,2177 3698,2189"/>
                <TextEquiv>
                    <Unicode>Der Hängling unter der Sache</Unicode>
                </TextEquiv>
            </TextLine>
            <TextLine id="tr_1_tl_15" custom="readingOrder {index:14;}">
                <Coords points="1133,2259 2702,2216 2823,2166 2826,2105 1136,2176"/>
                <Baseline points="1151,2230 1216,2230 1306,2224 1395,2218 1485,2212 1574,2212 1664,2212 1753,2207 1843,2207 1932,2201 2022,2201 2111,2201 2201,2201 2290,2195 2380,2195 2469,2189 2558,2183 2648,2177 2737,2165 2831,2165"/>
                <TextEquiv>
                    <Unicode>da droben die grüne Kinde, da Drkler</Unicode>
                </TextEquiv>
            </TextLine>
            <TextLine id="tr_1_tl_16" custom="readingOrder {index:15;}">
                <Coords points="2838,2231 2860,2228 2866,2219 2878,2219 2894,2204 2912,2213 2925,2210 2931,2216 2965,2213 2974,2207 2953,2151 2922,2160 2894,2151 2866,2160 2841,2151 2841,2157 2816,2170"/>
                <Baseline points="2831,2165 2910,2195 2988,2224"/>
                <TextEquiv>
                    <Unicode>Sie</Unicode>
                </TextEquiv>
            </TextLine>
            <TextLine id="tr_1_tl_17" custom="readingOrder {index:16;}">
                <Coords points="2984,2343 3098,2278 3296,2309 3367,2253 3699,2327 3686,2213 3541,2157 3519,2179 3392,2145 3349,2170 3135,2139 2965,2182"/>
                <Baseline points="2988,2224 3077,2218 3167,2218 3256,2212 3346,2230 3435,2242 3525,2254 3614,2284 3704,2296"/>
                <TextEquiv>
                    <Unicode>und oben wie im Traum.</Unicode>
                </TextEquiv>
            </TextLine>
            <TextLine id="tr_1_tl_18" custom="readingOrder {index:17;}">
                <Coords points="2343,2293 2544,2278 2634,2306 2680,2287 2702,2309 2776,2300 2912,2337 2974,2327 2984,2207 2872,2219 2786,2160 2714,2216 2656,2188 2621,2210 2352,2210"/>
                <Baseline points="2362,2284 2451,2272 2541,2266 2630,2260 2720,2254 2809,2248 2898,2242 2988,2224"/>
                <TextEquiv>
                    <Unicode>da droben die zwei</Unicode>
                </TextEquiv>
            </TextLine>
            <TextLine id="tr_1_tl_19" custom="readingOrder {index:18;}">
                <Coords points="1102,2433 1650,2296 2247,2355 2253,2235 1746,2210 1674,2266 1380,2222 1108,2266"/>
                <Baseline points="1121,2320 1181,2314 1270,2314 1360,2314 1449,2308 1538,2302 1628,2296 1717,2296 1807,2290 1896,2290 1986,2284 2075,2284 2165,2278 2254,2278"/>
                <TextEquiv>
                    <Unicode>die sehr alswärt ein Tram</Unicode>
                </TextEquiv>
            </TextLine>
            <TextLine id="tr_1_tl_20" custom="readingOrder {index:19;}">
                <Coords points="2318,2399 2374,2402 2396,2423 2414,2420 2454,2442 2507,2414 2526,2430 2584,2392 2603,2392 2597,2290 2566,2293 2538,2278 2491,2318 2454,2290 2423,2300 2399,2287 2361,2306 2334,2337 2315,2337"/>
                <Baseline points="2332,2362 2421,2362 2511,2368 2600,2374 2612,2368"/>
                <TextEquiv>
                    <Unicode>die Flü</Unicode>
                </TextEquiv>
            </TextLine>
            <TextLine id="tr_1_tl_21" custom="readingOrder {index:20;}">
                <Coords points="1312,2553 1436,2631 1551,2578 1578,2587 1609,2324 1569,2321 1430,2417 1414,2399 1374,2430 1325,2430"/>
                <Baseline points="1336,2505 1419,2499 1509,2481 1598,2481"/>
                <TextEquiv>
                    <Unicode>a</Unicode>
                </TextEquiv>
            </TextLine>
        </TextRegion>
        <TextRegion id="tr_2" custom="readingOrder {index:1;}">
            <Coords points="4449,445 6967,445 6967,3302 4449,3302"/>
            <TextLine id="tr_2_tl_1" custom="readingOrder {index:0;}">
                <Coords points="5713,576 5816,600 5936,563 6017,600 6066,566 6165,573 6243,539 6236,412 6196,393 6134,433 6091,405 6038,430 5831,316 5698,319"/>
                <Baseline points="5726,501 5815,495 5905,501 5994,507 6084,512 6173,518 6251,524"/>
                <TextEquiv>
                    <Unicode>bânner</Unicode>
                </TextEquiv>
            </TextLine>
            <TextLine id="tr_2_tl_2" custom="readingOrder {index:1;}">
                <Coords points="6023,1021 6435,1000 6509,1037 6636,1009 6846,1071 6936,1040 6927,792 6729,860 6447,783 6357,808 6014,777"/>
                <Baseline points="6036,984 6125,990 6215,996 6304,1002 6394,1008 6483,1008 6573,1008 6662,1014 6752,1020 6841,1020 6931,1020 6943,1020"/>
                <TextEquiv>
                    <Unicode>An 14. Juni 1876</Unicode>
                </TextEquiv>
            </TextLine>
            <TextLine id="tr_2_tl_3" custom="readingOrder {index:2;}">
                <Coords points="4516,1356 5280,1393 5521,1312 5741,1411 6394,1383 6397,1192 6140,1192 6023,1105 5806,1195 4522,1151"/>
                <Baseline points="4533,1354 4616,1354 4706,1342 4795,1336 4885,1330 4974,1324 5064,1324 5153,1324 5243,1318 5332,1318 5422,1318 5511,1318 5601,1318 5690,1324 5780,1318 5869,1318 5958,1312 6048,1312 6137,1306 6227,1306 6316,1306 6406,1306"/>
                <TextEquiv>
                    <Unicode>Das Frühlings lind bewegt Luft ziehen.</Unicode>
                </TextEquiv>
            </TextLine>
            <TextLine id="tr_2_tl_4" custom="readingOrder {index:3;}">
                <Coords points="4522,1541 4729,1616 4983,1541 6001,1631 6140,1541 6701,1517 6701,1377 5692,1436 5382,1346 5104,1442 4862,1343 4522,1405"/>
                <Baseline points="4539,1527 4557,1527 4646,1515 4736,1509 4825,1503 4915,1497 5004,1497 5094,1491 5183,1491 5272,1491 5362,1491 5451,1497 5541,1491 5630,1497 5720,1503 5809,1509 5899,1503 5988,1503 6078,1497 6167,1503 6257,1503 6346,1503 6436,1503 6525,1503 6615,1497 6704,1503"/>
                <TextEquiv>
                    <Unicode>Von Zweig zu Zweige durchd Gemein Wald</Unicode>
                </TextEquiv>
            </TextLine>
            <TextLine id="tr_2_tl_5" custom="readingOrder {index:4;}">
                <Coords points="4485,1696 4937,1780 5289,1730 5469,1820 5884,1718 6060,1814 6540,1742 6540,1594 6363,1551 6147,1538 6020,1628 5200,1551 4837,1647 4485,1538"/>
                <Baseline points="4503,1670 4592,1670 4682,1676 4771,1676 4861,1676 4950,1676 5040,1676 5129,1682 5219,1682 5308,1676 5398,1682 5487,1682 5577,1688 5666,1694 5756,1700 5845,1700 5935,1694 6024,1694 6114,1682 6203,1682 6292,1682 6382,1688 6471,1688 6543,1688"/>
                <TextEquiv>
                    <Unicode>Ein junges Blatt seh ich zes Ende kiehn,</Unicode>
                </TextEquiv>
            </TextLine>
            <TextLine id="tr_2_tl_6" custom="readingOrder {index:5;}">
                <Coords points="4556,1968 4884,1900 5079,1990 5246,1910 5655,2006 6181,1885 6967,1962 6964,1730 6091,1823 5899,1721 5463,1814 4553,1702"/>
                <Baseline points="4571,1847 4664,1855 4754,1861 4843,1861 4932,1861 5022,1861 5111,1861 5201,1861 5290,1861 5380,1872 5469,1872 5559,1867 5648,1878 5738,1872 5827,1872 5917,1867 6006,1867 6096,1861 6185,1861 6275,1872 6364,1878 6454,1878 6543,1884 6632,1890 6722,1896 6811,1890 6901,1884 6967,1884"/>
                <TextEquiv>
                    <Unicode>Es siebt gemach zu Erd im welket bald.</Unicode>
                </TextEquiv>
            </TextLine>
            <TextLine id="tr_2_tl_7" custom="readingOrder {index:6;}">
                <Coords points="4503,2238 4865,2266 5178,2173 5521,2327 6540,2207 6893,2272 6828,2037 6490,2108 5911,1962 5574,2064 4503,2037"/>
                <Baseline points="4521,2212 4575,2207 4664,2207 4754,2201 4843,2201 4932,2201 5022,2195 5111,2195 5201,2201 5290,2201 5380,2207 5469,2212 5559,2212 5648,2212 5738,2212 5827,2212 5917,2207 6006,2207 6096,2207 6185,2201 6275,2201 6364,2201 6454,2201 6543,2207 6632,2201 6722,2201 6811,2201 6901,2195"/>
                <TextEquiv>
                    <Unicode>Woll dir, daß nicht des Herbstes Stuen sovold</Unicode>
                </TextEquiv>
            </TextLine>
            <TextLine id="tr_2_tl_8" custom="readingOrder {index:7;}">
                <Coords points="4469,2433 4766,2519 5410,2417 6026,2501 6778,2457 6775,2318 6496,2365 6227,2275 5648,2303 5528,2396 4930,2247 4469,2290"/>
                <Baseline points="4485,2403 4575,2403 4664,2397 4754,2391 4843,2391 4932,2391 5022,2391 5111,2391 5201,2397 5290,2403 5380,2415 5469,2421 5559,2427 5648,2427 5738,2433 5827,2433 5917,2433 6006,2433 6096,2427 6185,2427 6275,2427 6364,2421 6454,2421 6543,2415 6632,2415 6722,2415 6782,2409"/>
                <TextEquiv>
                    <Unicode>Dich fort trug nach den heimatlichen Bann</Unicode>
                </TextEquiv>
            </TextLine>
            <TextLine id="tr_2_tl_9" custom="readingOrder {index:8;}">
                <Coords points="4485,2696 4940,2634 5150,2739 5323,2656 5856,2770 6741,2659 6738,2495 6515,2584 6215,2510 6017,2597 5785,2433 5450,2501 4940,2445 4779,2522 4482,2473"/>
                <Baseline points="4503,2666 4509,2666 4598,2648 4688,2630 4777,2630 4867,2618 4956,2618 5046,2612 5135,2618 5225,2618 5314,2624 5404,2624 5493,2624 5583,2630 5672,2630 5762,2636 5851,2636 5941,2642 6030,2642 6120,2648 6209,2648 6298,2648 6388,2648 6477,2648 6567,2642 6656,2642 6746,2642"/>
                <TextEquiv>
                    <Unicode>Dass Frühlingsflauch dich hingereht so mild</Unicode>
                </TextEquiv>
            </TextLine>
            <TextLine id="tr_2_tl_10" custom="readingOrder {index:9;}">
                <Coords points="4432,2922 6893,2909 6893,2770 6592,2693 5809,2804 5534,2686 5395,2761 5060,2683 4754,2758 4432,2662"/>
                <Baseline points="4449,2863 4485,2863 4575,2851 4664,2845 4754,2839 4843,2839 4932,2839 5022,2839 5111,2845 5201,2845 5290,2845 5380,2845 5469,2845 5559,2851 5648,2845 5738,2851 5827,2851 5917,2845 6006,2851 6096,2845 6185,2839 6275,2839 6364,2839 6454,2839 6543,2839 6632,2845 6722,2845 6811,2845 6901,2845"/>
                <TextEquiv>
                    <Unicode>Und daß die schwandest in ein Frühlings traum.</Unicode>
                </TextEquiv>
            </TextLine>
            <TextLine id="tr_2_tl_11" custom="readingOrder {index:10;}">
                <Coords points="5518,3327 5559,3346 5580,3330 5627,3361 5686,3333 5716,3346 5769,3315 5791,3336 5828,3336 5862,3076 5769,3073 5729,3030 5648,3045 5596,3015 5562,3015"/>
                <Baseline points="5541,3292 5577,3286 5666,3280 5756,3262 5845,3250"/>
                <TextEquiv>
                    <Unicode>Opl</Unicode>
                </TextEquiv>
            </TextLine>
        </TextRegion>
    </Page>
</PcGts>
