3736 4840
1223 842 1908 1047 Ohnmarkt.
538 1073 3211 1424 In neuen Worten, tiefen, sehnsuchttangen,
513 1296 3240 1622 Wie du sie nie gehört, mocht ich dir nahn.
553 1494 3273 1794 Mit neuen Küssen möcht ich disumfangen
564 1702 3189 1984 dich neue Gluten lehren, bessern Wahn¬
652 1933 3013 2307 Ich möchte dich in Seligkeilen hüllen,
597 2153 2900 2541 Dann dich ungeahntes Schönen fasst
604 2340 3229 2662 Ich möchte dich mit tiefem Leid erfüllen,
604 2545 3310 2892 Mie des von keinem noch erlitten hast¬
608 2841 3357 3149 Und kann es nicht. Dasselbe bleibt es immer
600 3010 3072 3332 Es ist im Wort derselbe irre Klang,
593 3248 3504 3592 Im Aug derselbe liebesfruchte Schimmer
608 3420 3555 3811 die gleichen Bitten sind's, der gleiche Dank¬
652 3738 3335 4167 Und wenn mein Arm den Nacken der
2548 3961 3405 4148 unwendet.
641 4086 3486 4452 Iret er der Spur vergangner Nächte nach,
