7528 4920
4135 482 6383 852 Obwohl meine Liebe, das ist wohl wahr
712 545 2443 895 Hochwohlgeboren, geehrtester
4104 696 6345 1050 Vollständig erlosch seit einem Jahr.
762 708 2956 1144 Höchlich verehrter Herr Schiller!!
2960 953 3252 1190 5.
4092 949 6687 1354 Und dann aber sagen Sie, daß die Käthe?
626 1113 3303 1447 Gemüssen zuerst vor allem wissen, 5.
4077 1233 6329 1513 Noch nie geliebet haben thäte.
669 1291 3649 1603 daß ihre Sieg Sänge mich sehr verdiesen.
4147 1377 7263 1692 Was sprechen Sie, wenn Sie nichts wissen! Warum?
712 1478 3579 1813 Und daß gar Manneslugenhafte Wort
4155 1575 7095 1887 Nun Herr, Sie sind in großem Prothum!!
774 1645 3396 1992 In ihren Reg sängen fandplatzkeit!!
4190 1922 7235 2245 Und endlich, mein Herr, stellen Sie mich gern, 10
778 1996 3271 2287 Dass Sie, Geehrtester, bei Ihrem Talente
4158 2108 7111 2408 Wie einen wahrhaften Stützer.... dare J!
778 2171 3470 2458 (Ammerkungs des Autors: "Nur Complimenten)
4166 2272 7033 2614 Gehe sie mit mir mit solchen, Sachen weg
848 2350 3797 2618 Wogon ja Was Sie gar nicht haben, zu solchen davon
2540 2486 3754 2680 Fürgerin Zuflucht
4209 2353 7340 2785 Ich habe das Herz auf dem rechten Fleck!
3711 2521 3894 2696 41
755 2552 3882 2871 Fürwahr, mein Herr, das ist sehr Verflucht.
4158 2797 7158 3139 Geschbitte Sie also, diese Griesan Grimassen 11
3520 2886 3719 3163 7.
836 2894 3287 3217 Zuerst haben Sie da geschrieben,
4174 2988 6784 3318 für künftighin immer wegzulassen.
988 3042 3579 3373 Wo ist da die Wahrheitslebe geblieben?
4205 3186 6306 3489 Ich bleibt indessen Fürderhin
832 3256 3676 3544 Mathilde und meine liebe erlosch seit einen Jahr
4310 3334 7321 3653 Ihr ergebenster Jacques Steile, wohnhaft in Wies¬
821 3400 3921 3719 Nun Herr, ich sag Ihnen offen, daß ist nichher.
4310 3688 7235 3979 Also meine geehrten Leser und Leserinen
930 3696 3894 4065 Ich muss es hätte, Euer daß Mathilde, Eueres
4345 3863 7041 4178 Raten Sie mir, was soll ich beginnen?
852 3944 3812 4314 Hochwohlgeboren, mich lebt noch mit Feuer¬
