7288 4792
1647 354 1843 520 -12-
201 478 2910 904 das alte Herr Charpaar von Ilion.
171 926 3345 1177 Und Hektor hält nun mit dem Wagen
145 1049 3272 1416 "Ochilles! min! ich zage einmermehr,
175 1250 3336 1510 "Mit frischem Mut will ich es wagen,
243 1399 3409 1719 Es treffe dich mein oft bewährter Speer
145 1715 3289 1980 „Fluch dir! Fluch dir ünd den Atreden“
209 1894 3413 2159 Und wirft nach ihm mit seinem langen Speer,
222 2014 3208 2253 doch prällt er ab von dem Reliden¬
239 2176 3447 2496 Und auch Achill stellt sich zur Gegenwahr,
333 2479 3387 2726 Die stoßen mit den Schwertern wilde¬
286 2671 3439 2974 Und keiner sieget, und auch keiner weicht
265 2799 2986 3097 Die decken sich durch ihre Schilde,
239 2982 3507 3289 Bis einer seinen blut'gen Zweck erreicht
303 3242 3417 3571 Nach langem Kampf fügt eine Wunde
286 3434 3409 3686 Achill, dem Hektor zu in Kompfswut,
341 3596 2765 3916 Es naht die finstre Lodes stunde
324 3801 3460 4032 Und auf der tiefen Wunde heißt
1557 3929 2440 4207 das Blut.
269 4061 3460 4386 Der Tod naht ihm mit leisen Schritte
252 4241 3366 4573 da spricht er nun im letzten Augenblick."
5124 235 5491 405 -13-
3631 427 6071 776 „Selide, ach erfüll’ die Bitte,
3835 606 7082 951 Schick meine Leich’ dem Biamus zurück¬
3695 930 6950 1207 „ Zureisst, wesd Schicksal dir beschieden.
3673 1139 7103 1382 „ Du weisst, was ich dir längst schon zu gedacht!“
3763 1259 6382 1574 da wendet sich von dem Seliden
3771 1365 7073 1805 der Held - und sinkt in finster Todesnacht.
3878 1681 6877 2035 Ehr liegt des Lebens schon beraubet,
3788 1911 6647 2210 der Grieche steset ungerührt dabei.
3788 2069 6843 2312 Und Hektor's Ontlitz ist bestaubet,
3840 2223 6950 2607 Uns von der Mauer tönet Wehgeschrei
4770 2739 5538 2961 Judn
5235 2914 6310 3289 A.P.
