7672 5064
531 764 2464 1155 das ist ein schwindelnd schnelles Wehen,
538 929 2413 1344 Am Himmel ist es schwarzbewegt.
384 1203 2955 1631 Die Nacht umschult von Blumendüften
1409 1265 1721 1436 kofte
356 1395 3126 1854 Senkl hant nicht sich auf die eisige Thur
209 1556 2948 2043 Düngst Ein Grollte und dunkeln Küften.
548 1748 2564 2135 Ein trübes Lassen der Natur.
1179 2108 2996 2584 Arthur Schnitzler
709 2831 2125 3280 Anfang Jauer 1877.
1176 3177 3140 3568 Heut Rosen keine Blumandufbe¬
1162 3290 3643 3736 Um die berichte Winterflur. gvollen
1213 3503 3335 3890 Ein GrollenEittert durch die letzte,
1230 3667 3332 4106 Ein bonbes Lachw, der nähren.
1837 3993 2824 4391 tschnitzler.
4668 250 6132 638 Omnißusträume.
5998 452 6341 723 liebe
4038 555 5796 956 der Regen rieselt, 6 ist gescheidter,
4051 826 5508 1083 Ich setz mich in der Omnibus,
4051 967 5847 1182 Krumgeltzwar sehr lang sein weiter —
4031 991 6050 1354 doch thut man manches, wenn man muß.
7020 987 7349 1278 äber.
4031 1213 5631 1573 Das war nur eine Fade Strecke!
4055 1436 5295 1690 Und noch dazu sah ich allein
4062 1536 5463 1854 da lehrt ich mich in eine Ecke
4065 1717 5803 1998 Und schloß die Augen und schlief ein
4065 1892 5573 2218 Was zogen da für bunte Bilder
4082 2077 5738 2351 An mir in süstem Traum vorbei!
4103 2152 6005 2451 Mir träumt, die tüfte wehten milder
4116 2351 5816 2625 Ein Abend sei's im frohen Mai.
7098 2468 7355 2691 Gosn
4127 2560 5878 2841 Und stille, langsamschwebt er wieder
7095 2643 7287 2838 with
4154 2711 5775 3054 Ein hin gehauchter Frühlingskuss -
4154 2879 5933 3177 Ich aber - saß und lehnte wieder
4171 3020 5854 3335 ihn einer Eck des Omnibus
4188 3256 5837 3534 Wir waren eine Zeit gefahren
4199 3380 5858 3757 denn diesmal war ich nicht allein
6098 3924 6738 4264 terstraße
