7512 4888
2229 300 2440 584 46
5404 482 5848 677 77-
3967 630 7227 947 Unter der mächtigen Kieser des Waldes, da gehe ich sinnen,
7303 677 7460 918 lhes
3924 884 7261 1184 Einzeln nur dring in die goldener Straßen des Sonne¬
6225 1049 7075 1302 durchs Laubdach.
3895 1154 7197 1446 D dahmmlische Luft, mitmaschem Gruß zug ich ein Dich!
2381 1205 2867 1501 II A
2000 1171 2190 1476 ré
3975 1357 7269 1573 Das nur allein, daß es so wahre, das wirkliche Leben;
4005 1531 7290 1785 Hier fern von dem Gewähle der dünstigen dienpfigen Stadte
4085 1683 7273 1971 Vier indes Schöpfers freien Natur, da leblich die Wahr¬
4077 1844 7248 2123 Hier Gedrukt man an Summe der alten einschrundeten
6504 2004 7189 2207 Leiten,
1395 1928 3049 2330 Wm Walde
3920 2106 7248 2398 Da nur erkennt der Mensch das heilige Watten der Gothlage
3878 2322 7278 2575 über der Fichterallein fühlt das besten des göttlichen
419 2393 3692 2677 Gedichtet in einem Walde, nahe Wien, 17 Mai 1873.
6106 2491 6825 2698 Pames.
850 2630 3091 2981 Gewidmet Fräulein Gabriete Soë C.
4449 3011 6102 3362 Friede.
461 3108 3632 3434 Stille und ruhig umfängt mich des Waldes seitiges Schwieger,
406 3353 3658 3590 Leise nur säuseln die Winde, die grünender Zweige bewegen,
385 3544 3603 3793 Über und wölbt sich ein grünendes Sach von (dunkelem Lein be¬
359 3675 3658 3882 Siegendingt sich der Vogel hoch auf den schwankenden Zwigen
359 3823 3675 4034 Knospend schon schlagen hervor die ersten der liebliche Väter¬
5104 3814 5861 4174 H.C.
385 3983 3620 4208 Liebliche boten des Frühlingt, ihr kunten ihr dessen Aus¬
292 4153 3632 4419 Schon thwert der Frühling, der herrliche, hoch auf der Vollan¬
2660 4326 3616 4584 des Klimmels
