7304 4792
1095 1137 1834 1417 IIH.
690 1409 2648 1758 Ulysses und
1121 1743 2197 2095 Achilles.
224 2171 2826 2448 Gedichtet zu Vöblau Mitte Juli 1873.
174 2360 2319 2724 Sieh, es warten alle Schaaren
212 2648 1993 2921 Auf Achills, des Tagfern Mut.
170 2804 2084 3069 deine blyandenen harren,
220 2963 2069 3224 Zähme deines Herzens Wutt¬
182 3111 2489 3372 Brief des Mundes finstres Schweigen,
163 3258 2224 3550 Wolle doch dem Feinde zeigen!
174 3596 2235 3861 gektor ist schon vorgedrungen
170 3743 2069 4016 Zu des Lagers festem Thor,
148 3906 2645 4187 Hatschon manchen Sieg errungen,
148 4065 2307 4334 Ach, verschließe nicht dem Ohr;
148 4224 2315 4512 Ohne dich sind wir verloren,
5047 273 5300 455 9 —
3793 500 6335 784 Mit dir sind wir neugeboren.
3785 856 6020 1110 Fieh’, Ersatz will dir ja bieten.
3830 996 5732 1269 Agarnemon, - tausendfach;
3849 1148 6312 1436 Hörst du nicht, wie wir gelitten
3827 1322 5910 1591 Schaden viel und Ungemach!
3940 1478 6289 1728 Wie die starken Feinde lauern
3811 1648 6577 1940 Und de Griechen weinend trauern?
3861 1951 6308 2235 Willst die Agamennau hoffen,
3876 2125 6479 2323 Reichst du nie mehr ihm die Hand?
3849 2269 6376 2535 Foll ich deine Knie um fassen,
3819 2459 6448 2645 Soll ich küssen dein Gewand?
3827 2599 6081 2842 Die Trojaner und bedräuen!
3857 2747 6907 3050 Willst du nimmermehr verzeihen?
3796 3084 6517 3300 „ Deine Worte sind vergebend:
3777 3239 6035 3524 „Bittest ou. mich noch so sehr.
3762 3402 6320 3686 „ Ja - die ganze Zeit des Lebens
3751 3561 6096 3838 „Ich verzeih ihm nimmermehr
3751 3724 6308 3952 „Ich self“ ihm nicht, sie allein,
3736 3887 6600 4164 „Und stürzen auch die Himmel ein!
3736 4202 6331 4490 Und fühlest du dich auch beleidigt,
