7480 5016
591 643 3078 1011 lange der Junge war über dreizehn Jahre
632 855 3290 1178 Hath Maus tuger und blonde haare,
714 1041 3000 1416 Jedoch, die Tante, bei der er logirt,
651 1167 3375 1576 Hätise an straffen zügel geführt!
695 1558 3145 1933 Ja geglaubt schon hatte der Knabe,
617 1744 2888 2115 daß er einstens geliebet habe
599 1907 3093 2264 War eine Cousine von sieben Jahr,
625 2059 3323 2480 doch natürlich war das nicht wahr¬
866 2402 3751 2788 zu Wien schloss eine Freundschaft er innig
926 2636 3249 2948 Mit seinem Vetter Moriz Suumg.
770 2803 2822 3164 Dem Sohne eben jener Tank,
703 3004 2803 3368 die ihn führte mit Strenger Hand,
829 3361 3134 3643 doch jetzt kommen die Abentrück
788 3494 3747 3877 des Gymnasialschulers Arthur Mayer,
900 3691 3784 3959 Noch waren die Terien nicht gänzlich vorbei
848 3844 3446 4208 Und Arthur Mayer war noch frei¬
4145 346 6963 885 Er pflegte manchmal zum Fenster zu gehen,
4145 736 6167 1000 Herrn 2. Stock hinauszuscher.
4149 885 5784 1119 Doch gegenüber im 3. Stock
4138 1022 6290 1361 Dawohnte die Familie Flock,
4193 1387 6900 1665 Es waren in dieser Familie nicht man
4193 1520 6814 1903 Als sechs beinahe unmündigt Kinder
4249 1710 6714 2052 Ein einziges Mädchen, von 13 Jahr,
4223 1881 6829 2279 Welches Fanny bewuset war
4327 2134 7323 2632 Die pflegte auch zum Fenster zu gehen,
4335 2402 6569 2755 Zum 3. Stock hinaus zusehen;
4353 2543 7297 2948 Es traf sich Arthürs und Tanng’sblick
4204 2725 7097 3145 Und so begann dann der Liebe Glück.
4461 3093 6580 3402 doch die Tante thak das erschauen
4483 3260 6933 3587 Mit unendlich großem Wistrauen,
4461 3431 6736 3784 Und machte die Rouletten öfters zu
4446 3613 7294 3993 Als es nöthig gewesen für nächtlich Ruf.
