7672 5096
4916 563 5974 906 8. Singsany
472 639 3345 944 Das heißt, er geb sehr vergnügt und stolz
4159 753 4399 955 30/2
4604 772 6389 1081 Ein gar elegischer Gesang
464 849 2625 1195 Am Fenster an ein Schwefelholz,
4615 932 6952 1282 Voll Thrännekling und Träerklang.
3143 1157 3451 1393 74.
476 1221 2899 1541 Welchselbiges hin und herar rüttilte,
4330 1267 6366 1583 Geehrteste Leser, es ist freilich
6720 1358 6921 1594 1.
472 1355 2983 1693 Den Imstezolstes darbei er schüttelte
4315 1461 6693 1708 Eine alte Geschichte und nicht neulich
552 1537 3132 1838 So daß ich bei aller Mühe und Reiss
4315 1598 6800 1952 daß alles was nicht ewig währt,
685 1720 2983 2051 nichts, was romantischer wurde, weiss:
4284 1743 6921 2112 Zu einer besimmten Zeit aufhört.
3097 2062 3364 2264 15
4281 2078 6488 2401 doch über diese alte Geschichte,
632 2100 2625 2412 Nun aber kamen Zeiten geschritten
6758 2184 6975 2359 2.
624 2272 3276 2599 In denen gar viel wohl ward gelitten,
4258 2260 6857 2603 Schreibt man immer neue Gedichte;
4231 2401 6967 2789 das heißt, wie alles muß vergehn
643 2424 3687 2759 Und zu deren Beprüstung ich Vnd die ich jetzt mit
4239 2542 6632 2945 die vergänglichkeit des Indischen
1902 2625 2165 2770 Wenn
673 2595 3603 2956 Eine Ein Trauvergändniß machte, schau der lof.
1138 2667 1396 2797 nen,
1043 2804 3204 3135 Und die ich jetzt mit tiefen - Gefühl
4155 2869 6971 3177 Ihr, meine Leser, müßt mir verzeihen 3.
1035 2956 3303 3227 den lieben Lesern erzählen will.
4281 3040 7073 3386 Daß ich mit demselben auch thu erfauen
1298 3181 2732 3504 Garwohl und vistig
4212 3234 7013 3565 daß Ihr in meinem ergrufenden Vang
1526 3360 2899 3645 des 7. Singsanges
4159 3360 6929 3664 Mr. Hört. der bekann bey erkläng.
1910 3508 3360 3790 elegisches Ende nchit
2157 3664 3679 3919 Vorbereitung auf
4151 3775 7013 4060 doch denkt nur; - ihr habt noch nirgends gelesen, &
2260 3847 3805 4132 ein. schön derlichen
4037 3778 6324 4189 daß es je anders ist gewesen
4075 4037 7134 4395 Und alles was ist, das ganze Chaus
1811 4033 3067 4372 Brauerpedist.
4068 4205 6480 4543 dreht sich um dieselbe alte Ufs¬
