6712 4424
578 559 1879 836 adlich sich sie mir mit Auge
531 683 2202 975 Endlich reichte sie die Hand mit
572 854 2013 1118 Joch nur überwandt aus Auge
525 1013 2199 1308 Lachtehole und sprach manach süster
562 1171 1851 1420 Ungergesslich schönes Wort¬
503 1289 1926 1550 Und sie schrieb mir Liebesbriefe
509 1398 1994 1708 Voll von Hey und voll von Geiste,
531 1562 2053 1811 Und die Zeit vorgen in Freuden.
537 1718 2097 1972 doch nicht lange. Ernste Schwermit.
481 1879 1668 2128 Nacht sich, mich zu umfangen.
472 1997 2271 2246 In mir fühlt ichs leer und nun auch
472 2181 1858 2364 Und von neuem zog ich weiter
441 2271 2000 2547 Wieder sah ich das ein Mädchen,
478 2451 1851 2699 Einhegliebes, halbes Wesen¬
491 2581 1892 2892 Schnelle traf ich zu der kleinen
500 2734 2168 2994 Lage sie nun. Was ist Lieben? -
457 2879 2000 3137 Aber sie - kusst' an die Loppen
447 3047 2320 3277 Aber sie lacht und küsst auch wieder
460 3230 2041 3488 Und ich sah' sie bald verstaunte,
454 3342 2087 3641 O, auch jener Küssen fragt ich
419 3504 2174 3731 keine wieder. Was ist lieben?
401 3634 2448 3920 Selben lehrich gerüdte Antwort.
1339 3936 2277 4162 Orltsch
5396 537 6206 823 6. Töli 1879.
4554 534 4843 836 xx
3647 829 6085 1252 Haben schon viele dasselbe empfanden,
3793 1093 6163 1469 Wollt doch keines davon gesunden
3877 1317 6272 1761 Habenschon viele das selbigehung an¬
3858 1631 6051 2025 hat sich doch keiner losgeangen.
3964 2016 6349 2460 Ringt euch los vom Menschenleben,
3827 2320 6331 2761 Dann wird sich alles von selbe geben
3839 2575 6265 2988 Aber zu den auf dieser Erdt,
3790 2842 6259 3290 Glaub t nicht, daß es damals
5060 3047 6126 3355 besser werk.
4147 3370 5734 3892 Achsebin
