7656 5112
6542 464 6764 785 9.
3969 488 6265 860 Hier will ich auch sagen, daß Arthur's Tante
519 650 2173 987 So daß die Schule endlich steht
3961 698 6324 983 die Ursula heinig manstet) benannt.
488 852 2502 1221 Und Arthur nicht. erfreutet hat:
3965 916 5757 1221 Über wohl eine Equipage hatt,
4076 1067 6312 1392 Die wärld am Arthur schrecklich fad.
381 1158 626 1396 7.
3065 1043 3319 1455 5.
511 1205 2502 1546 Arthur Meyer trat nemlich eine
523 1384 2756 1741 ihn die Quinte, die fürste Latine,
4056 1400 6800 1685 denn statt in den Montparten zu gehen, 10.
563 1558 3366 1860 Was ich schon Anfangs nicht verhohlt; —
4088 1598 6388 1927 Mißt er oft in Schönquell sich sehen
678 1697 3683 2034 Wird Deutlichkeitshalber nochmals erzählt.
4112 1788 6423 2090 So daß er gar wütend wurde und
4112 1840 7307 2308 den Wagen verwünschte in Boden und Grund¬
567 2054 3501 2419 Auch darf es hier nicht unbemerkt bleiben, 6.,
623 2236 3513 2506 daß er in die Stenografie sich ließ einschrieben,
4167 2260 6915 2629 Doch wenn er x endlich nach Hause käme, 18.
623 2438 3231 2764 Ein Umstand, der nicht sehr wichtig scheint
4243 2474 6748 2791 Und von den Tante er Abschied nahmen,
619 2585 2922 2974 doch wichtiger ist als wen man wie weit.
4278 2625 6733 2958 So trat er als bald vom Leester hin¬
4373 2835 6725 3172 And offnete es in liebendem Sinn:
710 2966 3085 3331 Ich will ihn nicht übergehen flüchtig.
4595 3156 4917 3366 den
702 3176 3156 3541 Denn er ist schwer und sehr gewichtig.
6633 3101 6887 3374 12
4278 3196 6431 3521 Nahm kenstvolster, den er schüttelt,
4270 3374 6978 3656 Was eine Verbindung wohl vermittelte
737 3327 3168 3664 Der Leser möge in diesem Gedicht
1281 3557 1542 3676 was
757 3501 3485 3913 das niemals verpassen, nimmals nicht
4393 3541 6586 3890 Ein sinerreicher Greifs den ebenso
4492 3687 6768 4048 die Tanny erwiderte frei und froh.
753 3791 2887 4223 Denn daraus ist gar viel entschlossen
4445 4064 6963 4429 Später erfand auch Arthur moyen 11.
849 4072 3184 4362 Viel Unheil und viel Glück geflossen,
4500 4262 6776 4591 Einen Gruß mit Glut u. Tren,
845 4247 2787 4584 Drum schärfe sah der Leser eine
821 4413 2680 4794 Das möge im Vergessen sei
