7288 4792
1678 347 1870 502 10
117 598 2753 904 „der will ich Freund ja immer sein,
134 749 2682 1063 Doch wer Achill einmal beleidigt
138 916 2782 1163 „dem kann er nimmermehr verzeihn.
163 1058 2640 1372 „Er hat Briefeis mir genommen.
130 1197 3171 1556 „das Licht der Freundschaft ist verglommen!“
933 1456 1807 1745 Friede
1088 2134 2318 2594 A. S.
5121 251 5414 456 11
4573 1042 5456 1372 II V o
4167 1519 6313 1883 Hektor's Sod.
3883 1945 6598 2234 Gedichtet zu völau Ende Juli 1873.
3770 2272 6514 2485 „Sieh“ hin auf dieser Mauer Zinnen,
3749 2397 6723 2711 „Die Privenus die greisen Hände ringt,
3740 2619 6773 2837 „ Glaubst Hektor du mir zu entrimmten.
3728 2749 6778 3050 „der grause Todesengel schon dir winkt.
3765 3071 6715 3339 „Ich will dein Auge sehen brechen¬
3782 3221 6732 3519 „ha tapfrer Hektor, sei auf deiner Hut,
3765 3376 6418 3606 den Tod Patroklus will ich rachen.
3736 3523 7096 3828 „ das Blut des Freundes fordert wieder Bluti
3795 3866 6824 4075 Und dreimal fliehet um die Mauer
3836 4071 7058 4297 Der tapfre Hektor, Priam's mit "ger Sohn,
3828 4192 6677 4477 Und auf der Feste steht mit Trauer
