7480 4792
1883 124 2169 315 74
2231 257 2425 397 11
1804 385 2152 600 -7 8
1126 1333 3282 1689 a.
1171 1854 3427 2185 beim Anblicke zweier Bilder.
1672 2318 3365 2669 2 8. Geträumtes Glück
737 2545 3228 2798 Gedichtet Mitte Juni 1875 zu Wien.
389 2628 3704 2984 Gegenxxrauschet ruhet im heiligen Glaenz des Süngling
377 2860 3650 3166 Leise von Geistergeflüster durchlebt es die Wipfel der Bäume
385 3030 3663 3237 Siehda! - welche Gestalten beleben die Stille des Waldes,
414 3162 3646 3406 Sagt, aus welchen regionen Zeiger & götlichen nieder¬
377 3344 3646 3580 An dem Baume lehnt Klic, den Griffel, den goldenen haltend,
372 3551 3377 3787 Ernst das Auge gerichtet auf der simmenden Sünglung
393 3659 3671 3948 Sacheled schaut Fortuna auf den Träuwer herumder
393 3837 3688 4118 kruet über den Süngling die besten, die lieblichen Gaber¬
435 3981 3704 4230 Und es schwebt der Aufm, der beglückende ob seinem Haupt¬
443 4172 3671 4433 Glält über ihn den krömenden Kranz, den Corbüergewunden
5740 174 6067 493 79—
4126 439 7413 840 Und aus des Waldes Dunkel haben sich viele Gestalten
4106 704 7437 1076 Und sie umfangen, umschreben, um gaukeln) die leiblichen
6709 919 7350 1117 träumer
4168 898 7417 1362 Schöne Gedanken, o Surgling, durchzucken die hoffende Ineln¬
4155 1175 7413 1544 Werden in späteren Lehren die Träum in Erführung
6262 1386 7189 1676 wohlgehen?
5231 1854 7230 2140 29. Getäuschte Hoffnungen
4329 1974 6759 2268 Gedichtet zu Wien Mitte Frei 1875.
4031 2185 7346 2587 Brausendrälzet das Meer die schaumenden Fluten aus¬
6390 2504 6767 2711 Ufer,
4056 2504 7363 2910 Und es branden zurück die wegenden Wasservone Filsen
4044 2756 7334 3050 Und achdem Ufer der Greit schaut düsteren Dichsindin
4077 2951 6949 3237 der ewig rauschen und rauscher in unaust Flüten
6142 3112 7342 3414 haltsame Drange.
4035 3116 7338 3563 Seht, da schwanket ein Kahnweil im unendlichen
4010 3439 4917 3675 cher Meere,
4093 3497 7264 3832 Was für bekannte Gestalten erblick’ ich wiederum
6233 3791 7110 4044 im Schiffe?
4048 3899 7301 4130 klo, die ernste, Fortuna, die milde, der Kufen mit den Ver¬
4002 4093 7305 4424 Alle, ja alle, sie sind es, die einst dem Füngling erschienen
