<?xml version="1.0" encoding="UTF-8" standalone="yes"?>
<PcGts xmlns="http://schema.primaresearch.org/PAGE/gts/pagecontent/2013-07-15" xmlns:xsi="http://www.w3.org/2001/XMLSchema-instance" xsi:schemaLocation="http://schema.primaresearch.org/PAGE/gts/pagecontent/2013-07-15 http://schema.primaresearch.org/PAGE/gts/pagecontent/2013-07-15/pagecontent.xsd">
    <Metadata>
        <Creator>prov=READ-COOP:name=TrHtr:version=2.1.0:model_id=51170:date=28_07_2023_06:51</Creator>
        <Created>2023-05-10T11:15:30.132+02:00</Created>
        <LastChange>2023-07-28T06:51:49.497+02:00</LastChange>
        <TranskribusMetadata docId="1428138" pageId="55385373" pageNr="123" tsid="131322632" status="IN_PROGRESS" userId="64420" imgUrl="https://files.transkribus.eu/Get?id=FJMOQASJBEFGCITDVPHUSJCR&amp;fileType=view" xmlUrl="https://files.transkribus.eu/Get?id=JKOLILQBWZEVFUFMXVWTLUZQ" imageId="44660272"/>
    </Metadata>
    <Page imageFilename="1428138_0123.jpg" imageWidth="7512" imageHeight="5151">
        <ReadingOrder>
            <OrderedGroup id="ro_1711823642309" caption="Regions reading order">
                <RegionRefIndexed index="0" regionRef="tr_1"/>
            </OrderedGroup>
        </ReadingOrder>
        <TextRegion id="tr_1" custom="readingOrder {index:0;}">
            <Coords points="596,893 7144,893 7144,4498 596,4498"/>
            <TextLine id="tr_1_tl_1" custom="readingOrder {index:0;}">
                <Coords points="4460,1058 5627,1015 5923,1101 6210,992 6906,999 6906,727 6401,821 5993,774 5884,848 5156,684 4460,704"/>
                <Baseline points="4482,972 4494,966 4583,960 4673,954 4763,954 4852,954 4942,954 5031,949 5121,954 5210,954 5300,954 5389,954 5479,954 5568,960 5658,960 5747,960 5837,954 5926,954 6016,954 6105,954 6195,949 6285,949 6374,949 6464,949 6553,949 6643,954 6732,949 6822,943 6911,949"/>
                <TextEquiv>
                    <Unicode>In den schönen Mondgarten trit</Unicode>
                </TextEquiv>
            </TextLine>
            <TextLine id="tr_1_tl_2" custom="readingOrder {index:1;}">
                <Coords points="587,996 1326,964 1451,1081 2018,964 3022,1031 3115,1023 3119,809 2668,712 2290,824 1381,762 805,789 591,918"/>
                <Baseline points="614,960 620,960 710,960 799,960 889,960 978,966 1068,960 1157,966 1247,966 1336,966 1426,966 1516,966 1605,966 1695,960 1784,960 1874,960 1963,954 2053,954 2142,949 2232,949 2321,949 2411,949 2500,949 2590,949 2679,943 2769,943 2859,943 2948,943 3038,943 3127,954"/>
                <TextEquiv>
                    <Unicode>das sollte heißen: Geliebter Arthur</Unicode>
                </TextEquiv>
            </TextLine>
            <TextLine id="tr_1_tl_3" custom="readingOrder {index:2;}">
                <Coords points="576,1202 1769,1272 2294,1147 2434,1248 2718,1256 2722,984 2287,972 1987,1077 1594,996 1458,1085 1353,1015 1221,1112 988,976 576,1011"/>
                <Baseline points="596,1140 674,1140 763,1140 853,1140 943,1140 1032,1140 1122,1140 1211,1140 1301,1140 1390,1140 1480,1134 1569,1134 1659,1128 1748,1128 1838,1128 1927,1134 2017,1134 2106,1134 2196,1134 2286,1134 2375,1128 2465,1128 2554,1128 2644,1122 2733,1122"/>
                <TextEquiv>
                    <Unicode>Auch ich bin dort heute um 10 Uhr.</Unicode>
                </TextEquiv>
            </TextLine>
            <TextLine id="tr_1_tl_4" custom="readingOrder {index:3;}">
                <Coords points="4293,1388 5705,1318 6230,1404 6428,1326 6584,1416 6957,1338 6957,1174 6844,1147 6514,1233 6327,1139 4293,1174"/>
                <Baseline points="4315,1295 4404,1295 4494,1295 4583,1301 4673,1301 4763,1301 4852,1301 4942,1295 5031,1295 5121,1295 5210,1295 5300,1295 5389,1295 5479,1301 5568,1307 5658,1307 5747,1313 5837,1313 5926,1313 6016,1313 6105,1313 6195,1313 6285,1307 6374,1307 6464,1307 6553,1301 6643,1307 6732,1301 6822,1295 6911,1301 6965,1295"/>
                <TextEquiv>
                    <Unicode>Und als er hineintritt mit großer Eile</Unicode>
                </TextEquiv>
            </TextLine>
            <TextLine id="tr_1_tl_5" custom="readingOrder {index:4;}">
                <Coords points="4340,1548 4534,1501 4698,1590 5098,1478 5526,1571 6992,1540 6992,1369 6883,1330 6584,1412 6381,1330 6234,1400 4340,1365"/>
                <Baseline points="4363,1468 4452,1468 4542,1468 4631,1468 4721,1468 4810,1474 4900,1474 4989,1474 5079,1468 5168,1462 5258,1468 5347,1474 5437,1474 5527,1474 5616,1474 5706,1480 5795,1480 5885,1480 5974,1474 6064,1474 6153,1474 6243,1468 6332,1468 6422,1462 6511,1462 6601,1462 6690,1462 6780,1462 6869,1468 6959,1468 7001,1468"/>
                <TextEquiv>
                    <Unicode>Kam ihm entgegen sein Freund Jacques Ste¬</Unicode>
                </TextEquiv>
            </TextLine>
            <TextLine id="tr_1_tl_6" custom="readingOrder {index:5;}">
                <Coords points="579,1521 2255,1486 2473,1633 3364,1482 3706,1587 3706,1338 3531,1314 3181,1416 2866,1311 579,1342"/>
                <Baseline points="602,1486 668,1486 758,1486 847,1492 937,1492 1026,1492 1116,1492 1205,1492 1295,1486 1384,1486 1474,1486 1563,1486 1653,1480 1742,1480 1832,1480 1921,1474 2011,1480 2100,1480 2190,1480 2280,1480 2369,1474 2459,1474 2548,1480 2638,1468 2727,1474 2817,1474 2906,1474 2996,1474 3085,1474 3175,1474 3264,1474 3354,1468 3443,1468 3533,1468 3623,1474 3712,1474"/>
                <TextEquiv>
                    <Unicode>drauf that der Jüngling sich schön ankleiden,</Unicode>
                </TextEquiv>
            </TextLine>
            <TextLine id="tr_1_tl_7" custom="readingOrder {index:6;}">
                <Coords points="4313,1657 4597,1727 4752,1668 4950,1762 5783,1660 6164,1769 6315,1692 6591,1719 6591,1478 6432,1552 5818,1489 5526,1571 5226,1478 5051,1598 4484,1501 4313,1552"/>
                <Baseline points="4333,1641 4422,1647 4512,1647 4601,1647 4691,1647 4780,1647 4870,1653 4960,1653 5049,1653 5139,1647 5228,1647 5318,1647 5407,1647 5497,1647 5586,1647 5676,1647 5765,1647 5855,1647 5944,1647 6034,1647 6123,1647 6213,1647 6302,1641 6392,1647 6482,1641 6571,1647 6601,1647"/>
                <TextEquiv>
                    <Unicode>Der hier geschildert sei sehr put,</Unicode>
                </TextEquiv>
            </TextLine>
            <TextLine id="tr_1_tl_8" custom="readingOrder {index:7;}">
                <Coords points="587,1715 797,1684 999,1804 1462,1672 1933,1797 2500,1668 2893,1769 3601,1684 3601,1505 3442,1489 3270,1590 2862,1524 2477,1629 2232,1486 591,1528"/>
                <Baseline points="614,1677 650,1671 740,1671 829,1665 919,1671 1008,1671 1098,1665 1187,1665 1277,1665 1366,1665 1456,1665 1545,1665 1635,1665 1724,1659 1814,1659 1904,1659 1993,1659 2083,1665 2172,1671 2262,1677 2351,1659 2441,1659 2530,1653 2620,1653 2709,1647 2799,1653 2888,1653 2978,1647 3067,1653 3157,1653 3246,1647 3336,1647 3426,1647 3515,1653 3605,1653"/>
                <TextEquiv>
                    <Unicode>Und schwer liess ihn die Tante scheiden.</Unicode>
                </TextEquiv>
            </TextLine>
            <TextLine id="tr_1_tl_9" custom="readingOrder {index:8;}">
                <Coords points="4200,1929 4997,1832 5736,1952 6101,1859 6922,1905 7132,1878 7136,1672 6319,1692 6179,1785 5837,1664 5172,1762 4752,1664 4565,1765 4204,1707"/>
                <Baseline points="4225,1820 4315,1826 4404,1820 4494,1826 4583,1832 4673,1832 4763,1832 4852,1832 4942,1832 5031,1826 5121,1826 5210,1820 5300,1820 5389,1820 5479,1820 5568,1814 5658,1814 5747,1814 5837,1820 5926,1814 6016,1820 6105,1820 6195,1826 6285,1826 6374,1826 6464,1826 6553,1826 6643,1826 6732,1826 6822,1820 6911,1820 7001,1808 7090,1808 7144,1820"/>
                <TextEquiv>
                    <Unicode>Damit man total ihn kennen thut.</Unicode>
                </TextEquiv>
            </TextLine>
            <TextLine id="tr_1_tl_10" custom="readingOrder {index:9;}">
                <Coords points="653,1886 1276,1863 1466,1940 1575,1863 1762,1933 3045,1847 3045,1773 2765,1692 1933,1793 1279,1684 992,1804 653,1684"/>
                <Baseline points="674,1838 728,1838 817,1844 907,1844 996,1850 1086,1844 1175,1850 1265,1844 1354,1850 1444,1844 1533,1850 1623,1844 1713,1838 1802,1838 1892,1838 1981,1838 2071,1838 2160,1838 2250,1838 2339,1832 2429,1832 2518,1832 2608,1826 2697,1826 2787,1826 2876,1832 2966,1832 3055,1832"/>
                <TextEquiv>
                    <Unicode>Doch scheiden ließ sie ihr immerhöre</Unicode>
                </TextEquiv>
            </TextLine>
            <TextLine id="tr_1_tl_11" custom="readingOrder {index:10;}">
                <Coords points="657,2049 988,2150 1311,2061 1645,2154 2839,2069 3368,2150 3317,1839 2656,1944 2224,1851 657,1948"/>
                <Baseline points="680,2023 692,2029 781,2023 871,2017 960,2017 1050,2017 1140,2017 1229,2017 1319,2011 1408,2017 1498,2017 1587,2017 1677,2017 1766,2011 1856,2011 1945,2011 2035,2017 2124,2017 2214,2017 2303,2017 2393,2017 2482,2011 2572,2011 2662,2011 2751,2011 2841,2005 2930,2005 3020,2005 3109,2005 3199,2005 3288,2005 3378,2011"/>
                <TextEquiv>
                    <Unicode>Worauf der Jüngling freudig that ziehe.</Unicode>
                </TextEquiv>
            </TextLine>
            <TextLine id="tr_1_tl_12" custom="readingOrder {index:11;}">
                <Coords points="4274,2232 4666,2182 5020,2267 5121,2185 5374,2279 5646,2185 6327,2267 6615,2209 6615,2104 5821,2030 5685,2100 5289,2007 4274,2088"/>
                <Baseline points="4297,2166 4387,2172 4476,2172 4566,2172 4655,2172 4745,2166 4834,2166 4924,2172 5013,2172 5103,2178 5192,2184 5282,2172 5371,2172 5461,2172 5550,2172 5640,2172 5729,2172 5819,2172 5909,2172 5998,2178 6088,2172 6177,2172 6267,2172 6356,2172 6446,2172 6535,2178 6625,2190 6631,2196"/>
                <TextEquiv>
                    <Unicode>Das wichtigste ist, daß er vor allem</Unicode>
                </TextEquiv>
            </TextLine>
            <TextLine id="tr_1_tl_13" custom="readingOrder {index:12;}">
                <Coords points="4274,2360 4939,2473 5471,2368 5853,2485 6817,2388 6817,2252 6541,2189 6339,2271 6129,2185 6000,2267 5821,2189 5335,2283 4666,2185 4274,2267"/>
                <Baseline points="4297,2351 4387,2351 4476,2345 4566,2345 4655,2345 4745,2339 4834,2339 4924,2339 5013,2345 5103,2345 5192,2351 5282,2351 5371,2351 5461,2345 5550,2351 5640,2339 5729,2345 5819,2345 5909,2351 5998,2351 6088,2345 6177,2345 6267,2345 6356,2345 6446,2345 6535,2339 6625,2345 6714,2339 6804,2351 6822,2357"/>
                <TextEquiv>
                    <Unicode>Mathilde Heins, sehr hat gefallen.</Unicode>
                </TextEquiv>
            </TextLine>
            <TextLine id="tr_1_tl_14" custom="readingOrder {index:13;}">
                <Coords points="657,2403 3690,2450 3690,2224 3500,2193 657,2259"/>
                <Baseline points="680,2363 746,2363 835,2363 925,2369 1014,2363 1104,2363 1193,2363 1283,2363 1372,2363 1462,2363 1551,2363 1641,2363 1730,2363 1820,2363 1909,2363 1999,2363 2089,2357 2178,2357 2268,2357 2357,2357 2447,2357 2536,2357 2626,2357 2715,2357 2805,2351 2894,2351 2984,2351 3073,2351 3163,2351 3252,2351 3342,2351 3432,2357 3521,2357 3611,2351 3700,2357"/>
                <TextEquiv>
                    <Unicode>Und als der Arthur im Garten that sitzen,</Unicode>
                </TextEquiv>
            </TextLine>
            <TextLine id="tr_1_tl_15" custom="readingOrder {index:14;}">
                <Coords points="4289,2582 4966,2543 5394,2574 5499,2652 5751,2532 6028,2644 6288,2555 6288,2399 5860,2481 5724,2427 5608,2473 5444,2364 4935,2473 4713,2388 4289,2415"/>
                <Baseline points="4309,2524 4327,2524 4416,2530 4506,2524 4595,2518 4685,2518 4774,2512 4864,2518 4954,2518 5043,2518 5133,2524 5222,2524 5312,2524 5401,2530 5491,2524 5580,2518 5670,2518 5759,2518 5849,2524 5938,2524 6028,2524 6117,2518 6207,2518 6296,2512"/>
                <TextEquiv>
                    <Unicode>Welche Liebe seit einem Jahr,</Unicode>
                </TextEquiv>
            </TextLine>
            <TextLine id="tr_1_tl_16" custom="readingOrder {index:15;}">
                <Coords points="669,2559 1244,2679 1660,2547 1937,2672 2329,2547 2578,2617 3014,2543 3212,2675 3566,2598 3539,2388 2598,2489 2500,2388 2049,2485 1816,2384 1489,2504 1334,2403 673,2403"/>
                <Baseline points="692,2542 781,2542 871,2548 960,2548 1050,2548 1140,2548 1229,2548 1319,2542 1408,2542 1498,2536 1587,2536 1677,2536 1766,2536 1856,2536 1945,2536 2035,2536 2124,2542 2214,2536 2303,2536 2393,2536 2482,2536 2572,2536 2662,2536 2751,2530 2841,2536 2930,2530 3020,2524 3109,2530 3199,2530 3288,2530 3378,2536 3467,2536 3557,2536 3575,2542"/>
                <TextEquiv>
                    <Unicode>Nam auch die Fanny mit Bruder Fritzen,</Unicode>
                </TextEquiv>
            </TextLine>
            <TextLine id="tr_1_tl_17" custom="readingOrder {index:16;}">
                <Coords points="4258,2796 7074,2827 7074,2528 6374,2644 5689,2535 5506,2656 4970,2543 4258,2602"/>
                <Baseline points="4279,2703 4369,2709 4458,2709 4548,2703 4637,2703 4727,2703 4816,2703 4906,2703 4995,2703 5085,2709 5174,2703 5264,2709 5353,2703 5443,2703 5532,2703 5622,2697 5712,2697 5801,2697 5891,2703 5980,2697 6070,2697 6159,2703 6249,2697 6338,2697 6428,2697 6517,2691 6607,2691 6696,2685 6786,2685 6875,2691 6965,2703 7055,2715 7084,2715"/>
                <TextEquiv>
                    <Unicode>Beiderseitsgeschwunden war ganz und gar,</Unicode>
                </TextEquiv>
            </TextLine>
            <TextLine id="tr_1_tl_18" custom="readingOrder {index:17;}">
                <Coords points="684,2815 902,2742 1497,2835 1641,2742 1917,2827 2392,2722 2777,2796 3154,2718 3154,2605 2329,2547 2077,2563 1937,2672 1649,2551 1279,2683 887,2563 684,2629"/>
                <Baseline points="704,2721 746,2715 835,2715 925,2721 1014,2721 1104,2721 1193,2721 1283,2721 1372,2715 1462,2715 1551,2715 1641,2715 1730,2721 1820,2721 1909,2715 1999,2715 2089,2715 2178,2709 2268,2715 2357,2709 2447,2715 2536,2709 2626,2709 2715,2709 2805,2703 2894,2703 2984,2703 3073,2703 3163,2703"/>
                <TextEquiv>
                    <Unicode>Dann gingen die Beidenherum 2 Stund</Unicode>
                </TextEquiv>
            </TextLine>
            <TextLine id="tr_1_tl_19" custom="readingOrder {index:18;}">
                <Coords points="719,2952 1136,3049 1528,2940 1859,3029 2679,2909 3103,3010 3286,2901 3714,2920 3714,2738 3356,2815 2127,2738 1909,2866 1598,2753 719,2819"/>
                <Baseline points="740,2924 769,2918 859,2906 949,2906 1038,2906 1128,2906 1217,2900 1307,2900 1396,2900 1486,2900 1575,2900 1665,2900 1754,2906 1844,2906 1933,2900 2023,2894 2112,2894 2202,2894 2291,2894 2381,2894 2471,2894 2560,2894 2650,2894 2739,2888 2829,2882 2918,2888 3008,2882 3097,2882 3187,2888 3276,2888 3366,2882 3455,2882 3545,2876 3634,2876 3724,2876"/>
                <TextEquiv>
                    <Unicode>Und sprachen sehr viel mit ihrem Mund.</Unicode>
                </TextEquiv>
            </TextLine>
            <TextLine id="tr_1_tl_20" custom="readingOrder {index:19;}">
                <Coords points="6840,3111 6895,3099 6903,3107 6934,3103 6953,3084 6988,3107 7019,3103 7023,2897 6973,2901 6957,2917 6938,2920 6883,2971 6844,2967"/>
                <Baseline points="6864,3026 6953,3020 7031,3026"/>
                <TextEquiv>
                    <Unicode>11.</Unicode>
                </TextEquiv>
            </TextLine>
            <TextLine id="tr_1_tl_21" custom="readingOrder {index:20;}">
                <Coords points="4196,3142 5114,3072 5293,3150 5522,3092 5919,3146 6063,3064 6292,3068 6292,2924 6187,2885 6035,2967 5596,2882 5184,2967 4624,2889 4196,2944"/>
                <Baseline points="4219,3055 4243,3050 4333,3050 4422,3055 4512,3050 4601,3055 4691,3055 4780,3055 4870,3050 4960,3050 5049,3050 5139,3050 5228,3055 5318,3055 5407,3061 5497,3050 5586,3050 5676,3050 5765,3055 5855,3050 5944,3044 6034,3038 6123,3044 6213,3038 6302,3044"/>
                <TextEquiv>
                    <Unicode>Mathilde Hiems haben thäte</Unicode>
                </TextEquiv>
            </TextLine>
            <TextLine id="tr_1_tl_22" custom="readingOrder {index:21;}">
                <Coords points="4188,3317 4437,3274 4659,3368 4783,3263 5343,3309 5615,3235 5841,3356 6599,3255 6599,3165 6370,3072 6070,3060 5919,3146 5293,3154 5125,3072 4484,3185 4340,3084 4192,3138"/>
                <Baseline points="4213,3223 4303,3229 4392,3229 4482,3241 4572,3241 4661,3241 4751,3241 4840,3235 4930,3235 5019,3229 5109,3229 5198,3229 5288,3223 5377,3229 5467,3229 5556,3223 5646,3217 5735,3217 5825,3217 5914,3223 6004,3229 6094,3223 6183,3223 6273,3223 6362,3223 6452,3217 6541,3217 6607,3229"/>
                <TextEquiv>
                    <Unicode>Eine Schwester, benam hat Käthe,</Unicode>
                </TextEquiv>
            </TextLine>
            <TextLine id="tr_1_tl_23" custom="readingOrder {index:22;}">
                <Coords points="723,3267 1793,3344 2014,3251 2193,3356 3438,3251 3694,3375 3694,3142 3418,3076 723,3134"/>
                <Baseline points="746,3252 835,3246 925,3246 1014,3246 1104,3241 1193,3241 1283,3241 1372,3241 1462,3241 1551,3241 1641,3241 1730,3241 1820,3246 1909,3246 1999,3241 2089,3241 2178,3241 2268,3235 2357,3241 2447,3241 2536,3241 2626,3241 2715,3235 2805,3235 2894,3235 2984,3241 3073,3246 3163,3241 3252,3241 3342,3241 3432,3241 3521,3246 3611,3246 3700,3246"/>
                <TextEquiv>
                    <Unicode>Der kleine Fritz war ja erst drei Jahre</Unicode>
                </TextEquiv>
            </TextLine>
            <TextLine id="tr_1_tl_24" custom="readingOrder {index:23;}">
                <Coords points="4270,3457 6720,3407 7039,3488 6953,3305 6234,3255 5845,3356 5600,3259 5300,3364 4985,3243 4666,3375 4441,3274 4270,3348"/>
                <Baseline points="4291,3402 4381,3396 4470,3402 4560,3402 4649,3402 4739,3402 4828,3402 4918,3402 5007,3402 5097,3402 5186,3402 5276,3402 5365,3402 5455,3396 5544,3396 5634,3396 5723,3396 5813,3396 5903,3396 5992,3396 6082,3396 6171,3396 6261,3396 6350,3396 6440,3396 6529,3396 6619,3396 6708,3396 6798,3402 6887,3402 6977,3408 7049,3426"/>
                <TextEquiv>
                    <Unicode>von der man keinen Liebesroman¬</Unicode>
                </TextEquiv>
            </TextLine>
            <TextLine id="tr_1_tl_25" custom="readingOrder {index:24;}">
                <Coords points="653,3480 1412,3445 1692,3574 2322,3422 2854,3554 3193,3422 3422,3449 3426,3282 3033,3372 2753,3251 2154,3360 2018,3255 1808,3344 657,3305"/>
                <Baseline points="674,3437 752,3432 841,3432 931,3426 1020,3426 1110,3426 1199,3426 1289,3426 1378,3426 1468,3426 1557,3420 1647,3420 1736,3420 1826,3420 1915,3420 2005,3420 2095,3420 2184,3414 2274,3414 2363,3414 2453,3414 2542,3414 2632,3414 2721,3408 2811,3414 2900,3408 2990,3408 3079,3408 3169,3408 3258,3402 3348,3408 3437,3414"/>
                <TextEquiv>
                    <Unicode>Mit dem war noch keine große Gefahre.</Unicode>
                </TextEquiv>
            </TextLine>
            <TextLine id="tr_1_tl_26" custom="readingOrder {index:25;}">
                <Coords points="4204,3628 6129,3718 6296,3589 7109,3609 7109,3515 6724,3407 6168,3492 4204,3422"/>
                <Baseline points="4225,3575 4315,3575 4404,3581 4494,3581 4583,3587 4673,3581 4763,3581 4852,3581 4942,3581 5031,3575 5121,3575 5210,3581 5300,3575 5389,3581 5479,3575 5568,3581 5658,3575 5747,3581 5837,3581 5926,3575 6016,3575 6105,3575 6195,3569 6285,3569 6374,3569 6464,3569 6553,3575 6643,3569 6732,3575 6822,3575 6911,3575 7001,3575 7090,3575 7120,3581"/>
                <TextEquiv>
                    <Unicode>Soviel ich weiße, noch erzählen kann.</Unicode>
                </TextEquiv>
            </TextLine>
            <TextLine id="tr_1_tl_27" custom="readingOrder {index:26;}">
                <Coords points="653,3624 1011,3605 1213,3729 1660,3609 2403,3597 3189,3733 3527,3624 3527,3438 2675,3562 2271,3461 1894,3457 1692,3574 1489,3445 653,3480"/>
                <Baseline points="674,3599 758,3593 847,3587 937,3587 1026,3593 1116,3593 1205,3593 1295,3593 1384,3593 1474,3593 1563,3593 1653,3599 1742,3599 1832,3599 1921,3593 2011,3593 2100,3587 2190,3587 2280,3587 2369,3593 2459,3587 2548,3587 2638,3587 2727,3587 2817,3587 2906,3587 2996,3587 3085,3581 3175,3581 3264,3581 3354,3575 3443,3575 3533,3581"/>
                <TextEquiv>
                    <Unicode>Sie hofften beim Auseinander gehen</Unicode>
                </TextEquiv>
            </TextLine>
            <TextLine id="tr_1_tl_28" custom="readingOrder {index:27;}">
                <Coords points="599,3877 2150,3776 3477,3869 3477,3671 3344,3628 3189,3733 1664,3605 1209,3733 1007,3605 599,3620"/>
                <Baseline points="620,3772 710,3772 799,3772 889,3778 978,3772 1068,3772 1157,3772 1247,3772 1336,3772 1426,3778 1516,3778 1605,3778 1695,3772 1784,3772 1874,3766 1963,3766 2053,3766 2142,3766 2232,3760 2321,3760 2411,3760 2500,3766 2590,3760 2679,3766 2769,3760 2859,3754 2948,3766 3038,3766 3127,3766 3217,3766 3306,3766 3396,3760 3485,3772"/>
                <TextEquiv>
                    <Unicode>Sich heute Abend wieder zu sehn.</Unicode>
                </TextEquiv>
            </TextLine>
            <TextLine id="tr_1_tl_29" custom="readingOrder {index:28;}">
                <Coords points="5919,3881 5938,3885 6020,3830 6148,3834 6210,3811 6222,3827 6284,3823 6296,3733 6206,3706 6191,3718 6140,3706 6121,3725 6090,3706 6066,3718 6039,3687 5981,3710 5938,3702"/>
                <Baseline points="5944,3837 6028,3825 6117,3814 6207,3802 6296,3802"/>
                <TextEquiv>
                    <Unicode>falls</Unicode>
                </TextEquiv>
            </TextLine>
            <TextLine id="tr_1_tl_30" custom="readingOrder {index:29;}">
                <Coords points="6798,3967 6868,3951 6918,3982 6938,3978 6953,3998 6996,3974 7054,3974 7070,3776 7027,3776 6976,3807 6949,3795 6914,3815 6871,3784 6809,3776"/>
                <Baseline points="6822,3921 6887,3915 6977,3909 7066,3903"/>
                <TextEquiv>
                    <Unicode>72.</Unicode>
                </TextEquiv>
            </TextLine>
            <TextLine id="tr_1_tl_31" custom="readingOrder {index:30;}">
                <Coords points="4114,4048 4383,3951 5055,4002 5452,3935 6273,4048 6432,3935 6599,3978 6603,3792 5219,3877 4822,3768 4118,3799"/>
                <Baseline points="4136,3933 4190,3945 4279,3939 4369,3933 4458,3933 4548,3933 4637,3927 4727,3933 4816,3933 4906,3927 4995,3927 5085,3921 5174,3921 5264,3927 5353,3927 5443,3927 5532,3927 5622,3927 5712,3921 5801,3927 5891,3921 5980,3921 6070,3921 6159,3915 6249,3915 6338,3915 6428,3915 6517,3921 6607,3921"/>
                <TextEquiv>
                    <Unicode>Jacques Weile war eben 13 Jahre</Unicode>
                </TextEquiv>
            </TextLine>
            <TextLine id="tr_1_tl_32" custom="readingOrder {index:31;}">
                <Coords points="4072,4138 4379,4212 4581,4122 4900,4243 5246,4118 5798,4114 5907,4204 6074,4114 6595,4231 6992,4184 6992,3978 5895,4044 5456,3935 5242,4040 4527,3951 4072,4052"/>
                <Baseline points="4094,4118 4136,4118 4225,4112 4315,4112 4404,4106 4494,4112 4583,4106 4673,4106 4763,4106 4852,4106 4942,4106 5031,4094 5121,4100 5210,4100 5300,4094 5389,4100 5479,4100 5568,4100 5658,4100 5747,4100 5837,4100 5926,4106 6016,4106 6105,4106 6195,4106 6285,4106 6374,4106 6464,4112 6553,4106 6643,4106 6732,4100 6822,4100 6911,4106 7001,4112"/>
                <TextEquiv>
                    <Unicode>Und hatte ein paar tausend schwarze Haare,</Unicode>
                </TextEquiv>
            </TextLine>
            <TextLine id="tr_1_tl_33" custom="readingOrder {index:32;}">
                <Coords points="708,4215 949,4138 3158,4149 3212,3959 708,4009"/>
                <Baseline points="728,4130 799,4130 889,4124 978,4124 1068,4124 1157,4124 1247,4124 1336,4124 1426,4124 1516,4124 1605,4124 1695,4124 1784,4124 1874,4124 1963,4124 2053,4130 2142,4130 2232,4124 2321,4124 2411,4124 2500,4124 2590,4124 2679,4124 2769,4118 2859,4112 2948,4118 3038,4112 3127,4118 3217,4112"/>
                <TextEquiv>
                    <Unicode>Er wurde Rittag, es würde Abend</Unicode>
                </TextEquiv>
            </TextLine>
            <TextLine id="tr_1_tl_34" custom="readingOrder {index:33;}">
                <Coords points="3418,4204 3477,4212 3496,4231 3636,4204 3624,3897 3582,3912 3543,3881 3477,3885 3438,3854 3407,3865"/>
                <Baseline points="3437,4112 3527,4118 3617,4118 3640,4118"/>
                <TextEquiv>
                    <Unicode>8.</Unicode>
                </TextEquiv>
            </TextLine>
            <TextLine id="tr_1_tl_35" custom="readingOrder {index:34;}">
                <Coords points="4095,4313 4694,4359 4915,4293 5650,4289 5818,4398 6043,4328 6043,4138 5903,4204 5798,4114 5296,4215 5044,4161 4849,4258 4577,4122 4379,4212 4095,4149"/>
                <Baseline points="4118,4309 4172,4303 4261,4297 4351,4297 4440,4285 4530,4291 4619,4285 4709,4291 4798,4285 4888,4285 4977,4279 5067,4273 5156,4273 5246,4267 5336,4261 5425,4267 5515,4273 5604,4267 5694,4273 5783,4273 5873,4273 5962,4279 6052,4279"/>
                <TextEquiv>
                    <Unicode>Seine Augen waren blau Acht</Unicode>
                </TextEquiv>
            </TextLine>
            <TextLine id="tr_1_tl_36" custom="readingOrder {index:35;}">
                <Coords points="696,4352 3228,4336 3290,4099 2508,4138 2368,4227 957,4138 696,4208"/>
                <Baseline points="716,4303 793,4291 883,4291 972,4297 1062,4303 1151,4303 1241,4303 1331,4303 1420,4303 1510,4303 1599,4303 1689,4303 1778,4297 1868,4297 1957,4297 2047,4297 2136,4291 2226,4297 2315,4291 2405,4291 2494,4285 2584,4285 2673,4285 2763,4285 2853,4285 2942,4285 3032,4291 3121,4291 3211,4297 3300,4297"/>
                <TextEquiv>
                    <Unicode>Die Kühle war ungemein labend</Unicode>
                </TextEquiv>
            </TextLine>
            <TextLine id="tr_1_tl_37" custom="readingOrder {index:36;}">
                <Coords points="4068,4515 4507,4600 4923,4480 5211,4597 6296,4492 6770,4597 6704,4297 6070,4297 5825,4398 5658,4285 4072,4352"/>
                <Baseline points="4088,4470 4094,4470 4184,4470 4273,4470 4363,4464 4452,4464 4542,4458 4631,4458 4721,4452 4810,4452 4900,4452 4989,4446 5079,4452 5168,4446 5258,4452 5347,4446 5437,4452 5527,4458 5616,4458 5706,4458 5795,4458 5885,4458 5974,4458 6064,4464 6153,4458 6243,4458 6332,4458 6422,4452 6511,4446 6601,4440 6690,4440 6780,4428"/>
                <TextEquiv>
                    <Unicode>der Hut kand schief ihm gut zu Gesicht.</Unicode>
                </TextEquiv>
            </TextLine>
            <TextLine id="tr_1_tl_38" custom="readingOrder {index:37;}">
                <Coords points="716,4565 2119,4624 2271,4538 2648,4632 3146,4495 3146,4336 2897,4305 1769,4324 1556,4422 1357,4317 719,4340"/>
                <Baseline points="740,4482 829,4476 919,4476 1008,4476 1098,4482 1187,4482 1277,4488 1366,4488 1456,4488 1545,4488 1635,4482 1724,4482 1814,4476 1904,4476 1993,4476 2083,4476 2172,4476 2262,4470 2351,4470 2441,4470 2530,4470 2620,4470 2709,4464 2799,4464 2888,4458 2978,4458 3067,4464 3157,4470"/>
                <TextEquiv>
                    <Unicode>Und Arthur mit beflupelten Schritt</Unicode>
                </TextEquiv>
            </TextLine>
        </TextRegion>
    </Page>
</PcGts>
