7160 5064
6152 721 6523 982 1188
4665 775 5533 1036 Brief an O. W.
3805 959 5156 1274 In Für seelgeliebte Au¬
3805 1155 5508 1447 klingt schnöcts Versgebinnel
3819 1302 5879 1677 Verzicht ihrt nicht, eidwerthe Trun,
3819 1566 5905 1927 Verzichts nur doch den Himmel.
3828 1898 5638 2185 Ich hat im Hause Herrn Apolls
3802 2077 5207 2364 die Karte abgegeben.
3896 2284 6081 2557 Ger führt in Haus; ist gar nicht stolz
3885 2449 5740 2704 Und liebt so kunst wie Leben
3882 2704 6163 3056 Mit harten Leicheln sagt' er nur.
3859 2942 5803 3255 Üch grüß ich kleinen Herren
3848 3133 6061 3496 denn waren und die großen Sie
3839 3320 5919 3635 konnte ich die Beit Herren.
3865 3612 5842 3913 Gr auf die Musen gleich her¬
3887 3811 5587 4106 All in die drawing Stube
3921 4024 5888 4344 gesucht begehret. Alle am
3941 4208 5383 4461 Als wie ein Kegelbube.
