7636 5272
4893 486 5153 799 P.
4315 684 5896 1055 Lebe wol entschwundner daft:
4338 923 5452 1190 Sänzer Liebeslieder!
667 904 2662 1301 Womme Augen noch gesch'n
4354 1045 5830 1374 Linde, stille Alltagsluft,
700 1111 2987 1423 Den flanz der erleuchteten Hallen;
4394 1226 5830 1515 Du umfängst mich wieder¬
667 1255 2958 1646 Jetzt ist die Burg von Wildenfels
4390 1374 5813 1732 Was ich doch von deinem Hauch
710 1459 2521 1840 Jerstoret und verfallen.
4413 1551 5682 1837 Nur um weht geblieben,
4420 1673 5892 2028 Wützlich nicht vom Dichter auch
605 1801 2997 2067 „ „ Rom, Vater, komm.“, so sprach der Sohn¬
4420 1844 5889 2179 Und von Küssen u. Lieben.
644 1916 2603 2222 14, Laß uns von hinnen fliehen
4450 2021 5738 2369 Meine ganze Lebenszeit
792 2093 3437 2389 Merests, als sch ich ein Mädchen bleich
4473 2185 5859 2527 Ist auf äng gerichtet:
785 2228 3293 2570 die alte Burg durchziehen. Gesprächte
4502 2317 6237 2721 Ewiger Sehnsucht ist geweiht
5501 2507 5764 2649 G.C.F.
822 2540 3079 2862 Von lockig bloodem Haar umwallt,
4519 2626 5804 2892 Wer jemals gedichtet:
4535 2678 6339 3023 Und wer je in Weib geküsst,
937 2803 1531 2938 & die schade
933 2757 2465 3036 Ihr Blick unendlich konnte
4042 2688 4252 2944 P.
4568 2846 6296 3194 Sehnt sich stets nach Kussen¬
933 2849 2938 3198 tuch dir - mein Vater ruf ihr Blik
3040 2974 3214 3132 "
4581 2951 6451 3326 Was die Lieb und's Dichten ist
1038 3059 2990 3391 Woll Wehmut und voll Liebe!
4578 3132 6487 3523 Begehr es keiner zu wissen!
900 3391 3043 3684 „ O daß ich jenes Mädchen nicht,
1052 3566 2491 3897 Die Einst geliebte sehn
1045 3727 3240 4026 daß ich nicht schauen kann wie du
1052 3897 3073 4229 Und daß ich kam hier stehe!
1078 4239 3184 4555 Doch spiel ich die Harfe nicht mehr,
1121 4404 3303 4745 So sei sie derstund für immer?
