7320 4792
1226 1230 1678 1615 W. 6
435 1607 3033 2084 Achilles letzte Worbe
452 1958 3347 2259 Gedichtet zu Vöblau im August 1873.
234 2347 3268 2732 Der Gott Apollo hat auf mich gezielet,
226 2615 3309 2891 Und wahrlich! gut getroffen hat sine Pfeil,
226 2761 3385 3016 Denn seine Wunde keine Verband mehr kühlet.
247 2933 3322 3217 In meinem Tod liegt Trojab 9 daßtes Heil.
234 3146 3406 3548 Wohl wußt' ich, daß auch ich nicht sterben
2502 3406 3092 3611 werde:
218 3569 3272 3870 In Trojo, nicht im theuern Heimatland,
226 3724 3389 3983 daß mich einst bekan werde Grogab Erde,
238 3895 3418 4184 daß ich nicht liege unter Croyas Land,
5259 142 5539 389 - 15 -
3816 439 6983 791 Ich sterb“ durch eines mächtigen Gottes
6033 607 6665 824 Wille.
3736 812 7096 1025 Nun Griechen, flüchtet meinen Todtenkranz,
3765 1004 7004 1230 Th Freunde, weinet nicht, ach sei d doch
6121 1092 6786 1368 stille.
3803 1251 7029 1594 Ich sterbe ja in meines Kuhmes Glanz
3807 1569 7096 1904 Hr habt verloren einen lapsern Krieger,
3832 1749 6912 2084 Ihn zähmte keines einzigen Menschen
6108 1904 6698 2171 Meyt,
3795 2134 7112 2389 Und nur ein Gott ward über ihm zum
5953 2226 6723 2473 Sieger
3836 2410 7029 2724 Lebt wohl, lebt wohl auf ewig gute
5970 2527 6715 2824 Nach
4636 2912 5732 3268 Chude.
5263 3514 5958 3891 N. S.
