7576 5000
1448 666 2579 937 Nachts im See
3981 744 5758 1042 Sie steigen aus dem Wassergreb,
2676 898 3148 1119 Wien.
1185 891 2444 1166 Am 24. März 1876.
3934 945 5491 1216 Wo sie im Schlosse hausen,
4016 1003 5991 1386 Esqr &c &c to be raisd off
3934 1274 5758 1526 In Sluten und in Brausen.
500 1398 2242 1665 Es wagt hinauf, es wogt final
600 1545 2262 1770 In Fluten und in Brausen,
538 1688 3656 1983 Tum zu den Sigen räuschts Thecob, Es wegtund wallt durch,
2978 1843 3629 2080 Massergrab,
515 1863 2246 2169 Die tief am Grundhausen.
2447 2014 3690 2308 Wo tief die Nixem haagte
546 2200 2575 2475 Ein Schloss steht untenaus Rystall,
534 2382 2296 2633 Von Blumen grün umsprossen
635 2540 2560 2734 Von linder Wellen blauem Schwall
612 2691 2416 2974 Umwandelt und um flossen.
1750 2935 2184 3110 blicken &
562 3021 2486 3261 Und wenn die Sternn xxx stehn,
562 3187 1936 3431 die Nebelschleier fallen.
546 3334 2447 3601 Mensich des Windesleisem Weh'n
569 3489 2657 3772 Nur mischt der Wogen Wallen,
627 3733 2870 4097 Dann rauscht es durch die Fluten hin,
654 4000 2126 4252 Die Wellen leise beben,
682 4144 2579 4422 Und Nixen durch die Wagen Ehe
635 4306 2358 4601 In nachtunehauchten Schweben
