7128 5016
836 1123 2836 1483 Doch küsse mich nur weiter schönes Kind
860 1312 2222 1608 Denn ditix ist von heute
893 1462 2935 1755 Und da die Nomenacht so bald verrimmt
836 1608 2818 1947 Kasssensgenoße, bis der Tag bezimmt
848 1803 3205 2102 Und Frauen daß wir jetzt noch glücklich sind,
827 1986 2516 2249 dem detieb' ist von heute
1432 2267 2010 2597 G.C.P
368 2444 928 2728 Nots. Aug 83
4681 1162 5292 1420 Antonie.
4280 1450 6637 1755 Ich glaub an Deine Liebe, holdes Weib¬
4097 1644 5873 1833 Denn die Lieb ist von heute.
4124 1749 6529 1968 Und da ich jetzt umschlungen deinen Leib,
4193 1884 6373 2108 Tüssend in wollüstigem Zeitvertreib
4142 2022 6484 2249 Glaub’ ich an deine Liebe, süßes Weib¬
4139 2165 5996 2387 Denn die Lieb ist von heute!
4211 2381 6484 2630 An Deine Treu Geliebte, glaub’ ich nicht.
4235 2543 6263 2746 Denn die Treu ist von morgen.
4229 2609 6565 2830 Was kümmert uns das späte Sonnenlicht
4193 2797 6544 2959 Und bis es durch die hellen Scheiben bricht,
4247 2953 6658 3127 Wer weiß, wie dann schon dieses Mündchen
6047 3055 6442 3256 spricht.
4244 3124 6161 3387 Denn die Treu ist von morgen
