4008 4824
720 314 2903 724 Wagen so eines kleinen Irrthum,
709 620 3638 942 das Werk zu vermisten, das wäre zu dumm.
720 958 3294 1256 doch sei der Brief, den ich bekommen, 1
751 1130 3102 1452 Hier in die Sieg sänge aufgenommen
701 1329 2941 1616 Und an nächsten Singsange will ich
647 1490 3137 1808 Meine Antwort aufnehmen sicherlich
666 1743 3455 2149 da wird nach der Unterschied heraus scheinen 14.
651 2022 3730 2317 zwischen Thacques Briefstiel und dem meinen,
651 2198 3309 2497 Und ich gebe dem Leser Gelegenheit
682 2371 3267 2685 Zu erkennen meine Überlegenheit.
1398 2915 3616 3217 Ende das III. Sorgsanges.
