7656 5160
1095 738 3005 1088 Wie sich derhebt - ein sonderbarer Sang,
1048 942 2760 1256 In ihr gehörten, zauberhaften Weisen
1026 1081 3012 1362 In Weisenbald von mächtigen Zornesklang
759 1227 3147 1566 Und bald in sisten, in verschrieben diese
1041 1475 3089 1782 Sprich, Hofner; sag's, was Meister unter euch
1048 1650 2961 1899 Und was von auch den Sängerperes erungen?
1044 1771 3122 2019 Stellwieds ein stille, hin gesucht und lees
1004 1910 3038 2264 Ist endlich auch der letzt Torverklungen.
993 2078 3074 2446 Sein Liedest aus sein unbeschreiblich kies
1041 2304 2903 2596 Es bellecht weg mit seinen Wolkenheim.
1041 2432 3304 2797 Das langsam schwendet und von dann zieht
1015 2596 3250 2998 Und fern versinkt in wagenstellen Maare.
957 2830 3162 3264 Der Hafen aber starrte in die Flut¬
949 3089 3319 3392 Und in die Stelle die gleichförmig räumen
964 3282 3074 3589 Worf er die Hause in ohnmächtzen Weil¬
960 3425 3596 3779 die sank- und sank. Es selber jog von dannen
2479 3659 2731 4067 P.
873 3848 1497 4243 Paul Okt. 77
4345 752 6207 1052 Als ich einst in süßer Stunde
4298 949 5882 1238 Ander Hölden Busenlag
4290 1128 6119 1387 Alles still rings in das Stunde
4239 1311 6068 1639 Mond beglänget Feldard Hag,
4250 1610 6218 2005 Kam in wichtig stiller Weise
4341 1906 6116 2172 Kühler lieder Wind geweht –
4221 2070 5769 2377 Und die Golde Flusterkleite,
6036 2169 7346 2567 Den 17. Novembr 14/7
4279 2282 5765 2549 Sag mir, was ist ein Poël?
4261 2527 7197 2965 Und ich sprach! Wir deineswarmen Amttag
4250 2837 5816 3111 Liebesüßen lippen küsst
4232 3020 5926 3293 And in Deiner weichen Armen
4184 3195 5882 3513 Diese ganze Welt vergißt,
4294 3483 5846 3819 Und werdeiner kusse Brennen
4214 3768 5729 4027 Bisins zuerste verstehl.
4524 3947 5984 4144 den war, darüst das dieser anneh¬
4148 3976 5805 4232 Nie von der sich konnte können
4166 4148 5736 4462 Waldes kind, der ist poët.
