3480 4360
1311 218 1710 462 gute
1159 395 1957 665 er fersum
233 377 425 727 b.
343 443 2592 1071 Von le Ihrer Keuschheit und von neuer Art
306 805 2622 1337 Ist jene tiele, di wir beide meinen.
314 1015 2984 1466 Mie sind nicht, wie die andere, wohlgepaart
325 1292 3179 1684 sie Mann, ein Weib — sehnsüchtig, sich zu einen
332 1595 2862 2123 Wie wollen nicht die willenlosen sein,
299 1865 2987 2356 Die ein gewaltiges Naturwil meistert
366 2108 2939 2570 In uns zog an ein Selbst vergessen ein
391 2334 3308 2792 Und mehre tust hat niemals ürs entpässerte
369 2651 3345 3190 Mir fühlen nie wie unser Rausch vernom¬
388 2880 3260 3393 meiner wirknen Glückes Algemeinheit
377 3039 3327 3545 Und daß wir immer bleiben, wer wie sie
443 3320 3275 3818 Ist u ihrer Sünden Stolz, und ihre Steinheit
2090 3637 2799 3988 Oath Nel
