3416 4456
2093 385 2538 642 Came
1663 625 2926 957 Als sich Nachwilliges
1673 808 2743 1070 Allemüorte, in S.
184 992 2700 1394 Was für ein Wamm ist's wohl, mein sicher Kind
116 1288 2542 1567 der nun durch deinen leihen Schlummer geht
138 1553 2983 1878 bes! weisst du's mir, daß eine, treu gesinnet
212 1673 2817 2037 Dieweil du schlübte, an deinem Lager steht,
237 2019 2986 2362 Mit sehr leichtsvollen bey ich ins Conclusi
1232 2220 1634 2545 des
247 2362 1165 2644 In ablaßt, so
357 2520 2898 2866 Zur Anlitz die mit sehrlichkeiten Blick
357 2725 2527 3085 Das Classe, süste, ins geliebte schaut
364 2983 2909 3293 Und tiefknegt, als gilt es sein Geschick
374 3219 2623 3569 Vorst auf das Athems hold gleichmäßige
2640 3286 2732 3417 ?
2828 3308 3029 3569 and
1377 3756 2404 4031 der recht so auf
2799 3883 2979 4165 7
1105 3975 2598 4310 sollen seit zu sein mußen sein.
