7656 5416
4710 693 6488 1063 te Frau Bertha Noumaon
1091 1038 3331 1319 Ichruf die wesenlosen Scholte
4234 1066 6367 1394 Von dichtern Briefe zu ersehnen,
2606 1162 2997 1333 forsseren.
1020 1145 3722 1493 Aus ihren kaltun Verkeln Gräbere nicht;
4198 1205 6029 1543 die ohne Verst, ein hoch schlicht¬
953 1351 3733 1731 Nicht zu der Hetztzeit Frühlingsmaken,
4177 1401 6691 1703 Das wäre nichts als eitel Wähnen
921 1490 3672 1891 nicht zu des daseins Sonnelecht.
4287 1518 6723 1898 Ein solcher Wunsch erfüllt sich nicht.
999 1831 3711 2169 Nur mehrer Tage kampf und Wingen,
4341 1884 6683 2204 So dacht ich auch gleich bei der Kunde
1031 2048 3217 2314 Sie Thaten unsrer Zeit allein,
4408 2030 6872 2378 a/o fier bui donf von Ihnen war,
153 2065 366 2361 Dampf
1066 2169 3612 2545 Die Gegenwart will ich besingen
4408 2097 7234 2488 Sind das nicht Reine, - von dieser Stunde
1052 2307 3669 2698 und das lebendze Jetzt ist mein.
4422 2364 6758 2759 dicht ich nicht eine Zeit mehr.
4398 2730 6235 3057 Dort hiehe. E. wie, was ich dachte
4412 2883 6463 3224 zu voorser umgewandelt ward.
4390 3040 6744 3391 And wie ich glötzlich könne macht,
2080 3072 3313 3448 Arbkurschickung
4330 3221 6993 3591 Dann auch nicht gar gelingener Art.
917 3395 2897 3882 Jedenletzten Tage des März 1877.
4405 3441 7266 3896 den dank selbst ohne Renn zu sprechen
4422 3711 7284 3992 Anlang mir leider - leider: nicht.
4433 3907 7220 4234 doch wahrlich nicht um mich zu machen
4572 3974 7352 4401 Schreib ich an zu dies Dankgedicht
5553 4213 7067 4661 Rath Schut Esq
4287 4284 5364 4597 Wien 5/5 18/1
