<?xml version="1.0" encoding="UTF-8" standalone="yes"?>
<PcGts xmlns="http://schema.primaresearch.org/PAGE/gts/pagecontent/2013-07-15" xmlns:xsi="http://www.w3.org/2001/XMLSchema-instance" xsi:schemaLocation="http://schema.primaresearch.org/PAGE/gts/pagecontent/2013-07-15 http://schema.primaresearch.org/PAGE/gts/pagecontent/2013-07-15/pagecontent.xsd">
    <Metadata>
        <Creator>prov=READ-COOP:name=TrHtr:version=2.1.0:model_id=51170:date=28_07_2023_06:52</Creator>
        <Created>2023-05-10T11:15:43.758+02:00</Created>
        <LastChange>2023-07-28T06:52:10.733+02:00</LastChange>
        <TranskribusMetadata docId="1428138" pageId="55385763" pageNr="198" tsid="131322745" status="IN_PROGRESS" userId="64420" imgUrl="https://files.transkribus.eu/Get?id=QYYFHJCHODRQQIKVEZHDZAIB&amp;fileType=view" xmlUrl="https://files.transkribus.eu/Get?id=CXKCXSSTJOJTIZBYIHTZNYLE" imageId="44660662"/>
    </Metadata>
    <Page imageFilename="1428138_0198.jpg" imageWidth="6984" imageHeight="4456">
        <ReadingOrder>
            <OrderedGroup id="ro_1711823774352" caption="Regions reading order">
                <RegionRefIndexed index="0" regionRef="tr_1"/>
            </OrderedGroup>
        </ReadingOrder>
        <TextRegion id="tr_1" custom="readingOrder {index:0;}">
            <Coords points="3864,636 6445,636 6445,2841 3864,2841"/>
            <TextLine id="tr_1_tl_1" custom="readingOrder {index:0;}">
                <Coords points="4684,734 4760,722 4813,753 4920,725 4957,744 5055,706 5139,744 5171,728 5246,744 5249,515 5155,533 5083,502 5011,530 4957,489 4882,474 4687,540"/>
                <Baseline points="4700,698 4712,698 4802,692 4892,686 4981,686 5071,686 5160,686 5250,686"/>
                <TextEquiv>
                    <Unicode>Else</Unicode>
                </TextEquiv>
            </TextLine>
            <TextLine id="tr_1_tl_2" custom="readingOrder {index:1;}">
                <Coords points="3966,1026 5403,922 5619,1020 6062,922 6162,781 3978,781"/>
                <Baseline points="3984,1003 4013,1003 4103,991 4193,979 4282,967 4372,955 4461,949 4551,943 4641,937 4730,937 4820,931 4909,919 4999,919 5089,919 5178,913 5268,913 5357,907 5447,901 5537,901 5626,901 5716,895 5805,890 5895,890 5985,884 6074,872 6164,872"/>
                <TextEquiv>
                    <Unicode>Die wir so still an einen Tische saßen</Unicode>
                </TextEquiv>
            </TextLine>
            <TextLine id="tr_1_tl_3" custom="readingOrder {index:2;}">
                <Coords points="3960,1199 4264,1151 4446,1271 4628,1161 5193,1089 5924,1173 6084,1082 6200,1139 6209,944 5516,1023 5218,957 4869,1070 4706,985 3969,1023"/>
                <Baseline points="3978,1182 4061,1164 4151,1152 4240,1140 4330,1140 4420,1128 4509,1122 4599,1122 4688,1116 4778,1111 4868,1105 4957,1105 5047,1099 5136,1093 5226,1087 5316,1087 5405,1081 5495,1081 5584,1075 5674,1075 5764,1069 5853,1069 5943,1063 6032,1057 6122,1057 6212,1063"/>
                <TextEquiv>
                    <Unicode>Als hätte wir uns frühe nie gesehen:</Unicode>
                </TextEquiv>
            </TextLine>
            <TextLine id="tr_1_tl_4" custom="readingOrder {index:3;}">
                <Coords points="3897,1393 4967,1305 5236,1377 5557,1261 5996,1305 6128,1258 6134,1148 5701,1189 5186,1092 4446,1268 4236,1148 3903,1208"/>
                <Baseline points="3918,1314 3990,1320 4079,1314 4169,1308 4258,1308 4348,1302 4438,1296 4527,1290 4617,1290 4706,1284 4796,1278 4886,1272 4975,1272 5065,1266 5154,1260 5244,1254 5334,1248 5423,1242 5513,1242 5602,1236 5692,1242 5782,1236 5871,1236 5961,1224 6050,1218 6140,1236"/>
                <TextEquiv>
                    <Unicode>Und ganz gerehig unsern Spagel äßen,</Unicode>
                </TextEquiv>
            </TextLine>
            <TextLine id="tr_1_tl_5" custom="readingOrder {index:4;}">
                <Coords points="3916,1569 4546,1578 4700,1493 5086,1569 5622,1415 5848,1528 5983,1456 6350,1553 6432,1537 6444,1255 5494,1271 5255,1387 4964,1308 4543,1437 3925,1359"/>
                <Baseline points="3936,1511 4025,1499 4115,1493 4205,1481 4294,1475 4384,1469 4473,1469 4563,1469 4653,1463 4742,1451 4832,1445 4921,1439 5011,1433 5101,1427 5190,1421 5280,1415 5369,1409 5459,1409 5549,1403 5638,1403 5728,1403 5817,1403 5907,1403 5997,1403 6086,1409 6176,1409 6265,1415 6355,1421 6445,1433"/>
                <TextEquiv>
                    <Unicode>Als wäre Gerechts zwischen uns geschehe.</Unicode>
                </TextEquiv>
            </TextLine>
            <TextLine id="tr_1_tl_6" custom="readingOrder {index:5;}">
                <Coords points="4342,1644 5343,1559 5428,1610 5695,1537 6008,1547 6131,1644 6143,1415 5883,1506 5475,1456 5318,1537 5189,1478 5083,1566 4829,1509 4349,1559"/>
                <Baseline points="4360,1630 4444,1624 4533,1606 4623,1606 4712,1594 4802,1588 4892,1588 4981,1588 5071,1582 5160,1576 5250,1564 5340,1559 5429,1553 5519,1547 5608,1535 5698,1535 5788,1535 5877,1541 5967,1541 6056,1535 6146,1523"/>
                <TextEquiv>
                    <Unicode>Unive-alls wenn ich nicht umbehorend ist.</Unicode>
                </TextEquiv>
            </TextLine>
            <TextLine id="tr_1_tl_7" custom="readingOrder {index:6;}">
                <Coords points="5186,1682 5280,1647 5318,1672 5406,1644 5466,1666 5494,1638 5560,1669 5613,1635 5663,1660 5717,1628 5964,1625 5968,1553 5886,1544 5823,1591 5691,1541 5648,1572 5591,1541 5418,1616 5324,1569 5193,1578"/>
                <Baseline points="5208,1648 5256,1648 5346,1642 5435,1636 5525,1624 5614,1624 5704,1624 5793,1612 5883,1612 5973,1606"/>
                <TextEquiv>
                    <Unicode>Man fließen mir zu</Unicode>
                </TextEquiv>
            </TextLine>
            <TextLine id="tr_1_tl_8" custom="readingOrder {index:7;}">
                <Coords points="4531,1704 4631,1701 4728,1660 4760,1688 4863,1666 4894,1694 4970,1663 5067,1685 5127,1669 5127,1610 5020,1591 4970,1619 4945,1603 4907,1641 4835,1597 4778,1597 4734,1632 4650,1603 4606,1638 4534,1610"/>
                <Baseline points="4551,1666 4599,1666 4688,1660 4778,1660 4868,1660 4957,1666 5047,1654 5136,1648"/>
                <TextEquiv>
                    <Unicode>Antrük nur dese</Unicode>
                </TextEquiv>
            </TextLine>
            <TextLine id="tr_1_tl_9" custom="readingOrder {index:8;}">
                <Coords points="3988,1851 5186,1741 5434,1832 5968,1716 6187,1813 6306,1788 6319,1562 5971,1666 4659,1704 4003,1562"/>
                <Baseline points="4008,1797 4079,1791 4169,1780 4258,1774 4348,1762 4438,1756 4527,1750 4617,1750 4706,1744 4796,1738 4886,1732 4975,1738 5065,1738 5154,1732 5244,1726 5334,1720 5423,1714 5513,1708 5602,1702 5692,1690 5782,1690 5871,1690 5961,1690 6050,1684 6140,1678 6230,1672 6319,1684"/>
                <TextEquiv>
                    <Unicode>Und wie sie mir, - alswe ein eher nicht wüßte,</Unicode>
                </TextEquiv>
            </TextLine>
            <TextLine id="tr_1_tl_10" custom="readingOrder {index:9;}">
                <Coords points="3909,2021 4697,1926 6052,1917 6059,1760 5905,1726 5569,1857 5114,1763 4822,1839 4361,1779 3916,1892"/>
                <Baseline points="3930,1965 4002,1965 4091,1959 4181,1953 4270,1941 4360,1935 4450,1923 4539,1923 4629,1917 4718,1923 4808,1923 4898,1917 4987,1911 5077,1911 5166,1905 5256,1899 5346,1905 5435,1899 5525,1887 5614,1881 5704,1881 5793,1875 5883,1869 5973,1863 6062,1857"/>
                <TextEquiv>
                    <Unicode>Im Flüsterten erzählten, was die bist,</Unicode>
                </TextEquiv>
            </TextLine>
            <TextLine id="tr_1_tl_11" custom="readingOrder {index:10;}">
                <Coords points="3887,2121 4446,2102 4681,2206 5108,2083 5469,2187 5594,2108 6068,2146 6344,2090 6347,1952 5673,1895 4750,1945 4593,2030 4060,1973 3890,2055"/>
                <Baseline points="3906,2120 3936,2114 4025,2108 4115,2108 4205,2102 4294,2102 4384,2102 4473,2102 4563,2108 4653,2102 4742,2096 4832,2096 4921,2090 5011,2090 5101,2078 5190,2078 5280,2072 5369,2066 5459,2066 5549,2066 5638,2054 5728,2048 5817,2048 5907,2042 5997,2042 6086,2036 6176,2030 6265,2030 6355,2012"/>
                <TextEquiv>
                    <Unicode>Und ich zum Abschied des das Händchen küsste,</Unicode>
                </TextEquiv>
            </TextLine>
            <TextLine id="tr_1_tl_12" custom="readingOrder {index:11;}">
                <Coords points="3843,2375 5371,2237 5682,2347 6128,2322 6262,2297 6269,2124 5676,2193 5236,2080 4684,2206 4421,2108 3850,2206"/>
                <Baseline points="3864,2305 3942,2305 4031,2293 4121,2287 4211,2275 4300,2275 4390,2275 4479,2269 4569,2269 4659,2269 4748,2263 4838,2257 4927,2257 5017,2251 5107,2245 5196,2239 5286,2233 5375,2233 5465,2233 5555,2233 5644,2233 5734,2233 5823,2233 5913,2233 6003,2228 6092,2222 6182,2222 6271,2216"/>
                <TextEquiv>
                    <Unicode>Als hatt ich deine Danken ein geküsstl</Unicode>
                </TextEquiv>
            </TextLine>
            <TextLine id="tr_1_tl_13" custom="readingOrder {index:12;}">
                <Coords points="5331,2839 5393,2824 5531,2896 5588,2877 5660,2912 5751,2896 5833,2927 5917,2883 6021,2915 6015,2654 5911,2632 5789,2692 5713,2651 5585,2661 5453,2570 5324,2610"/>
                <Baseline points="5346,2789 5399,2789 5489,2783 5578,2789 5668,2789 5758,2795 5847,2801 5937,2801 6026,2783"/>
                <TextEquiv>
                    <Unicode>Ailhse</Unicode>
                </TextEquiv>
            </TextLine>
            <TextLine id="tr_1_tl_14" custom="readingOrder {index:13;}">
                <Coords points="4198,2908 4289,2937 4414,2886 4474,2908 4675,2808 4989,2814 4998,2629 4628,2604 4211,2670"/>
                <Baseline points="4223,2825 4282,2831 4372,2819 4461,2813 4551,2807 4641,2807 4730,2801 4820,2795 4909,2795 4999,2789"/>
                <TextEquiv>
                    <Unicode>with Gil B3</Unicode>
                </TextEquiv>
            </TextLine>
        </TextRegion>
    </Page>
</PcGts>
