7656 5160
5027 455 5733 724 Träume. (3)
5995 662 6672 880 den 24. Juni
4155 1050 6398 1279 Es lag die Welt in unserem Abschiedskufs,
4110 1168 6202 1467 der möchentführte zu der Erde Leiden
4132 1345 6528 1608 Die Welt des Glückes lag in unserem Auss
4173 1538 6635 1833 Die Welt des Unglücks lag in unserm Schieden
4166 1859 7093 2133 Und wie der küß zwar wie ein Traum erscheint,
5559 2033 6287 2184 and toirg
4676 2040 5489 2203 mein geb
4155 2103 6509 2373 Seit du anfangen hette mir genommen,
4155 2236 6749 2525 So dunkt mir auch, seit ich an dich geweint,
4158 2395 7130 2739 Das Sie der Welt so traumhaft und verschworen.
4813 2824 6317 3256 Arthur Schuiz 6
7222 2990 7422 3301 alte
