7128 5000
5178 524 5453 712 P.
3826 848 5782 1173 da Flüsseit er von denen Lippen leich
3833 1037 6263 1320 Wort mussig fort und die Folge mir nicht nach¬
5062 1208 5628 1344 zittert durch
3917 1218 6103 1473 Ein mattes Dammern zerstwahrtes Gemach¬
5261 1383 5523 1494 Franny,
3893 1383 6291 1655 die aber Wir Über zu sonderst weiter von der Reise
3942 1522 6239 1885 Bald müß ich vorl. und die Folyst mir nicht noch¬
3924 1728 5296 1945 den als ihren Einfusst mich
3931 1746 6089 2000 Und weit von hier hinweg geht meine Reise
4057 1899 6372 2199 Und seiten planieren wirter und hoher leise
3872 2049 6113 2374 Ein süßes dümmern zitterl dies Gemach.
4078 2290 6351 2604 Mein Auge öffent sich - die Schattenschneider
3949 2524 5956 2796 Ich bin allein und sie xxx hin und her.
3872 2664 6138 2936 liebt' ich dann wahrlich doch, mein Kind, so sehr?
3907 2852 6193 3149 May nur Erinnerung doch so holden einnte?
3980 3009 4249 3201 Mrs
3868 3076 6424 3369 Iuß dinkt mich, daß mein Fühlen gerne sammt
3847 3264 6260 3512 Wohl hätt’ ich Sedigkeit empfinde können.
3819 3439 6193 3736 Jetzt will’t verspätet in der Asche kommen,
3805 3603 6612 3914 Um den Moment der Glücks-Hab ich verträumt
5115 3879 5314 4186 Ge
4315 4053 5569 4357 britt Samed 84.
5963 4340 6361 4598 &c
4486 4430 4818 4619 7/1 8 p.
