7640 5128
716 1031 2794 1392 Wie meine Wege schmeichelnd fließt
619 1235 2420 1568 Bis ich entschlume - träume.
610 1376 2439 1832 Mein Liebchen ist selverte Welt,
610 1615 2055 1939 Für die andere Hülfe
632 1741 2351 2068 Die fest an ihres Brust auch hält,
657 1923 2087 2222 Und das ich nie entfliese.
641 2068 2234 2407 Die auch in ewig am Liebes Kufs
666 2278 1882 2580 An ihrer Büsen Drucket,
688 2344 2263 2690 die in unendlichem Gemäss
679 2539 2307 2901 Zeitlebens nicht beglücket.
713 2765 2627 3080 Sie ist cösen Lieb' von soll es sein
691 2954 2030 3249 Trotz aller Entebreuete,
650 3089 2511 3353 kein iedisch Lübchen von'sowie,
638 3224 2156 3523 Mien ist bildert, die weite¬
1678 3498 2772 3875 Arth
2184 3746 3240 3991 An 22. Aug. Abends
2489 3928 2715 4098 77.
603 3969 2046 4264 kein idisch Mädchen liebt so heiß
616 4142 1710 4381 Nicht hiebei u mitt drüben
672 4214 2030 4503 So tief vom sie zu liebewacht,
663 4400 2043 4648 Kauß dem selbst herbe,
4239 192 4755 519 1944.
5386 484 5814 748 Lichtes
4381 556 5990 874 Ich saß bei einer kurz Schimmer
4330 732 5946 1028 In meiner Stube ganz allein.
4293 936 6225 1210 Es drang der Sterne Silberftmmer
4211 1053 6109 1389 In halb verstehlnem Glanz herein.
4239 1358 6109 1656 Weiß nicht woran ich eben dachte,
4255 1530 6078 1845 Als ich durchs offne Fenster sah
4198 1703 6430 2008 Und aus der Mord entgegenlachte
4180 1851 6408 2156 Nachwolken schwebten dort und da¬
4154 2168 6558 2505 Die nächste schien langsam sich zusammen
4139 2332 6012 2649 Auf die umdiftet gründ Flur,
4148 2517 6562 2860 zum Traummehns als zum denken,
4145 2649 6389 2970 Ein seitres Lächeln der Natur.
5986 2926 6260 3168 gen
4192 2982 6722 3328 Heut Freilichistes ein anderes treiben.
4173 3164 6134 3438 Das Feuer Flecker im Kamin,
4173 3318 6599 3680 Mit Reit bedeckt die kalten Scheiben
4186 3507 6395 3856 Dimpf fährt der Wintersturm dahin
4255 3840 6078 4095 Wie sich die weißen Stocken drehen
4274 3994 6087 4340 Hieraus mit der xxx hingefegt
