<?xml version="1.0" encoding="UTF-8" standalone="yes"?>
<PcGts xmlns="http://schema.primaresearch.org/PAGE/gts/pagecontent/2013-07-15" xmlns:xsi="http://www.w3.org/2001/XMLSchema-instance" xsi:schemaLocation="http://schema.primaresearch.org/PAGE/gts/pagecontent/2013-07-15 http://schema.primaresearch.org/PAGE/gts/pagecontent/2013-07-15/pagecontent.xsd">
    <Metadata>
        <Creator>prov=READ-COOP:name=TrHtr:version=2.1.0:model_id=51170:date=28_07_2023_06:51</Creator>
        <Created>2023-05-10T11:15:16.399+02:00</Created>
        <LastChange>2023-07-28T06:51:26.101+02:00</LastChange>
        <TranskribusMetadata docId="1428138" pageId="55384973" pageNr="47" tsid="131322555" status="IN_PROGRESS" userId="64420" imgUrl="https://files.transkribus.eu/Get?id=ANJUGKEXMBJWHZRCSIAEEQYT&amp;fileType=view" xmlUrl="https://files.transkribus.eu/Get?id=CDWNVGYMQNWAMPPCFIKGMNIS" imageId="44659872"/>
    </Metadata>
    <Page imageFilename="1428138_0047.jpg" imageWidth="7544" imageHeight="5016">
        <ReadingOrder>
            <OrderedGroup id="ro_1711823458753" caption="Regions reading order">
                <RegionRefIndexed index="0" regionRef="tr_1"/>
            </OrderedGroup>
        </ReadingOrder>
        <TextRegion id="tr_1" custom="readingOrder {index:0;}">
            <Coords points="334,929 7195,929 7195,4315 334,4315"/>
            <TextLine id="tr_1_tl_1" custom="readingOrder {index:0;}">
                <Coords points="425,1082 743,1017 1058,1152 1241,1050 1650,1094 2050,1009 2467,1086 2957,1021 2961,821 2512,935 1041,764 711,968 429,927"/>
                <Baseline points="447,1021 459,1021 549,1021 638,1027 728,1027 818,1027 907,1021 997,1015 1086,1015 1176,1009 1265,1009 1355,1009 1445,1009 1534,1009 1624,1009 1713,1009 1803,1003 1892,997 1982,1003 2072,1003 2161,1003 2251,1003 2340,1003 2430,1003 2519,1003 2609,997 2699,991 2788,985 2878,979 2967,991"/>
                <TextEquiv>
                    <Unicode>Ein Plitze zucken, der Donner vollt</Unicode>
                </TextEquiv>
            </TextLine>
            <TextLine id="tr_1_tl_2" custom="readingOrder {index:1;}">
                <Coords points="4802,1111 6922,1050 6930,813 6056,772 5762,943 5554,931 5391,768 4807,870"/>
                <Baseline points="4824,1056 4872,1056 4962,1056 5051,1056 5141,1050 5230,1039 5320,1039 5410,1039 5499,1039 5589,1039 5678,1039 5768,1039 5857,1039 5947,1039 6037,1027 6126,1021 6216,1015 6305,1015 6395,1015 6484,1009 6574,1009 6664,1009 6753,1015 6843,1021 6932,1021"/>
                <TextEquiv>
                    <Unicode>2 Ruini Wildenstein.</Unicode>
                </TextEquiv>
            </TextLine>
            <TextLine id="tr_1_tl_3" custom="readingOrder {index:2;}">
                <Coords points="417,1217 1237,1290 1629,1188 1825,1303 2173,1192 2973,1229 2973,1119 2720,1005 2458,1099 1805,1017 1568,1139 1213,1066 956,1143 829,1029 421,1082"/>
                <Baseline points="441,1188 477,1188 567,1188 656,1194 746,1194 836,1188 925,1194 1015,1188 1104,1188 1194,1182 1283,1182 1373,1176 1463,1182 1552,1182 1642,1182 1731,1176 1821,1176 1910,1176 2000,1170 2090,1170 2179,1164 2269,1170 2358,1170 2448,1170 2537,1176 2627,1176 2717,1176 2806,1176 2896,1170 2985,1170"/>
                <TextEquiv>
                    <Unicode>Sie den bester erfangenen düften¬</Unicode>
                </TextEquiv>
            </TextLine>
            <TextLine id="tr_1_tl_4" custom="readingOrder {index:3;}">
                <Coords points="5513,1254 5570,1254 5648,1209 5860,1225 5901,1258 5966,1209 6011,1246 6113,1201 6191,1225 6199,1054 6113,1086 6064,1050 5864,1107 5742,1070 5521,1070"/>
                <Baseline points="5535,1212 5577,1206 5666,1200 5756,1200 5846,1200 5935,1188 6025,1182 6114,1188 6204,1176"/>
                <TextEquiv>
                    <Unicode>(bei d/ehl)</Unicode>
                </TextEquiv>
            </TextLine>
            <TextLine id="tr_1_tl_5" custom="readingOrder {index:4;}">
                <Coords points="429,1495 1674,1348 2757,1348 3026,1446 3112,1421 3112,1258 2679,1201 2307,1295 2156,1180 1834,1303 1605,1188 1201,1303 621,1221 429,1295"/>
                <Baseline points="453,1385 525,1373 615,1367 704,1373 794,1373 883,1367 973,1361 1062,1355 1152,1355 1242,1349 1331,1349 1421,1343 1510,1343 1600,1343 1689,1343 1779,1343 1869,1343 1958,1343 2048,1343 2137,1343 2227,1337 2316,1343 2406,1343 2496,1343 2585,1343 2675,1349 2764,1343 2854,1343 2943,1337 3033,1337 3123,1343"/>
                <TextEquiv>
                    <Unicode>Ein Jäger allein streift er übermüt¬</Unicode>
                </TextEquiv>
            </TextLine>
            <TextLine id="tr_1_tl_6" custom="readingOrder {index:5;}">
                <Coords points="4394,1454 5382,1380 5595,1515 5774,1413 6036,1482 6424,1360 6612,1462 6861,1352 6865,1254 6534,1184 6313,1258 5730,1217 5570,1331 5252,1221 4839,1286 4398,1229"/>
                <Baseline points="4418,1385 4448,1385 4538,1385 4627,1385 4717,1385 4807,1379 4896,1379 4986,1379 5075,1379 5165,1379 5254,1373 5344,1373 5434,1373 5523,1373 5613,1379 5702,1373 5792,1367 5881,1367 5971,1361 6061,1361 6150,1361 6240,1349 6329,1349 6419,1349 6508,1349 6598,1349 6688,1349 6777,1349 6867,1349"/>
                <TextEquiv>
                    <Unicode>Madon bei Wien. Erde August 1875.</Unicode>
                </TextEquiv>
            </TextLine>
            <TextLine id="tr_1_tl_7" custom="readingOrder {index:6;}">
                <Coords points="510,1638 743,1654 976,1544 1756,1519 2013,1650 2156,1556 2467,1556 2471,1413 1401,1356 1107,1393 1021,1470 898,1372 515,1446"/>
                <Baseline points="531,1534 597,1534 686,1534 776,1534 865,1534 955,1534 1045,1528 1134,1522 1224,1522 1313,1522 1403,1522 1492,1522 1582,1516 1672,1516 1761,1516 1851,1516 1940,1516 2030,1510 2119,1504 2209,1504 2299,1504 2388,1504 2478,1510"/>
                <TextEquiv>
                    <Unicode>Unterwohin dunkela Klüften</Unicode>
                </TextEquiv>
            </TextLine>
            <TextLine id="tr_1_tl_8" custom="readingOrder {index:7;}">
                <Coords points="4713,1572 4937,1670 5497,1560 6407,1666 7147,1560 7187,1384 6056,1482 5774,1413 5595,1515 5378,1380 5141,1462 4713,1425"/>
                <Baseline points="4735,1564 4777,1558 4866,1558 4956,1552 5045,1552 5135,1552 5225,1546 5314,1540 5404,1540 5493,1546 5583,1540 5672,1540 5762,1534 5852,1534 5941,1534 6031,1534 6120,1534 6210,1534 6299,1528 6389,1528 6479,1528 6568,1528 6658,1528 6747,1522 6837,1516 6926,1510 7016,1510 7106,1504 7195,1510"/>
                <TextEquiv>
                    <Unicode>N. Math. de Gelli unk gewi dmet.</Unicode>
                </TextEquiv>
            </TextLine>
            <TextLine id="tr_1_tl_9" custom="readingOrder {index:8;}">
                <Coords points="1785,1776 1972,1707 2075,1764 2250,1695 2434,1793 2552,1756 2605,1801 2695,1801 2769,1760 2781,1527 2663,1584 2573,1552 2487,1584 2434,1544 2332,1584 2234,1548 2009,1650 1915,1601 1789,1642"/>
                <Baseline points="1809,1719 1886,1707 1976,1701 2066,1695 2155,1695 2245,1689 2334,1689 2424,1683 2513,1683 2603,1677 2693,1677 2782,1666"/>
                <TextEquiv>
                    <Unicode>das Unmögliche</Unicode>
                </TextEquiv>
            </TextLine>
            <TextLine id="tr_1_tl_10" custom="readingOrder {index:9;}">
                <Coords points="551,1989 870,1870 1229,1968 2364,1862 2593,1997 2842,1874 2842,1691 2618,1801 2246,1695 1339,1805 1029,1670 874,1744 551,1658"/>
                <Baseline points="573,1875 615,1869 704,1869 794,1869 883,1869 973,1869 1062,1875 1152,1875 1242,1875 1331,1875 1421,1875 1510,1875 1600,1875 1689,1869 1779,1869 1869,1869 1958,1869 2048,1863 2137,1863 2227,1863 2316,1857 2406,1857 2496,1857 2585,1857 2675,1851 2764,1839 2854,1845"/>
                <TextEquiv>
                    <Unicode>Weh dir, versuche die Götter nicht</Unicode>
                </TextEquiv>
            </TextLine>
            <TextLine id="tr_1_tl_11" custom="readingOrder {index:10;}">
                <Coords points="568,2058 3112,2058 3161,1936 2785,1895 2618,1977 2311,1862 1393,1989 911,1879 568,2005"/>
                <Baseline points="591,2048 656,2042 746,2042 836,2042 925,2042 1015,2042 1104,2036 1194,2036 1283,2036 1373,2042 1463,2036 1552,2036 1642,2042 1731,2048 1821,2036 1910,2030 2000,2030 2090,2024 2179,2024 2269,2018 2358,2018 2448,2018 2537,2018 2627,2024 2717,2018 2806,2018 2896,2024 2985,2018 3075,2024 3164,2030"/>
                <TextEquiv>
                    <Unicode>kehr um vom gefährlichen Jagen</Unicode>
                </TextEquiv>
            </TextLine>
            <TextLine id="tr_1_tl_12" custom="readingOrder {index:11;}">
                <Coords points="4051,2066 4239,2132 4533,2066 4941,2070 5039,2124 5501,2058 5730,2095 5730,1915 5223,1928 5039,1850 4496,1952 4235,1842 4051,1915"/>
                <Baseline points="4072,2072 4126,2072 4215,2066 4305,2072 4394,2066 4484,2066 4574,2066 4663,2060 4753,2066 4842,2066 4932,2066 5021,2066 5111,2060 5201,2060 5290,2060 5380,2060 5469,2054 5559,2054 5648,2054 5738,2054"/>
                <TextEquiv>
                    <Unicode>Da steht die Bürg die alte</Unicode>
                </TextEquiv>
            </TextLine>
            <TextLine id="tr_1_tl_13" custom="readingOrder {index:12;}">
                <Coords points="1683,2205 2691,2099 2916,2213 3087,2136 3271,2209 3345,2185 3341,2005 2928,2079 2605,2013 2458,2066 1678,2062"/>
                <Baseline points="1707,2149 1797,2125 1886,2113 1976,2119 2066,2113 2155,2113 2245,2113 2334,2107 2424,2107 2513,2101 2603,2101 2693,2095 2782,2107 2872,2131 2961,2125 3051,2131 3140,2143 3230,2149 3320,2161 3355,2173"/>
                <TextEquiv>
                    <Unicode>xx den Wagen herab,</Unicode>
                </TextEquiv>
            </TextLine>
            <TextLine id="tr_1_tl_14" custom="readingOrder {index:13;}">
                <Coords points="919,2164 939,2164 976,2136 1066,2164 1111,2152 1135,2128 1156,2144 1180,2124 1213,2152 1250,2144 1241,2046 1184,2054 1152,2042 1111,2070 1050,2054 1009,2075 980,2050 968,2062 947,2050 911,2058"/>
                <Baseline points="937,2119 1027,2125 1116,2119 1206,2131 1259,2161"/>
                <TextEquiv>
                    <Unicode>Jas Febr</Unicode>
                </TextEquiv>
            </TextLine>
            <TextLine id="tr_1_tl_15" custom="readingOrder {index:14;}">
                <Coords points="1254,2164 1323,2144 1413,2213 1458,2209 1491,2226 1515,2217 1552,2246 1580,2242 1580,2058 1544,2070 1499,2046 1380,2058 1364,2042 1327,2042 1282,2075 1254,2070"/>
                <Baseline points="1275,2163 1319,2143 1409,2137 1498,2143 1590,2157"/>
                <TextEquiv>
                    <Unicode>E. A.</Unicode>
                </TextEquiv>
            </TextLine>
            <TextLine id="tr_1_tl_16" custom="readingOrder {index:15;}">
                <Coords points="547,2250 760,2201 821,2238 878,2230 915,2254 972,2222 1017,2258 1090,2266 1250,2209 1250,2144 1209,2152 1188,2128 1058,2164 923,2111 894,2124 813,2070 755,2111 694,2070 555,2099"/>
                <Baseline points="573,2209 632,2209 722,2209 812,2197 901,2197 991,2203 1080,2203 1170,2197 1259,2161"/>
                <TextEquiv>
                    <Unicode>O für die</Unicode>
                </TextEquiv>
            </TextLine>
            <TextLine id="tr_1_tl_17" custom="readingOrder {index:16;}">
                <Coords points="1266,2205 1295,2197 1323,2209 1327,2197 1368,2222 1388,2217 1388,2209 1413,2205 1405,2173 1380,2181 1372,2173 1360,2173 1319,2152 1295,2148 1278,2173 1258,2177"/>
                <Baseline points="1275,2163 1361,2203 1421,2197"/>
                <TextEquiv>
                    <Unicode>P.</Unicode>
                </TextEquiv>
            </TextLine>
            <TextLine id="tr_1_tl_18" custom="readingOrder {index:17;}">
                <Coords points="1874,2222 1956,2217 2054,2271 2115,2217 2373,2205 2405,2238 2528,2217 2687,2271 2761,2238 2765,2103 2569,2107 2520,2152 2418,2111 2377,2148 2254,2164 2193,2140 2144,2168 2095,2136 1985,2177 1936,2144 1879,2168"/>
                <Baseline points="1898,2215 1970,2203 2060,2203 2149,2203 2239,2203 2328,2197 2418,2191 2508,2191 2597,2191 2687,2191 2776,2185"/>
                <TextEquiv>
                    <Unicode>lemente B</Unicode>
                </TextEquiv>
            </TextLine>
            <TextLine id="tr_1_tl_19" custom="readingOrder {index:18;}">
                <Coords points="3994,2287 4533,2246 4631,2328 4876,2238 5313,2222 5489,2303 5640,2217 5819,2275 5828,2042 5435,2136 5113,2087 5052,2140 4856,2070 4774,2119 4349,2079 4247,2140 3998,2099"/>
                <Baseline points="4018,2257 4042,2251 4132,2251 4221,2245 4311,2245 4400,2239 4490,2233 4580,2233 4669,2233 4759,2227 4848,2233 4938,2227 5027,2227 5117,2221 5207,2221 5296,2215 5386,2215 5475,2209 5565,2209 5654,2203 5744,2209 5834,2221"/>
                <TextEquiv>
                    <Unicode>Und sieht hinab ins Thal,</Unicode>
                </TextEquiv>
            </TextLine>
            <TextLine id="tr_1_tl_20" custom="readingOrder {index:19;}">
                <Coords points="478,2528 813,2413 1066,2532 1789,2552 2148,2389 2650,2528 3087,2446 3087,2344 1760,2197 1548,2287 1331,2197 1103,2299 751,2197 474,2266"/>
                <Baseline points="501,2382 591,2382 680,2382 770,2382 859,2382 949,2382 1039,2382 1128,2382 1218,2382 1307,2376 1397,2376 1486,2376 1576,2376 1666,2376 1755,2370 1845,2370 1934,2376 2024,2376 2113,2382 2203,2382 2293,2388 2382,2388 2472,2388 2561,2388 2651,2394 2740,2400 2830,2400 2920,2394 3009,2406 3099,2418"/>
                <TextEquiv>
                    <Unicode>Gib auf dein tolltichnes Wagen</Unicode>
                </TextEquiv>
            </TextLine>
            <TextLine id="tr_1_tl_21" custom="readingOrder {index:20;}">
                <Coords points="4031,2450 6052,2434 6150,2397 6154,2275 5619,2238 5489,2307 5313,2222 5043,2356 4627,2328 4533,2246 4031,2320"/>
                <Baseline points="4054,2418 4096,2412 4185,2412 4275,2412 4365,2406 4454,2406 4544,2400 4633,2400 4723,2400 4812,2400 4902,2400 4992,2400 5081,2394 5171,2394 5260,2394 5350,2388 5439,2394 5529,2388 5619,2382 5708,2376 5798,2376 5887,2376 5977,2376 6066,2376 6156,2382"/>
                <TextEquiv>
                    <Unicode>die Sterne funkolu herunter,</Unicode>
                </TextEquiv>
            </TextLine>
            <TextLine id="tr_1_tl_22" custom="readingOrder {index:21;}">
                <Coords points="3973,2728 5452,2565 6064,2691 6534,2581 6538,2401 6350,2336 5909,2454 5480,2389 3978,2471"/>
                <Baseline points="3994,2615 4036,2609 4126,2597 4215,2585 4305,2585 4394,2579 4484,2579 4574,2579 4663,2573 4753,2573 4842,2573 4932,2573 5021,2567 5111,2567 5201,2561 5290,2561 5380,2555 5469,2555 5559,2555 5648,2549 5738,2543 5828,2543 5917,2543 6007,2537 6096,2543 6186,2543 6275,2549 6365,2543 6455,2549 6544,2549"/>
                <TextEquiv>
                    <Unicode>Es schimmert des Mordes Strafl.</Unicode>
                </TextEquiv>
            </TextLine>
            <TextLine id="tr_1_tl_23" custom="readingOrder {index:22;}">
                <Coords points="474,2724 3316,2744 3394,2577 478,2524"/>
                <Baseline points="495,2711 531,2705 621,2705 710,2705 800,2705 889,2711 979,2711 1068,2705 1158,2699 1248,2699 1337,2711 1427,2717 1516,2711 1606,2705 1695,2699 1785,2705 1875,2705 1964,2711 2054,2705 2143,2705 2233,2705 2322,2699 2412,2699 2502,2705 2591,2705 2681,2705 2770,2699 2860,2699 2949,2699 3039,2693 3129,2693 3218,2693 3308,2699 3397,2705"/>
                <TextEquiv>
                    <Unicode>Und höher schwillt die tobende Flut,</Unicode>
                </TextEquiv>
            </TextLine>
            <TextLine id="tr_1_tl_24" custom="readingOrder {index:23;}">
                <Coords points="486,2973 1658,2875 3006,2912 3144,2997 3549,2879 3091,2708 486,2769"/>
                <Baseline points="507,2902 513,2902 603,2884 692,2878 782,2872 871,2872 961,2872 1050,2872 1140,2872 1230,2878 1319,2878 1409,2878 1498,2878 1588,2872 1677,2878 1767,2878 1857,2878 1946,2878 2036,2878 2125,2878 2215,2872 2304,2872 2394,2872 2484,2872 2573,2872 2663,2878 2752,2878 2842,2878 2931,2878 3021,2878 3111,2878 3200,2878 3290,2878 3379,2872 3469,2872 3558,2872"/>
                <TextEquiv>
                    <Unicode>Es öffent der Himmel die Schlußen</Unicode>
                </TextEquiv>
            </TextLine>
            <TextLine id="tr_1_tl_25" custom="readingOrder {index:24;}">
                <Coords points="3908,2948 5309,2899 5533,3018 5966,2920 6134,2997 6309,2883 6661,2961 6746,2663 5970,2806 4170,2712 3912,2822"/>
                <Baseline points="3929,2914 3971,2914 4060,2914 4150,2908 4239,2908 4329,2908 4418,2908 4508,2908 4598,2908 4687,2914 4777,2914 4866,2902 4956,2896 5045,2890 5135,2890 5225,2890 5314,2896 5404,2896 5493,2884 5583,2884 5672,2890 5762,2890 5852,2890 5941,2884 6031,2884 6120,2884 6210,2878 6299,2878 6389,2872 6479,2878 6568,2884 6658,2902 6747,2908"/>
                <TextEquiv>
                    <Unicode>Nachtwolker, schweber ziehen am Himmel,</Unicode>
                </TextEquiv>
            </TextLine>
            <TextLine id="tr_1_tl_26" custom="readingOrder {index:25;}">
                <Coords points="490,3083 1797,3136 2381,3046 2769,3177 3471,3091 3471,2891 3132,3006 2965,2916 1862,2879 490,2989"/>
                <Baseline points="513,3057 525,3057 615,3045 704,3045 794,3039 883,3039 973,3045 1062,3045 1152,3045 1242,3045 1331,3045 1421,3045 1510,3045 1600,3051 1689,3045 1779,3051 1869,3051 1958,3051 2048,3045 2137,3051 2227,3045 2316,3045 2406,3045 2496,3051 2585,3051 2675,3057 2764,3057 2854,3063 2943,3069 3033,3057 3123,3051 3212,3051 3302,3045 3391,3039 3481,3045"/>
                <TextEquiv>
                    <Unicode>Au dafür den Lager mit sich hinab</Unicode>
                </TextEquiv>
            </TextLine>
            <TextLine id="tr_1_tl_27" custom="readingOrder {index:26;}">
                <Coords points="3937,3124 4129,3193 4304,3091 4598,3091 4790,3222 4945,3104 5113,3189 5358,3095 5480,3157 5644,3055 5754,3104 5758,2977 5533,3014 5337,2908 4762,2916 4684,2977 4329,2928 4088,3059 3941,3038"/>
                <Baseline points="3959,3099 3976,3099 4066,3087 4156,3087 4245,3087 4335,3081 4424,3081 4514,3081 4603,3081 4693,3087 4783,3081 4872,3075 4962,3075 5051,3069 5141,3075 5230,3069 5320,3069 5410,3063 5499,3063 5589,3051 5678,3051 5768,3063"/>
                <TextEquiv>
                    <Unicode>durch die Luft dahin sie wehr,</Unicode>
                </TextEquiv>
            </TextLine>
            <TextLine id="tr_1_tl_28" custom="readingOrder {index:27;}">
                <Coords points="3933,3283 4729,3259 4892,3332 5105,3230 5713,3226 6068,3377 6281,3292 6285,3108 5991,3022 5836,3136 5501,3185 5362,3091 5101,3189 4966,3104 4794,3218 4623,3079 4206,3202 3937,3124"/>
                <Baseline points="3959,3254 4048,3254 4138,3254 4227,3260 4317,3260 4406,3254 4496,3254 4586,3254 4675,3248 4765,3254 4854,3248 4944,3236 5033,3230 5123,3230 5213,3218 5302,3224 5392,3218 5481,3218 5571,3212 5660,3212 5750,3212 5840,3206 5929,3206 6019,3206 6108,3212 6198,3218 6287,3236"/>
                <TextEquiv>
                    <Unicode>Sie schreiben so rein und so duftig,</Unicode>
                </TextEquiv>
            </TextLine>
            <TextLine id="tr_1_tl_29" custom="readingOrder {index:28;}">
                <Coords points="449,3271 2083,3357 2785,3234 3177,3324 3528,3263 3528,3136 3104,3083 2765,3189 2344,3042 1883,3177 1723,3063 449,3120"/>
                <Baseline points="471,3236 489,3236 579,3218 668,3218 758,3212 847,3212 937,3212 1027,3212 1116,3212 1206,3218 1295,3218 1385,3218 1474,3218 1564,3218 1654,3218 1743,3218 1833,3224 1922,3224 2012,3218 2101,3218 2191,3218 2281,3212 2370,3212 2460,3218 2549,3224 2639,3224 2728,3224 2818,3224 2908,3218 2997,3218 3087,3218 3176,3212 3266,3212 3355,3218 3445,3218 3535,3224"/>
                <TextEquiv>
                    <Unicode>In die brausenden Tiefen zu reißen.</Unicode>
                </TextEquiv>
            </TextLine>
            <TextLine id="tr_1_tl_30" custom="readingOrder {index:29;}">
                <Coords points="3965,3528 4182,3573 4366,3463 4627,3500 4913,3418 5509,3545 5889,3447 5893,3251 5382,3357 5109,3230 4892,3361 4717,3251 4317,3316 3969,3279"/>
                <Baseline points="3988,3445 4018,3445 4108,3433 4197,3433 4287,3427 4377,3415 4466,3415 4556,3409 4645,3409 4735,3409 4824,3409 4914,3409 5004,3409 5093,3409 5183,3409 5272,3403 5362,3403 5451,3403 5541,3403 5631,3397 5720,3397 5810,3403 5899,3409"/>
                <TextEquiv>
                    <Unicode>die schwinden und vergehe.</Unicode>
                </TextEquiv>
            </TextLine>
            <TextLine id="tr_1_tl_31" custom="readingOrder {index:30;}">
                <Coords points="674,3557 1074,3688 2271,3541 3692,3618 3692,3434 3439,3345 2038,3422 1899,3341 1205,3455 674,3320"/>
                <Baseline points="698,3553 788,3547 877,3558 967,3558 1056,3558 1146,3558 1236,3558 1325,3558 1415,3558 1504,3558 1594,3558 1683,3564 1773,3558 1863,3553 1952,3558 2042,3558 2131,3558 2221,3553 2310,3553 2400,3553 2490,3553 2579,3553 2669,3553 2758,3553 2848,3553 2937,3553 3027,3558 3117,3558 3206,3564 3296,3553 3385,3553 3475,3553 3564,3558 3654,3558 3702,3564"/>
                <TextEquiv>
                    <Unicode>Es pfeifb der Sturmwind so schrill und</Unicode>
                </TextEquiv>
            </TextLine>
            <TextLine id="tr_1_tl_32" custom="readingOrder {index:31;}">
                <Coords points="2434,3822 2536,3810 2618,3835 2638,3814 2769,3847 3144,3741 3149,3532 3038,3565 2965,3630 2883,3569 2834,3581 2797,3557 2626,3569 2540,3614 2438,3602"/>
                <Baseline points="2460,3720 2531,3708 2621,3702 2711,3696 2800,3696 2890,3690 2979,3690 3069,3696 3160,3722"/>
                <TextEquiv>
                    <Unicode>so kalt</Unicode>
                </TextEquiv>
            </TextLine>
            <TextLine id="tr_1_tl_33" custom="readingOrder {index:32;}">
                <Coords points="3978,3826 4631,3773 4917,3847 5297,3741 5509,3871 5627,3777 5783,3798 5783,3541 5399,3610 5019,3565 4933,3488 4390,3667 4100,3622 3982,3679"/>
                <Baseline points="4006,3779 4096,3773 4185,3773 4275,3773 4365,3767 4454,3767 4544,3767 4633,3762 4723,3756 4812,3756 4902,3744 4992,3744 5081,3744 5171,3744 5260,3744 5350,3744 5439,3744 5529,3750 5619,3756 5708,3767 5792,3779"/>
                <TextEquiv>
                    <Unicode>der kond, der ernste, der beiche,</Unicode>
                </TextEquiv>
            </TextLine>
            <TextLine id="tr_1_tl_34" custom="readingOrder {index:33;}">
                <Coords points="310,3969 645,3908 772,4010 1013,3904 1176,3961 1727,3900 2275,4047 2467,3941 2683,3953 2683,3826 2373,3777 1732,3728 1442,3794 1246,3728 1029,3810 804,3679 653,3753 539,3675 310,3704"/>
                <Baseline points="334,3929 364,3917 453,3911 543,3911 632,3905 722,3905 812,3905 901,3905 991,3905 1080,3899 1170,3905 1259,3905 1349,3905 1439,3905 1528,3905 1618,3905 1707,3899 1797,3899 1886,3899 1976,3899 2066,3899 2155,3899 2245,3899 2334,3905 2424,3905 2513,3905 2603,3905 2693,3911"/>
                <TextEquiv>
                    <Unicode>Vnd düster ist alles umzogen,</Unicode>
                </TextEquiv>
            </TextLine>
            <TextLine id="tr_1_tl_35" custom="readingOrder {index:34;}">
                <Coords points="4006,4055 4280,4063 4688,3937 5035,3920 5215,4010 5440,3920 5979,3949 5983,3782 5783,3867 5631,3773 5509,3871 5317,3745 4917,3847 4553,3782 4259,3884 4014,3794"/>
                <Baseline points="4030,4018 4108,3965 4197,3947 4287,3947 4377,3941 4466,3941 4556,3935 4645,3935 4735,3929 4824,3929 4914,3923 5004,3917 5093,3917 5183,3917 5272,3917 5362,3917 5451,3917 5541,3917 5631,3917 5720,3911 5810,3911 5899,3905 5989,3905"/>
                <TextEquiv>
                    <Unicode>Er schaut ins Schloss hinein</Unicode>
                </TextEquiv>
            </TextLine>
            <TextLine id="tr_1_tl_36" custom="readingOrder {index:35;}">
                <Coords points="4014,4133 4235,4190 4847,4108 5088,4214 5235,4112 5484,4108 5750,4198 5950,4084 6379,4108 6379,3994 6179,3929 5738,4022 5444,3916 5223,4014 4970,3937 4684,4031 4014,4055"/>
                <Baseline points="4036,4120 4060,4120 4150,4114 4239,4114 4329,4108 4418,4102 4508,4102 4598,4102 4687,4096 4777,4096 4866,4090 4956,4090 5045,4090 5135,4096 5225,4096 5314,4096 5404,4090 5493,4090 5583,4084 5672,4084 5762,4078 5852,4078 5941,4078 6031,4072 6120,4078 6210,4078 6299,4072 6389,4066"/>
                <TextEquiv>
                    <Unicode>Dieses alte derfallen Gemäuer</Unicode>
                </TextEquiv>
            </TextLine>
            <TextLine id="tr_1_tl_37" custom="readingOrder {index:36;}">
                <Coords points="347,4100 1454,4084 1703,4235 1956,4084 3569,4194 3569,3969 3316,4010 3038,3871 2373,4039 1903,3912 347,4010"/>
                <Baseline points="370,4084 459,4084 549,4084 638,4084 728,4078 818,4078 907,4078 997,4072 1086,4084 1176,4078 1265,4078 1355,4084 1445,4078 1534,4078 1624,4084 1713,4090 1803,4090 1892,4078 1982,4084 2072,4084 2161,4084 2251,4078 2340,4078 2430,4078 2519,4078 2609,4078 2699,4078 2788,4078 2878,4084 2967,4090 3057,4090 3146,4090 3236,4096 3326,4096 3415,4096 3505,4108 3576,4114"/>
                <TextEquiv>
                    <Unicode>da reißt es ihn fort mit wilder Gewalt,</Unicode>
                </TextEquiv>
            </TextLine>
            <TextLine id="tr_1_tl_38" custom="readingOrder {index:37;}">
                <Coords points="376,4321 747,4259 1005,4435 1303,4288 1744,4345 1858,4255 2491,4398 2732,4259 3210,4276 3385,4394 3659,4317 3659,4121 376,4145"/>
                <Baseline points="400,4269 489,4257 579,4257 668,4251 758,4251 847,4251 937,4251 1027,4251 1116,4245 1206,4239 1295,4245 1385,4245 1474,4245 1564,4245 1654,4245 1743,4251 1833,4245 1922,4245 2012,4245 2101,4245 2191,4245 2281,4245 2370,4245 2460,4245 2549,4251 2639,4251 2728,4251 2818,4257 2908,4257 2997,4257 3087,4257 3176,4263 3266,4263 3355,4263 3445,4263 3535,4275 3624,4293 3666,4305"/>
                <TextEquiv>
                    <Unicode>Und es stürmen und stürzen die Wogen¬</Unicode>
                </TextEquiv>
            </TextLine>
            <TextLine id="tr_1_tl_39" custom="readingOrder {index:38;}">
                <Coords points="3937,4308 4219,4296 4496,4402 4745,4288 5938,4337 5999,4321 6003,4157 5742,4198 5591,4112 5378,4121 4770,4231 4419,4125 4268,4194 3941,4129"/>
                <Baseline points="3965,4275 4042,4275 4132,4281 4221,4281 4311,4281 4400,4281 4490,4281 4580,4281 4669,4281 4759,4275 4848,4269 4938,4269 5027,4269 5117,4269 5207,4269 5296,4263 5386,4263 5475,4257 5565,4251 5654,4245 5744,4245 5834,4245 5923,4251 6013,4257"/>
                <TextEquiv>
                    <Unicode>der kurz von Wildenstein.</Unicode>
                </TextEquiv>
            </TextLine>
        </TextRegion>
    </Page>
</PcGts>
