3560 4831
1258 364 2413 761 Dritter Singsang
692 609 2784 837 Worin von manchen Berichtigungen
662 791 3141 1149 Und anderen dergleichen wird gesungen.
354 1115 2671 1400 Meine geehrten Lesere und Lesärmen,
305 1367 2661 1599 O sprechen Sie, was soll ich beginnen?
391 1499 2708 1794 Schon manche schlaflose, traurige Nacht
2784 1629 2972 1768 G.F.P.
391 1638 3052 1983 Hab' ich seit den letzten Tagen durchwacht
735 1867 1211 2118 kürzlich
401 1986 2979 2314 Denn gestorben saß ich beim Speisen eben,
357 2178 2814 2509 Als ein Brief mir wurde gegeben,
377 2360 2704 2678 Ich meinte, er wäre von schöner Hand;
430 2535 2939 2857 Vor Schrift, sie mir nur nicht unbekannt
371 2873 2919 3201 Ich hoffte auf irgend im Liebesgeständnis; —
374 3045 3025 3370 doch als ich erführe, welche Bewäntnis
430 3237 2939 3495 Es habe mit meinem erwähnten Brief,
414 3403 2757 3770 So zog ich das Gesicht sehe schrift¬
477 3783 2989 4065 Denn als ich den Brief entfaltete vollständig 4.
503 3916 2943 4310 fand ich folgendesgeschrieben würdig
