7672 5064
1389 673 3484 1029 Da trat mit schwarzgelockten Haaren
1346 900 3022 1184 Ein Mädchen reizend schon herein.
494 886 937 1130 Das ist ein
523 1064 963 1343 Am Hin
1262 1138 3042 1423 O die Gestalt vergess' ich nimmer,
1297 1300 2970 1552 Die Augen aller ruhten drauf;
371 1403 949 1616 Die Nach
1282 1446 3002 1711 Ich aber stand gabaut wie immer
371 1547 932 1785 Senkl
1328 1619 3024 1909 Vom Sitze augenblicklich auf.
201 1748 963 2047 Dringf Ein Groß
1314 1831 3197 2082 Mein Fräulein sprach ich, „Sie erlauben -
506 1903 972 2082 Ein tri
1308 1981 2815 2225 Mein Herr, ich bitte - sagte sie
1228 2125 3444 2444 Und sah mühen, - ihr könnte mirs glauben.
1239 2303 3076 2605 So lang, so tief - ich weiss nicht wie
1314 2516 2921 2792 Wie sie verlegen sich bedankte,
1337 2648 3030 2918 Und die sie süße, dunkle Blick¬
1334 2826 3467 3096 Weiß nicht, wodurch ich stärker schwankte,
1276 2978 3188 3263 durch Magenpoltern oder Glück?
707 3027 998 3243 Aufa
1389 3191 3278 3482 Und als sie ausstieg, sagt ich wieder
1357 3344 3668 3588 Mein Fräulein. — mir war glühend warm,
1343 3516 2996 3786 Ich beugte mich zu ihr hernieder
1337 3657 3384 3993 Stad sie - nahm lächelnd meinen Arm.
1849 4068 2800 4402 yours pas.
4174 382 6069 676 Halbdunkel wäres; der Laternen
4241 529 6308 808 Mattflackernd, traumhaft Elimmernd ticht,
4186 702 6072 920 Der bleiche Schein von jenen Sternen,
4200 834 6147 1092 Der Mond auch - er verriet mich nicht.
4192 1029 6058 1334 fühtes Mädchen, last dich küssen,
4195 1193 5851 1504 So rief ich aus mit einem Mal
4157 1374 5900 1619 Von Glut und Liebe hingerissen,
4174 1495 5992 1782 Von ihres Auges dunkeln Strahl.
4203 1716 6115 1987 Und wie ich an die Brust sie drückte
4220 1900 5721 2162 Umfasste ihren Nacken sold
4189 2038 6325 2280 Und nun mein Mund sich, der entzückte
4183 2205 5897 2518 An ihren glühend schließen wollt“
4244 2389 6400 2740 Da - wach ich auf und an den Schreiben
4272 2547 6000 2872 Sch ich, wie Tropf auf Tropfen rinnt
4255 2734 6196 3039 Und wie sich welke Blätter treiben
4266 2886 5879 3266 den frohligen November wind.
4885 3226 6063 3622 Arthur Schnitzler.
6224 4036 6423 4266 1755
