3848 4776
1526 376 2318 590 qualbewußt
427 420 2734 778 sprächige mit Arthur vor Hofs und Schmerz
509 630 2867 958 Er Schaßt er ihn aus tiefster konst.
3070 921 3302 1120 17
416 958 2745 1249 doch - endlich das ichs nicht verhehlen
527 1117 2797 1419 Womit sich Arthur thät abquälen,
579 1286 2638 1607 Es war die - leidige Eifersucht
615 1459 2756 1750 Und so ein Wurm ist gar verflucht
549 1736 3504 2086 denn Fanny hatt' ihm gesprochen neulich, 15.
545 1913 3471 2185 Von einen Gutter, namens Blänlich¬
545 2108 2801 2399 der war gestorben erst letzthin
545 2288 3044 2557 Und Fanny weinte sehr um ihn.
560 2554 3423 2841 Sie trot zum Fenster, dem Arthur sie wirkte, 16.
586 2749 3287 3044 und nahm. wie ihm sehr richtig dünkte,
601 2933 2878 3250 In ihre Hand seine Fotografie
630 3110 2985 3364 Und weinte sehr und küsste sie.
2045 3246 2591 3449 zarte Ense
1839 3390 2447 3541 meine sehen,
3328 3298 3471 3619 be
420 3423 3302 3714 ¼ Zarten lese Ihr - zart Schreiben, könnte äußerte,
479 3582 3118 3855 Wie das den Arthur thäte kränken,
553 3748 2834 4094 Er dachte. Diese Trauer Lieb'saffaire
582 3939 3552 4219 Vergess' ich nie - und - ein - mer - meh - roi.
