7466 5086
6474 453 6771 727 1876.
4871 564 6196 928 Erster Singsang
4448 805 6504 1120 Allwie sich Arthur verlieben thät.
4426 957 6444 1265 Und wie die Geschichte weiter geht.
4255 1150 6270 1495 Erzähle mir, & prütische Lager
4203 1291 6659 1651 die müne Durchtrankten tbertener
4211 1506 7194 1822 des Gymnasialschulers Arthur Mayer
4289 1840 6340 2204 In dem kleinen Städtchen Steger
4289 2033 6656 2334 Daslebte einst die Familie Mayer
4326 2193 6329 2497 Arthur Mayer, so hieß ihr Sohn
4304 2367 6667 2679 kam in die fünfte Lateine schon.
4400 2682 6756 3009 Damit er gründlicher thät studieren,
4363 2872 7260 3220 Thät man ihn stracks nach wie expediren
4411 3057 6889 3328 In Wien steht manches Gymnasium,
4426 3235 6730 3502 Er kam in das Acadéricum
4485 3517 7234 3899 Jetzt wäre es dem famosen Rangen
4471 3729 7175 4011 In puncto Liebe nicht übel gegangen
4459 3921 6455 4233 Hätte nicht seine Frau Tant
4474 4077 7294 4452 Die Zügel gehalten mit straffer Hand¬
