7480 4936
798 583 2549 879 Wie waren uns jetzt lang ferne,
860 805 2645 1054 Wir hatten uns zwar uner geren
820 965 2546 1270 doch sprachen wir kein Blöklein!
882 1122 2682 1467 Wie wird ich einsam und allein
888 1436 3092 1825 Rochsicht nach vier und zwanzig Monden
900 1668 2799 1973 Habenwir uns wiedergesonden,
851 1859 2676 2167 Und sind schon wieder vor dem Hand
851 2071 2817 2389 In gegenseitge lieb entbrant.
826 2444 2608 2725 Sie spricht mit ihrem sießen Munde
829 2599 2854 2907 dass sie mich liebt, in jeder Sekunde¬
832 2817 3317 3101 Wir gehalben Abend in alles, schattige Alleen
385 2981 2830 3320 Sindwir festeingehängt - zu das ist sehr schon.
903 3372 2725 3665 Mir ist nur wohl, wenn ich die Schöne
872 3539 2565 3850 In wegen eines Art erwähne,
851 3724 2682 4029 Von dem Gedanken ach an sie.
829 3915 2990 4242 kann ich mich treu er immer und ein
3955 469 6076 814 Ich bin empfindsam im höchsten Grad
3949 663 5579 989 Ohne sie ist mir alles fad
3952 851 5844 1125 Und eines mein großer Kummer ist.
3976 1048 5499 1387 Ich habe sie noch nie gekusst.
3890 1399 5946 1726 Was hilft es, wenn ich selbstgesprächlich
3921 1603 5527 1893 Wir sage. Oes wäre möglich!
3902 1800 5659 2068 Wenn ich jetzt auf den Himelschau¬
3878 1957 6196 2315 Und denk! Heutgehts – die er ist blau!
3884 2272 5684 2645 Thuth sie heut vergeblich erwarten,
3884 2515 5940 2827 Und kommt sie nicht in den Rathausgarten
3875 2719 5524 2990 Sowerde ich in Weit entleren xxx
3884 2876 6057 3197 Und heute Nacht nicht schlafe können.
3890 3258 5931 3526 Werd wie verrückt in allen Zimmern
3847 3434 5857 3776 Um Teig mich kranken und bekümmern
3865 3628 5740 3946 Und werde in galgendem Humor
3869 3810 5743 4164 Nie selber sagen. Du bist en Thor
