7656 5224
576 939 2166 1271 Dort auch ich ein Mädchen Fliehn,
539 1159 2373 1414 Und leicht von dann schweben,
576 1315 2668 1603 Die Locken wehe, die Wangenglühen,
1020 1515 1244 1634 Bild,
576 1505 2268 1817 Welch von Kreud und Leben!
600 1783 2793 2146 Jedoch - sie gleitet aus – sie fällt -
668 1983 2142 2268 Wie ich - von Ferne! - sehe,
664 2156 2810 2465 Was gab ich drum in aller Welt
634 2363 1987 2648 Wer' ich in ihrer Nähe!
742 2651 2315 2926 Ich eilt' sizu, umfasste sie
712 2831 2176 3041 Mit ritterlichen Armen
1359 2976 1648 3136 sünfte
675 2990 2173 3258 Und ließ sie – a Spontasie!
675 3163 2254 3437 Anmeiner Brust ernommen
725 3458 2126 3743 Ich wurde dann, o Seligkeit!
725 3654 2105 3926 trisch mit ihr voltigiren
746 3770 2654 4054 Mit Dicke auch an Zeit zu Zeit
705 3990 2342 4261 Ein wenig kokettiren.
803 4251 2648 4560 Begleit sie noch nach Haus dazu
831 4438 2532 4722 Bitt um ein Wiedersehen,
4092 834 5410 1115 Bernde gleich ein Redesvous.
4027 1037 5505 1346 Gern folgt sie meinem Flehen¬
4037 1329 5814 1617 Und an Dich kommt - o schöner Schluß!
4024 1529 5417 1780 Wenn ich nach Haus sie gehen,
4044 1681 5600 1929 der glaheden Liebe Feuerkuss
4037 1848 5668 2129 Späl Nachts vor Liebchens thüre
4071 2102 4539 2292 "   -  -
4085 2176 6133 2454 Hasa - wie bin ich schon so weit
4166 2356 5987 2590 In meinen kühen Traumen!
4163 2532 6078 2759 Die trage Alltagswirklichkeit
4132 2685 6122 2909 die möcht wohl länger säumen.
4180 2983 5953 3227 Grad hab' ich jene Maid erkannt,
4193 3176 5410 3427 die ich geküsst soeben,
4197 3322 5848 3607 Ich saf an eines Herren Hand
4207 3478 5705 3749 Sie leicht vorüberschrieben.
4207 3780 5970 4065 Das ist ein durheinanderfliehen,
4227 3943 6960 4231 Einbuntes, froher Freiben Eilen u. ein Gleiter
4234 4136 6143 4390 Das gankelt Eert u fuscht dahin
4197 4265 6065 4644 Und fliegt nach allen Seiten
