7336 4808
1780 285 2042 448 38-
1143 1511 2502 1894 Das Glockehen
1522 1818 2141 1997 auf dem
1238 2023 2350 2373 Ryffhäuser.
277 2327 3155 2764 Gedichtet zu Wien Ende März 1874.
285 2680 2320 3033 Hoch droben bei dem krffhäuser schloss,
270 2923 2274 3155 Wo Raben die Einnen am Kreisen,
266 3086 2513 3367 Wolfriedrich der kaiser sinnend schläft,
330 3238 2251 3546 den alle die deutschen preisen.
361 3493 3257 3827 klingt zweimal im Jahr von des Schloßes Thurm
326 3717 2414 3918 Das Glockein von reinem Klange
353 3838 3200 4149 das eine Mal schlägt ab an fröhlich und hell,
338 4016 2976 4347 das andre Mal schaurig und bange.
4981 144 5413 421 39
3736 414 5782 767 Und schallt es so helle, so lustig, so froh
3736 645 5668 926 In das grünende Thal hernieder,
3743 786 6795 1063 dann bedeutet's den Tag von Friedrichs Geburt,
3758 979 6268 1253 durch Berge und Telsen hallts wieder
3789 1230 6446 1572 Das andremal klingts in das herbstliche That¬
3796 1458 5501 1701 So dümpf hinab und so trübe,
3830 1613 6211 1845 Da mähnt es an Barbarossas Grab
3819 1750 6416 2046 Ihn beweint seines Volkes Liebe.
3819 2008 6245 2380 So tönt jetzt hinunter ins stille Dorf
3777 2247 6165 2513 Viel hundert Jahr schon das Läuten.-
3857 2411 5896 2688 Als eine Mahnung klingt es nur
3868 2581 6108 2862 Aus längst vergangenen Zeiten.
4233 3257 5508 3633 Thos
5357 3720 5785 4066 As.
