7192 4888
5221 230 5579 448 Si 1
5221 408 6272 624 bei Hr. August 1885
5867 452 6811 696 Man soll ichts
3905 452 5200 795 1889. & An Flügel
6188 587 6902 777 Drieuererleben
3971 678 5940 1068 In sitz ich im wollbekanten Gemünch
3923 685 4277 901 G.H.
6326 707 6837 871 wollen.
3974 773 6913 1214 Und spiele die alten Walzen und Liebe. (Kreivolle)
4007 1050 6169 1400 Dtsch sind ich die alten Töter nicht wieder.
5258 1254 5553 1397 rud
4062 1294 5134 1499 Da laß ich das Spinden
3945 1251 6217 1655 mispr les de Goudres; et pour ce aff.
3942 1590 6297 2067 Und sehe draußen die Wälder sich weilen,
3967 1776 6107 2250 Zum letzten Grußen die Bäume herein
4015 1984 6137 2443 Vom Felsen die schweren Schatten seiten;
4033 2253 6038 2651 der Mittelung ist stille.. ich bin allein!
4022 2512 6137 3066 Mir hab ich so ernst und so bekltrauen
4058 2851 6020 3304 Auch heut zum Flügel hin gesetzt.
4040 3118 5765 3530 Hier hab ich dein Hand gewonnen
3985 3139 6629 3730 Und sie mit meinem Thränen benutzt!
