7192 4856
953 606 3700 1116 Heisse, dort kettest ein Besch auf die Stange,
836 960 3388 1396 kann! Wenn! und weiter! kleine jedoch
900 1205 3480 1605 da ist in sehre oben und schreit, der Ringe
932 1495 3622 1850 Frei Werthin, de trinkich nach einer devant¬
882 1779 3225 2215 Und also kleich ich mit Lehnger
932 2119 3310 2470 der herrlichen Champagnerran¬
921 2268 3554 2700 Frau Mirthin, ich hat auch war je sagen
921 2527 3583 2987 Ihr müsst zu bleiben: so fugt auch drei.
872 2899 3211 3289 Da sich ich die Mitsenleise unkon¬
943 3207 3211 3579 Es glößte sichs und wohlbekannt
964 3398 3274 3817 Das ihren wundertinkeln Blickes
904 3593 3700 4199 die nicht mir der Glaub, und ich kuss ihr die Haus.
3820 322 4394 563 1890
5457 351 5829 606 ※ „
5046 354 5372 578 le
3926 581 6386 1024 Denn sprach sie Ich habe Dich nicht vergessen
3919 865 6372 1254 Und liebe das heute so tief xxx
5298 953 6641 1304 wie in dem Zeit!
3919 1198 6255 1524 Denn meine Lieb ihr unermessen
3987 1375 6740 1800 Und die gehöre ich in Ewigkeit.
3934 1687 6524 2084 Und hier in Aug blickt mit seligen
3955 1984 6620 2332 Und weiter wollte und sollte der Fest¬
4026 2211 6485 2608 der Abend kan gelind und müslig
4004 2339 6861 2863 Und i Sany wa and — und genommen de Lap
4015 2739 6673 3196 Nachhalle die Schüsse, verstimmt die Geige.
4022 2934 6705 3469 Verwirken der Mein u. wir schritte zu Thal.
3962 3257 6800 3760 da mußt ich zum Abschied mich vor die neigen
3987 3508 6393 4093 stand ganz allein ihn mit seiner Mal¬
