7624 5256
4917 435 6258 809 Stub' und geniesse!
4027 852 7129 1214 ist im Vergnügen Dir offrage späteren Kämmeriend nachge¬
4019 1014 7102 1360 Bist, du ein Narvund ein Thor, wenn du nicht fräntig genicht.
4004 1225 7075 1503 Plaubst du, Dien Herrgott im Himmel wird mehr sich freuen und jubeln,
4039 1364 6987 1653 Wenn du dich Fröckelndkasteist und zu den Himmlischen schielt?
4023 1534 7022 1923 hafenden Engeln den Himmel, die Verbleißer, bleibe auf Erden,
4089 1730 6702 2089 Labe an Jrdischem dich, irdische Freude ist dem
4062 1904 7118 2258 schrei nicht Gott in die Gren, statt dich zu freien u. und vergnügen
4089 2100 7122 2355 Bet’ nicht um das, was du willst, Sterblicher, schaff es dir selbst
4043 2297 7145 2555 Theab und gewesen, wenn Freund, das ist der Inhalt des Lebens,
4104 2405 7095 2732 Das ist die Weisheit des Reis, dar ist das irdische Loos.
4686 2686 6100 3041 tethur Schnitzler.
5068 2960 6428 3222 Am 6. September 1876.
6143 3465 6312 3599 G.C.F.P.
