7192 4824
4019 301 4409 584 and
4903 349 5814 625 Morgenendacht.
5550 528 6989 818 Und neige stilt zu dis auch sie
3985 576 5431 911 Verschwunden ist die Medeschein
5498 717 6870 1041 Willchenen Athem fühlen,
4011 781 5271 1100 Von Zimmer und diese
5513 941 6959 1216 An meine Lippenwelt ich ziehen
4011 941 5454 1230 Nun gleichkt der komme Tag sowie
5461 1108 6985 1416 den Früchten, morgenkühlen.
3993 1178 4963 1416 se nahr xxx
3996 1320 5431 1628 Nie lichte sind herabgekommt
5502 1301 7015 1628 Was hat er soll in dieser Nacht
3993 1528 5323 1755 die ich nicht löschen wollte,
5480 1506 6848 1803 In diese hineingekommt
3963 1639 5450 1955 der Glas, das auf dem Tisch pau
5520 1665 7041 1955 den Leit - von wilde Lußumrecht
3970 1851 5216 2145 Hie auf d. Boden wollte.
5502 1874 6967 2167 Mitheilje Glutunsäumet.
3996 2082 5506 2353 Nun schleicht um unser Schlimmestalt
5580 2071 7000 2409 Wie hat ich dich gebenedeit
3974 2275 5353 2550 Eie gelbes Morgenleuchtre¬
5532 2297 6781 2617 Wie hoch engorgehoben,
3985 2450 5409 2717 Noch sind die Nachten alljematt,
5494 2483 6993 2792 Von einer neu u Hängfründlichsten
3948 2613 5439 2959 dass sie den Schlaf die scheuchten
5487 2669 6963 3037 den Glanz um die gewoben.
3974 2877 5461 3294 Und blass in den verschworen Licht
5569 2929 6989 3271 Das war vor einem soldt Maß
3978 3178 5130 3487 Inmittag weißer Summe
5483 3175 6855 3483 der trügenolle Scheune,
4007 3342 5390 3665 Schon ich, in une so in angesicht
5483 3364 6952 3706 Ach- was diese gefühlt, gethan
3944 3554 6941 3981 die Rocken einzeln und einen. Schleppst du mit der Hn immer.
5346 3989 6190 4264 Monsieur le précieur
