7656 5208
4343 374 6718 745 u. über recht:  H, -,    -
4726 1015 6614 1381 Seinem innigstgeliebt Adolf.
3291 1144 3461 1410 2d
4206 1306 6772 1739 kann Freundschaft, wo Vertrauen fehlt, bestehen
4189 1531 6685 1889 Und kann in ge lieb' erblichen ohne Glaube?
4027 1606 7384 2092 12/8. Wie Nohn schließen hoch auf Felsenhofe aus beißer Höhe
4601 1814 4905 1934 O'Elonge
5346 1893 5841 2059 [.welche]
4239 1822 6772 2226 Und ügges Gras in unfruchtbaren Staub¬
4364 2151 6764 2550 Wie du fitze Blumen kroppen und erbliehe,
4281 2284 7284 2704 Wenn in der Luft kein Frühlingshauch sesaget,
4285 2450 7118 2904 Wie stolz die Schiffe durch die Wögen ziehen
4314 2629 6976 3033 Wenn rings die Meeresflut sich nicht beweget.
4301 2929 7218 3345 Wies - wenn die Sterne nächtlich untergehen
4364 3066 7305 3524 Holl ist Sichs fräulichruhe läßt unterm Waldeslaube
4385 3270 7409 3652 So kann auch Freundschaft kan auch lieb sehr, wol beset
5084 3382 5554 3507 keit is.
6257 3440 6681 3598 einige
4397 3449 7139 3831 Wo das Vertrauen fehlt und der  Glaube.
6365 3573 7517 3836 kann wahrschaft, wo Vertrauung
7205 3698 7513 3815 beßet
4734 3715 5978 4031 So kann auch Freundschaft ohne vor
5217 3773 7463 4131 etoth. Schni) le nedrige Lieb'eblich
6972 3885 7509 4156 ohne Wien
5050 4035 6610 4476 Den 11. Mai 1878.
