3880 5243
1711 840 1923 966 sch.
1136 811 1535 1029 zi Wien
618 1046 2935 1363 Zum Grossen Wurstl, Wien Lustspielth. 16. 3. 1906
641 1236 2786 1481 Der Schleier der Pierette, Musik von Dohnanyi,
630 1397 1550 1596 Dresdner Oper 1910.
632 1472 2835 1762 Der junge Medardus, Wien Burgth. 24. 11. 1910.
635 1714 2852 1869 Das Weite Land, Wien Burgth. 14. 10. 1911.
621 1846 2783 2090 Professor Bernhardi, Berlin Kleines Th., 28.
638 2041 1087 2240 11. 1912.
635 2188 2769 2383 Komödie der Worte, Wien Burgth. Oktober 1915.
632 2254 2840 2550 Fink und Fliederbusch, Wien Volksth. Nov. 1917.
615 2498 2665 2702 Die Schwestern, Wien Burgth. 26. März 1920.
630 2757 1078 2973 Nachtrag.
641 2861 2740 3148 Marionetten (Puppenspieler, Cassian, Grosser
641 3045 2682 3318 Wurstl) Wien Deutsches Volksth. 1910 od 11.
647 3338 2705 3611 Novellen: Entstehungsjahr in den sämtlichen
650 3530 1498 3792 Werken einzusehen.
