3896 4840
1855 335 2032 468 -2-
672 446 2709 636 Erste Veröffentlichung im Bayrischen Freien
664 582 2842 797 Landesboten 1880, ein Dialog über Patriotismus
666 789 2628 976 und ein humoristisches Liebeslied an eine
666 938 1129 1083 Balerine.
672 1039 2777 1246 1886 Aufsätze in der deutschen Wochenschrift.
683 1238 2736 1417 Von 89 an Gedichte in der Schönen blauen Do-
661 1395 2141 1540 nau unter dem Pseudonym Anatol.
666 1534 2736 1733 Die ersten Anatol- Einakter in verschiedenen
650 1697 1439 1860 modernen Revuen.
653 1803 2581 1999 Das Buch Anatol nach Zurückweisung durch
650 1999 2693 2176 eine Anzahl von Verlegern auf eigene Kosten
650 2157 2723 2326 zuerst gedruckt im Bibliographischen Bureau,
645 2317 1069 2451 Leipzig.
642 2399 2826 2611 Märchen 1891 gedruckt bei Piersch, gleichfalls
647 2579 2366 2783 auf eigene Kosten. (noch vor Anatol)
647 2747 2788 2910 Erste Aufführung: Das Abenteuer seines Lebens,
647 2886 2728 3079 ein nie veröffentlichter Anatol- Einakter in
631 3082 2758 3204 der Schauspielschule Friedrich, (Aus Missver-
642 3237 2774 3386 ständnis, da mein Vater von Friedrich für den
631 3378 1882 3547 Verfasser gehalten wurde).
