3896 4840
662 495 2981 755 Novelle Sterben, erschien in der Neuen Rundschau,
665 713 2901 896 dann bei Fischer. Wurde gleich ins Französische
675 867 2191 1083 übersetzt von Valette bei Perin.
662 1028 2898 1224 Das Märchen, von Blumenthal, Berlin,ocssingth.
662 1211 3074 1356 angenommen, doch nie aufgeführt. Zugleich von Prag,
675 1388 3039 1548 Deutsch, Landesth. angenommen, vom Landesausschuss
662 1539 3074 1661 aus sittlicher Empörung verboten. 1. Auff. erfolgte
687 1632 3158 1834 erst Wien, 1. Dez. 1893, Deutsches Volksth., ohne Er-
662 1783 2965 1982 folg. Aufgeführt mit grösstem Erfolg in Russland,
659 1940 2894 2127 auch in Amerika gespielt, in Deutschland bis zu
668 2130 2705 2265 diesem Tag noch an keiner Bühne aufgeführt.
662 2229 3245 2425 1. Auff. aus dem Anatol- Zyklus, die Frage a.d. Schick-
662 2400 3078 2615 sal in einer Privatgesellschaft in Berlin, Reicher,
662 2560 2650 2727 Jarno, Frl. Wertheim, jetzige Frau Slezak.
668 2695 3020 2891 1. öffentl. Aufführung: Abschiedssouper am Sommer-
675 2849 2808 3055 theater in Ischl. (Hauptsächlich durch Jarnos
675 3084 1214 3203 Interesse).
662 3126 2923 3418 Weitere Aufführungen einzelner Einakter bei Jar-
639 3386 1574 3592 no, Josefstädterth.
