3848 4840
642 453 1614 679 A. S.Daten.
679 665 2357 825 geb. 15. Mai 1862, Wien Jägerzeile.
679 777 2202 986 Akademisches Gymnasium 1871- 79.
670 924 2698 1093 Vater Arzt, Professor, geb. Gross- Kanissa.
665 1124 2611 1259 Mutter Louise geb. Markbreiter, geb Günz.
687 1276 2571 1402 Universitätsstudien med. Fakultät 79-85.
696 1425 1543 1571 promotion Mai 85.
687 1577 2822 1715 Sekundararzt bis 88 bei Standhartner (interne
693 1698 2963 1878 Medizin), Meynert (Psychiatrie), Isidor Neumann
710 1845 2171 2050 (Hautkrankheiten und Syphilis).
693 2011 2743 2188 88 Sommer als Arzt in Berlin und London zum
701 2177 1617 2337 Zwecke von Studien.
713 2290 2884 2459 Von 88-93 Assistent a.d. allg. Poliklinik beim
701 2470 1709 2647 Vater (Laryngologie).
701 2630 2771 2760 Ausserdem Beschäftigung mit Hypnose und Sup-
701 2754 2912 2937 gestion. (Med. Arbeit: Behandlung der funktio-
696 2937 2104 3118 nellen Aphonie durch Hypnose)
707 3081 2813 3242 Aerztl. Praxis noch durch lange Zeit. Eigent-
690 3233 2154 3391 lich nie offiziell aufgegeben.
