3864 4824
693 503 2921 690 1. Auff. des Zyklus nicht in deutscher, sondern
702 653 2740 845 czechischer Sprache in Prag- Smichow, 1893.
693 854 2861 1015 1. Auff. des deutschen Zyklus erst 1910 Dezem-
676 980 2889 1141 ber, Wien Deutsch, Volksth., Berlin, Lessingth,
681 1262 2886 1472 Liebelei. Uraufführung Wien, Burgth. 9. Oktober
693 1475 992 1613 1895.
676 1581 2585 1774 Freiwild. Berlin Deutsch. Th. Nov. 96.
676 1757 2984 1909 Das Vermächtnis, Berlin, Deutsch. Th. Oktober 98.
687 1912 2855 2067 Parazelsus, Gefährtin und Kakadu, Wien Burgth.
676 2079 1239 2248 1. März 99.
681 2171 2757 2378 Schleier der Beatrice, Breslau Stadtt. 1900.
687 2369 2806 2564 Lebendige Stunden, Berlin Deutsch, Th., Jänner
690 2533 963 2677 1902.
681 2697 2993 2858 Der Ruppenspieler, Berlin,Deutsch. Th. Dez. 1903.
681 2829 2751 2990 Der tapfere Cassian Berlin, Kleines Th. 1904.
670 2987 2677 3194 Zwischenspiel, Wien, Burgth. Oktober 1905.
681 3154 2930 3303 Der Ruf des Lebens, 24. Feber 1906, Berlin, Les-
684 3289 1038 3462 singth.
