2904 3464
498 383 2275 636 lüdnig: Aeh so. Aber geben hat sie's doch
496 623 1038 766 meinetwegen.
498 675 2316 918 Die Fragödin: Arnes, unglücktiches Kind, du
501 869 1386 1006 hast es überstanden.
523 950 2471 1129 (zu Karl) Wenn sie mich schön bitten,so über-
505 1058 2407 1273 nehme ich morgen die polle. Das bin ich dem
503 1217 2331 1386 Theater schuldig. Der Schuft von Direktor-
518 1335 2488 1529 verdient es freilich nicht. Uebrigens war sie
520 1465 2061 1651 nicht besonders.Ein stilles Wasser.
557 1565 2486 1828 ndess ist der leichnan auf einer Bahre regst
528 1786 1158 1894 tragen worden.
567 1877 1112 2042 Leere Bühne.
528 1995 2390 2191 zim Schluss geht ein ziemlich verhungerter
528 2086 2348 2297 statist mit aufgestellten Kragen über die
532 2302 812 2454 Bühne.
