2984 3544
788 508 2648 659 Richärd: Ich habe noch zu tug. Aber später
784 621 2212 825 ins Cafs zu einer Fillardpartie.
793 749 2646 939 Ludnig: Adieu. Ich muss auf die Reise - auf
779 881 2562 1071 die Hochzeitsreise. Wie gefällt sie dir?
784 1057 2463 1199 Du findest wahrscheinlich, dass ich sie
774 1171 2597 1336 nicht verdiene? Wenn du mir doch etwas zu
770 1287 2588 1461 telographierenhättest...Venedig, Danieli.
781 1419 2578 1605 Richard! Nur wenn sie sich umgebracht ha-
774 1581 1259 1697 ben sollte.
779 1637 2558 1871 Eine schnester Richards, die sich für den
788 1832 1727 1992 Dichter interessiert?
774 1950 2472 2110 Karl fühlt, er ist zu schlecht für sie.
774 2075 2599 2258 Ein Gespräch zwischen Mathilde und dieser
770 2205 2147 2365 Schwester, Ereline ? Utuder Brüde.
770 2326 2629 2502 Antoinettens Vater ein sentimentaler Eyui-
761 2476 2527 2655 kerEr hat mit Richard ein Gespräch (frü-
774 2590 2412 2748 her), warnt ihn vor dem Hängenbleiben.
770 2715 2595 2901 Ihr jungen Menschen seid immer in der Ge-
774 2875 997 2998 fahr.
770 2961 2606 3154 Richard: Es konnt doch vor, dass sich eine
774 3142 1185 3242 umbringt.
