<?xml version="1.0" encoding="UTF-8" standalone="yes"?>
<PcGts xmlns="http://schema.primaresearch.org/PAGE/gts/pagecontent/2013-07-15" xmlns:xsi="http://www.w3.org/2001/XMLSchema-instance" xsi:schemaLocation="http://schema.primaresearch.org/PAGE/gts/pagecontent/2013-07-15 http://schema.primaresearch.org/PAGE/gts/pagecontent/2013-07-15/pagecontent.xsd">
    <Metadata>
        <Creator>prov=READ-COOP:name=PyLaia@TranskribusPlatform:version=2.7.0:model_id=50870:lm=none:date=22_01_2024_18:33</Creator>
        <Created>2023-09-27T14:35:08.657+02:00</Created>
        <LastChange>2024-01-22T18:33:55.988+01:00</LastChange>
        <TranskribusMetadata docId="1589033" pageId="60124081" pageNr="167" tsid="145632944" status="IN_PROGRESS" userId="40391" imgUrl="https://files.transkribus.eu/Get?id=YVOOJVSGNVJXYLAIIOCEALQG&amp;fileType=view" xmlUrl="https://files.transkribus.eu/Get?id=KYJOJBDNGRCEHEVJHJAROHIF" imageId="48549159"/>
    </Metadata>
    <Page imageFilename="1589033_0167.jpg" imageWidth="5448" imageHeight="3416">
        <ReadingOrder>
            <OrderedGroup id="ro_1711793427883" caption="Regions reading order">
                <RegionRefIndexed index="0" regionRef="tr_1"/>
                <RegionRefIndexed index="1" regionRef="tr_2"/>
            </OrderedGroup>
        </ReadingOrder>
        <TextRegion orientation="0.0" id="tr_1" custom="readingOrder {index:0;}">
            <Coords points="424,292 424,3189 2591,3189 2591,292"/>
            <TextLine id="tr_1_tl_1" custom="readingOrder {index:0;}">
                <Coords points="420,468 715,482 1024,389 1226,428 1396,377 1782,375 1927,443 2131,386 2267,440 2423,380 2423,306 2304,284 2094,315 1966,272 1734,329 1561,270 1319,321 1027,238 707,292 420,218"/>
                <Baseline points="435,388 534,382 634,376 734,382 834,382 933,380 1033,378 1133,382 1233,378 1332,372 1432,365 1532,364 1632,364 1731,365 1831,370 1931,373 2031,379 2130,382 2230,382 2330,382 2430,376"/>
                <TextEquiv>
                    <Unicode>Jage (mill d. 1.. 4. oin millet It</Unicode>
                </TextEquiv>
            </TextLine>
            <TextLine id="tr_1_tl_2" custom="readingOrder {index:1;}">
                <Coords points="516,550 769,533 934,610 1200,539 1441,568 1555,514 1884,514 2012,585 2364,545 2364,397 2261,445 2176,411 2015,445 1853,431 1779,375 1362,448 1277,417 1053,482 908,451 826,494 769,445 516,511"/>
                <Baseline points="531,537 627,528 724,525 821,529 918,526 1014,525 1111,525 1208,525 1305,519 1402,519 1498,516 1595,507 1692,504 1789,501 1886,505 1982,507 2079,511 2176,518 2273,519 2370,519"/>
                <TextEquiv>
                    <Unicode>mal jeng olnl en trr ti. (Ros</Unicode>
                </TextEquiv>
            </TextLine>
            <TextLine id="tr_1_tl_3" custom="readingOrder {index:2;}">
                <Coords points="420,726 531,687 882,692 1095,746 1353,721 1353,630 1203,636 1022,579 755,607 630,658 420,616"/>
                <Baseline points="435,686 481,686 527,686 573,686 620,686 666,683 712,681 759,684 805,686 851,686 898,686 944,686 990,686 1036,686 1083,686 1129,686 1175,684 1222,681 1268,680 1314,680 1361,686"/>
                <TextEquiv>
                    <Unicode>hr witel Slosr-</Unicode>
                </TextEquiv>
            </TextLine>
            <TextLine id="tr_1_tl_4" custom="readingOrder {index:3;}">
                <Coords points="448,908 658,854 763,897 1064,860 1285,919 1555,848 2020,829 2247,894 2389,874 2395,661 1867,777 1731,741 1146,763 1053,718 934,763 775,712 707,758 451,760"/>
                <Baseline points="465,871 561,856 658,853 755,848 852,848 948,843 1045,842 1142,842 1239,836 1335,836 1432,835 1529,830 1626,826 1722,818 1819,818 1916,818 2013,814 2109,821 2206,824 2303,824 2400,830"/>
                <TextEquiv>
                    <Unicode>se. bei voll nicht jage woll</Unicode>
                </TextEquiv>
            </TextLine>
            <TextLine id="tr_1_tl_5" custom="readingOrder {index:4;}">
                <Coords points="443,1004 670,1047 993,1010 1155,1050 1237,1013 1535,1058 1623,1019 1972,1053 2117,987 2227,1007 2227,905 1731,826 1566,891 1407,885 1266,959 1107,919 1041,968 917,928 443,925"/>
                <Baseline points="459,1003 547,1003 636,1004 725,1009 813,1009 902,1009 991,1009 1079,1009 1168,1009 1257,1008 1346,1003 1434,1003 1523,1003 1612,997 1700,991 1789,991 1878,991 1966,985 2055,979 2144,979 2233,973"/>
                <TextEquiv>
                    <Unicode>Weiwenn nochsauf de Notee¬</Unicode>
                </TextEquiv>
            </TextLine>
            <TextLine id="tr_1_tl_6" custom="readingOrder {index:5;}">
                <Coords points="411,1189 664,1214 800,1178 934,1254 1081,1189 1266,1240 1345,1206 1495,1266 1819,1172 2497,1175 2497,1050 2313,1010 2000,1115 1680,1067 1206,1101 1039,1039 783,1118 653,1081 559,1135 414,1135"/>
                <Baseline points="429,1188 532,1182 636,1177 739,1182 843,1179 947,1176 1050,1181 1154,1182 1258,1176 1361,1174 1465,1170 1569,1170 1672,1174 1776,1171 1880,1170 1983,1163 2087,1156 2191,1152 2294,1152 2398,1152 2502,1164"/>
                <TextEquiv>
                    <Unicode>er ed augebleitlich nicht in Moke</Unicode>
                </TextEquiv>
            </TextLine>
            <TextLine id="tr_1_tl_7" custom="readingOrder {index:6;}">
                <Coords points="409,1373 848,1356 936,1390 1328,1345 1461,1407 1563,1373 1671,1419 1847,1348 2171,1410 2338,1356 2500,1371 2503,1285 1856,1220 1691,1280 1467,1305 1365,1268 1197,1319 990,1217 794,1325 619,1260 409,1302"/>
                <Baseline points="424,1355 528,1360 632,1355 736,1349 840,1347 945,1346 1049,1349 1153,1344 1257,1343 1361,1337 1466,1339 1570,1337 1674,1331 1778,1331 1882,1325 1987,1319 2091,1319 2195,1319 2299,1319 2403,1334 2508,1331"/>
                <TextEquiv>
                    <Unicode>ist. uller eizuu seilne nu</Unicode>
                </TextEquiv>
            </TextLine>
            <TextLine id="tr_1_tl_8" custom="readingOrder {index:7;}">
                <Coords points="497,1592 647,1569 715,1603 868,1515 1118,1552 1413,1510 1720,1583 1898,1524 2097,1558 2171,1518 2267,1563 2418,1532 2418,1447 2017,1402 1714,1458 1626,1410 1280,1385 1121,1433 945,1390 735,1464 582,1410 497,1436"/>
                <Baseline points="513,1522 608,1522 704,1517 799,1520 895,1510 990,1510 1086,1510 1181,1510 1277,1510 1372,1510 1468,1506 1564,1504 1659,1504 1755,1504 1850,1504 1946,1504 2041,1504 2137,1505 2232,1509 2328,1506 2424,1522"/>
                <TextEquiv>
                    <Unicode>hege Sie vortrat nin mitkonge</Unicode>
                </TextEquiv>
            </TextLine>
            <TextLine id="tr_1_tl_9" custom="readingOrder {index:8;}">
                <Coords points="511,1702 633,1680 672,1694 690,1685 704,1702 729,1680 806,1691 882,1680 882,1651 803,1643 724,1595 650,1612 602,1575 528,1640 511,1640"/>
                <Baseline points="525,1684 551,1683 577,1681 603,1679 629,1678 655,1678 681,1678 707,1678 733,1678 759,1678 785,1678 811,1678 837,1678 863,1678 889,1678"/>
                <TextEquiv>
                    <Unicode>dene</Unicode>
                </TextEquiv>
            </TextLine>
            <TextLine id="tr_1_tl_10" custom="readingOrder {index:9;}">
                <Coords points="516,1830 780,1805 936,1870 1178,1790 2230,1870 2352,1790 2494,1793 2497,1620 2313,1677 2182,1651 2083,1702 1623,1654 1444,1725 1124,1651 780,1751 619,1708 516,1737"/>
                <Baseline points="531,1815 629,1808 728,1803 826,1803 925,1801 1023,1791 1122,1785 1220,1789 1319,1786 1417,1790 1516,1797 1615,1797 1713,1795 1812,1785 1910,1785 2009,1788 2107,1791 2206,1791 2304,1786 2403,1785 2502,1785"/>
                <TextEquiv>
                    <Unicode>Bu+ 13. 1. Ich kn. von Ihr</Unicode>
                </TextEquiv>
            </TextLine>
            <TextLine id="tr_1_tl_11" custom="readingOrder {index:10;}">
                <Coords points="550,1981 911,2003 1115,1952 1524,1961 1544,1836 1146,1805 894,1881 684,1864 550,1941"/>
                <Baseline points="567,1970 618,1966 670,1963 721,1959 773,1960 824,1964 876,1961 927,1957 979,1954 1030,1952 1082,1952 1133,1950 1185,1946 1236,1946 1288,1946 1339,1946 1391,1946 1442,1946 1494,1948 1546,1952"/>
                <TextEquiv>
                    <Unicode>1egl  1</Unicode>
                </TextEquiv>
            </TextLine>
            <TextLine id="tr_1_tl_12" custom="readingOrder {index:11;}">
                <Coords points="494,2188 789,2156 1090,2213 1178,2154 1368,2176 1566,2105 1839,2114 1932,2066 2298,2111 2384,2077 2389,1989 2208,1944 2040,2003 1895,1910 1685,1912 1388,2000 1118,1952 1010,2003 846,1978 499,2026"/>
                <Baseline points="513,2120 606,2126 700,2126 794,2126 888,2126 981,2124 1075,2116 1169,2103 1263,2096 1356,2093 1450,2087 1544,2081 1638,2078 1731,2078 1825,2074 1919,2067 2013,2066 2106,2061 2200,2055 2294,2060 2388,2072"/>
                <TextEquiv>
                    <Unicode>Gegromen Ich linn ken Vrgaben den</Unicode>
                </TextEquiv>
            </TextLine>
            <TextLine id="tr_1_tl_13" custom="readingOrder {index:12;}">
                <Coords points="593,2304 675,2293 709,2313 758,2287 880,2315 922,2290 982,2318 1073,2318 1075,2202 1047,2191 931,2168 877,2193 775,2168 596,2185"/>
                <Baseline points="609,2287 635,2285 661,2283 687,2282 713,2281 739,2281 766,2281 792,2281 818,2279 844,2277 870,2275 896,2275 923,2275 949,2275 975,2276 1001,2277 1027,2279 1053,2281 1080,2287"/>
                <TextEquiv>
                    <Unicode>te coerl</Unicode>
                </TextEquiv>
            </TextLine>
            <TextLine id="tr_1_tl_14" custom="readingOrder {index:13;}">
                <Coords points="488,2480 687,2517 789,2466 1024,2517 1371,2409 1683,2412 1694,2208 1634,2199 1124,2332 922,2290 786,2330 499,2296"/>
                <Baseline points="507,2436 566,2436 625,2436 684,2436 743,2436 802,2436 861,2436 921,2433 980,2430 1039,2426 1098,2424 1157,2423 1216,2415 1275,2412 1335,2411 1394,2404 1453,2398 1512,2394 1571,2390 1630,2386 1690,2382"/>
                <TextEquiv>
                    <Unicode>dru. (laht eo No</Unicode>
                </TextEquiv>
            </TextLine>
            <TextLine id="tr_1_tl_15" custom="readingOrder {index:14;}">
                <Coords points="576,2704 831,2639 948,2681 1234,2642 1589,2662 1714,2605 2057,2690 2247,2645 2338,2681 2418,2667 2423,2483 2012,2491 1912,2449 1771,2497 1651,2449 1490,2511 877,2511 789,2554 579,2506"/>
                <Baseline points="591,2657 682,2654 774,2641 865,2622 957,2615 1049,2615 1140,2603 1232,2597 1324,2601 1415,2599 1507,2602 1599,2603 1690,2598 1782,2602 1874,2603 1965,2598 2057,2597 2149,2603 2240,2597 2332,2591 2424,2603"/>
                <TextEquiv>
                    <Unicode>Jog H I. 1. 2. 3. (pil caides ter</Unicode>
                </TextEquiv>
            </TextLine>
            <TextLine id="tr_1_tl_16" custom="readingOrder {index:15;}">
                <Coords points="604,2826 675,2812 814,2900 917,2843 1098,2855 1195,2795 1353,2815 1351,2650 882,2687 817,2650 604,2724"/>
                <Baseline points="621,2782 658,2782 695,2782 732,2782 769,2782 806,2782 843,2779 880,2777 917,2776 954,2776 991,2777 1028,2779 1065,2782 1102,2782 1139,2782 1176,2784 1213,2789 1250,2794 1287,2794 1324,2794 1361,2788"/>
                <TextEquiv>
                    <Unicode>d Gree tin)</Unicode>
                </TextEquiv>
            </TextLine>
            <TextLine id="tr_1_tl_17" custom="readingOrder {index:16;}">
                <Coords points="619,3047 712,3019 851,3059 979,2979 1180,2971 1325,3022 1450,2960 1603,2957 1739,3042 1847,3033 1958,3116 2122,3011 2551,2974 2591,2877 2506,2843 2409,2869 2352,2826 2219,2900 2006,2795 1702,2818 1498,2900 1195,2798 1030,2908 919,2920 715,2855 621,2889"/>
                <Baseline points="633,2986 730,2985 828,2978 926,2976 1024,2974 1122,2968 1220,2968 1318,2963 1416,2962 1514,2956 1612,2956 1709,2950 1807,2950 1905,2952 2003,2956 2101,2953 2199,2950 2297,2950 2395,2950 2493,2950 2591,2956"/>
                <TextEquiv>
                    <Unicode>ken. Au suci citiratilihen diete</Unicode>
                </TextEquiv>
            </TextLine>
            <TextLine id="tr_1_tl_18" custom="readingOrder {index:17;}">
                <Coords points="672,3215 797,3232 1024,3164 1405,3215 1609,3152 1819,3195 1941,3164 2077,3212 2225,3135 2321,3178 2471,3133 2523,3169 2571,3141 2574,3008 2503,3039 2242,3008 2071,3084 1915,3019 1742,3045 1575,2985 1518,3019 1189,3008 1098,3056 1019,3013 854,3056 675,3033"/>
                <Baseline points="688,3151 782,3153 877,3147 971,3153 1066,3152 1160,3147 1255,3147 1349,3145 1444,3139 1538,3137 1633,3138 1728,3138 1822,3131 1917,3127 2011,3125 2106,3123 2200,3123 2295,3123 2389,3123 2484,3123 2579,3123"/>
                <TextEquiv>
                    <Unicode>seg Mhren sach u int a</Unicode>
                </TextEquiv>
            </TextLine>
            <TextEquiv>
                <Unicode></Unicode>
            </TextEquiv>
        </TextRegion>
        <TextRegion orientation="0.0" id="tr_2" custom="readingOrder {index:1;}">
            <Coords points="2914,258 2914,3131 5249,3131 5249,258"/>
            <TextLine id="tr_2_tl_1" custom="readingOrder {index:0;}">
                <Coords points="2897,383 3013,428 3133,389 3269,448 3428,377 3859,343 4069,392 4713,386 4753,349 5178,383 5178,227 4912,270 4795,207 4639,196 4537,258 4458,199 4194,281 3992,233 3663,238 3609,275 3439,267 3306,204 3124,241 3013,182 2897,190"/>
                <Baseline points="2914,340 3027,340 3140,337 3254,334 3367,334 3481,334 3594,330 3708,323 3821,323 3935,328 4048,328 4161,328 4275,329 4388,331 4502,328 4615,328 4729,332 4842,328 4956,333 5069,340 5183,346"/>
                <TextEquiv>
                    <Unicode>Sef. June in de angeomm de u</Unicode>
                </TextEquiv>
            </TextLine>
            <TextLine id="tr_2_tl_2" custom="readingOrder {index:1;}">
                <Coords points="2988,553 3379,582 3870,502 4075,545 4654,525 4787,570 5039,514 5116,539 5116,454 4662,358 4441,403 3425,377 3289,448 2988,423"/>
                <Baseline points="3003,495 3109,495 3215,495 3321,498 3427,501 3533,496 3639,495 3745,495 3851,495 3957,499 4063,496 4169,495 4275,501 4381,501 4487,494 4593,489 4699,489 4805,483 4911,483 5017,483 5124,495"/>
                <TextEquiv>
                    <Unicode>wiert vatert Horn zoteken |</Unicode>
                </TextEquiv>
            </TextLine>
            <TextLine id="tr_2_tl_3" custom="readingOrder {index:2;}">
                <Coords points="2977,743 3260,687 3436,726 3550,695 3618,741 3938,675 4077,721 4245,664 4461,661 4600,709 4651,681 4654,536 3992,545 3913,502 3130,619 2979,562"/>
                <Baseline points="2991,662 3074,668 3157,668 3241,668 3324,667 3407,662 3491,656 3574,656 3657,651 3741,655 3824,656 3907,656 3991,656 4074,656 4157,656 4241,654 4324,652 4407,656 4491,656 4574,656 4658,656"/>
                <TextEquiv>
                    <Unicode>Sieseeklamn lenfeerten.</Unicode>
                </TextEquiv>
            </TextLine>
            <TextLine id="tr_2_tl_4" custom="readingOrder {index:3;}">
                <Coords points="3016,860 3391,829 3538,874 3669,823 3748,882 4168,814 4673,914 4761,877 4994,902 5147,837 5147,758 4906,738 4824,780 4625,695 4432,701 4364,752 4208,712 4063,780 3859,687 3601,743 3016,729"/>
                <Baseline points="3033,848 3139,839 3245,836 3351,825 3457,824 3563,823 3669,818 3775,811 3881,806 3987,818 4093,817 4199,812 4305,809 4411,810 4517,807 4623,806 4729,806 4835,809 4941,812 5047,827 5153,830"/>
                <TextEquiv>
                    <Unicode>Ab tuwernalt. Ii Iberureng.</Unicode>
                </TextEquiv>
            </TextLine>
            <TextLine id="tr_2_tl_5" custom="readingOrder {index:4;}">
                <Coords points="2985,1075 3169,1053 3252,1087 3388,1039 3589,1092 3686,1033 3833,1084 4018,1050 4106,1092 4214,1007 4648,1073 4872,990 5028,1022 5028,894 4832,877 4756,917 4554,882 4350,951 4219,905 3967,945 3839,871 3726,922 3615,874 3280,939 2988,899"/>
                <Baseline points="3003,997 3104,1000 3206,1003 3307,1003 3409,1003 3510,1009 3612,1004 3713,1006 3815,997 3916,997 4018,997 4120,997 4221,1003 4323,1003 4424,995 4526,983 4627,979 4729,979 4830,979 4932,984 5034,991"/>
                <TextEquiv>
                    <Unicode>Frac Der Rimmtcor. Menler</Unicode>
                </TextEquiv>
            </TextLine>
            <TextLine id="tr_2_tl_6" custom="readingOrder {index:5;}">
                <Coords points="3050,1274 4248,1152 4784,1183 4852,1146 4977,1195 5031,1101 4438,1064 4253,1115 3953,1058 3669,1121 3462,1050 3144,1155 3053,1129"/>
                <Baseline points="3069,1188 3167,1187 3265,1180 3363,1174 3462,1170 3560,1170 3658,1166 3756,1160 3855,1158 3953,1158 4051,1152 4149,1152 4248,1152 4346,1152 4444,1152 4542,1152 4641,1148 4739,1146 4837,1146 4935,1146 5034,1158"/>
                <TextEquiv>
                    <Unicode>wen he miscelcimine wei</Unicode>
                </TextEquiv>
            </TextLine>
            <TextLine id="tr_2_tl_7" custom="readingOrder {index:6;}">
                <Coords points="3047,1382 3175,1422 3649,1351 3808,1379 3913,1444 3919,1217 3836,1260 3726,1234 3521,1294 3459,1251 3297,1248 3226,1297 3050,1311"/>
                <Baseline points="3063,1361 3106,1361 3149,1361 3192,1361 3235,1361 3278,1361 3321,1358 3364,1352 3407,1349 3450,1349 3493,1348 3536,1345 3579,1343 3622,1343 3665,1342 3708,1339 3751,1337 3794,1340 3837,1343 3880,1337 3923,1331"/>
                <TextEquiv>
                    <Unicode>noch sicert das</Unicode>
                </TextEquiv>
            </TextLine>
            <TextLine id="tr_2_tl_8" custom="readingOrder {index:7;}">
                <Coords points="3056,1606 3201,1620 3493,1512 3816,1544 4191,1487 4500,1512 4608,1467 4832,1521 5056,1478 5167,1512 5173,1353 4940,1305 4432,1317 4134,1410 4015,1371 3896,1444 3816,1385 3521,1396 3385,1470 3064,1396"/>
                <Baseline points="3075,1522 3180,1512 3285,1510 3390,1510 3495,1510 3600,1510 3705,1507 3810,1500 3915,1493 4020,1481 4126,1473 4231,1472 4336,1475 4441,1470 4546,1463 4651,1450 4756,1445 4861,1442 4966,1439 5071,1444 5177,1451"/>
                <TextEquiv>
                    <Unicode>Felge. Ein Hill Cicalolepart mist</Unicode>
                </TextEquiv>
            </TextLine>
            <TextLine id="tr_2_tl_9" custom="readingOrder {index:8;}">
                <Coords points="4571,1615 4625,1626 4679,1600 4764,1634 4829,1580 4926,1566 5062,1572 5108,1609 5241,1595 5244,1544 5102,1493 4966,1521 4923,1498 4880,1524 4580,1464"/>
                <Baseline points="4586,1606 4619,1600 4652,1598 4685,1596 4718,1594 4751,1591 4784,1589 4818,1585 4851,1578 4884,1571 4917,1568 4950,1566 4983,1564 5016,1564 5050,1564 5083,1565 5116,1567 5149,1569 5182,1570 5215,1570 5249,1570"/>
                <TextEquiv>
                    <Unicode>Lbist v Veckele.</Unicode>
                </TextEquiv>
            </TextLine>
            <TextLine id="tr_2_tl_10" custom="readingOrder {index:9;}">
                <Coords points="3099,1754 3175,1711 3286,1754 3351,1711 3518,1734 4180,1660 4741,1697 5193,1671 5190,1600 5017,1569 4605,1623 4432,1507 4140,1583 3975,1563 3283,1671 3104,1660"/>
                <Baseline points="3117,1713 3221,1709 3325,1702 3429,1708 3533,1703 3638,1696 3742,1692 3846,1679 3950,1672 4054,1670 4159,1658 4263,1651 4367,1648 4471,1653 4575,1666 4680,1666 4784,1660 4888,1645 4992,1642 5096,1642 5201,1642"/>
                <TextEquiv>
                    <Unicode>-- vit aller en srautumn vbe</Unicode>
                </TextEquiv>
            </TextLine>
            <TextLine id="tr_2_tl_11" custom="readingOrder {index:10;}">
                <Coords points="3547,1788 3606,1805 3711,1773 3808,1807 3862,1771 3916,1782 3944,1762 4004,1810 4097,1756 4174,1762 4180,1680 4109,1694 4075,1666 3836,1711 3811,1691 3717,1714 3686,1694 3553,1705"/>
                <Baseline points="3565,1773 3595,1775 3626,1778 3657,1777 3688,1773 3718,1769 3749,1767 3780,1767 3811,1767 3841,1764 3872,1760 3903,1756 3934,1755 3964,1755 3995,1755 4026,1753 4057,1751 4087,1749 4118,1749 4149,1749 4180,1749"/>
                <TextEquiv>
                    <Unicode>sie wiei dasit</Unicode>
                </TextEquiv>
            </TextLine>
            <TextLine id="tr_2_tl_12" custom="readingOrder {index:11;}">
                <Coords points="3036,1921 3459,1930 3632,1861 4134,1830 4370,1870 4424,1822 4500,1859 4591,1810 5105,1827 5110,1688 5054,1663 4875,1731 4671,1668 4381,1768 4095,1756 4004,1813 3941,1762 3873,1816 3711,1773 3601,1822 3416,1751 3274,1793 3045,1762"/>
                <Baseline points="3051,1905 3154,1902 3257,1885 3360,1878 3463,1871 3566,1865 3669,1858 3772,1851 3875,1849 3978,1837 4081,1833 4184,1829 4287,1827 4390,1816 4493,1803 4596,1802 4699,1799 4802,1803 4905,1807 5008,1814 5112,1815"/>
                <TextEquiv>
                    <Unicode>e. Sie wit mit aberai p rubpinante</Unicode>
                </TextEquiv>
            </TextLine>
            <TextLine id="tr_2_tl_13" custom="readingOrder {index:12;}">
                <Coords points="3567,1944 3751,1964 3887,1924 4069,1972 4129,1932 4702,1918 4673,1850 4373,1876 4140,1827 3570,1890"/>
                <Baseline points="3583,1928 3639,1928 3695,1928 3752,1926 3808,1923 3865,1919 3921,1916 3977,1912 4034,1914 4090,1917 4147,1913 4203,1911 4259,1911 4316,1907 4372,1902 4429,1895 4485,1893 4541,1893 4598,1893 4654,1893 4711,1893"/>
                <TextEquiv>
                    <Unicode>de dehnich Ribt ver-</Unicode>
                </TextEquiv>
            </TextLine>
            <TextLine id="tr_2_tl_14" custom="readingOrder {index:13;}">
                <Coords points="3090,2088 3317,2108 3379,2063 3612,2083 3788,2043 3981,2069 4058,2017 4401,2060 4486,2012 4863,2034 4923,2012 4929,1910 4546,1901 4361,1958 4165,1930 3930,1986 3833,1932 3635,1981 3362,1921 3096,1978"/>
                <Baseline points="3105,2060 3196,2060 3287,2056 3379,2054 3470,2054 3561,2054 3653,2045 3744,2038 3835,2031 3927,2025 4018,2015 4109,2017 4201,2008 4292,1996 4383,1994 4475,1989 4566,1983 4657,1982 4749,1976 4840,1982 4932,1976"/>
                <TextEquiv>
                    <Unicode>is. telten, enans</Unicode>
                </TextEquiv>
            </TextLine>
            <TextLine id="tr_2_tl_15" custom="readingOrder {index:14;}">
                <Coords points="3099,2270 3504,2222 3672,2279 3921,2202 4208,2227 4463,2159 4631,2196 4750,2154 5159,2185 5167,2032 4619,2017 4486,2077 4069,2015 3833,2148 3626,2100 3459,2179 3104,2131"/>
                <Baseline points="3117,2227 3219,2231 3321,2227 3424,2224 3526,2221 3629,2216 3731,2209 3833,2208 3936,2197 4038,2195 4141,2188 4243,2185 4345,2175 4448,2161 4550,2159 4653,2151 4755,2152 4857,2149 4960,2149 5062,2154 5165,2167"/>
                <TextEquiv>
                    <Unicode>dwe Abwentrerschde die Kelle |</Unicode>
                </TextEquiv>
            </TextLine>
            <TextLine id="tr_2_tl_16" custom="readingOrder {index:15;}">
                <Coords points="3121,2426 3351,2477 3595,2403 3876,2423 4046,2386 4095,2418 4296,2378 4492,2437 4671,2369 5170,2372 5173,2304 4963,2230 4883,2267 4534,2213 4131,2307 3771,2244 3598,2315 3516,2273 3127,2301"/>
                <Baseline points="3141,2388 3242,2396 3344,2397 3446,2398 3548,2395 3650,2388 3751,2388 3853,2387 3955,2380 4057,2376 4159,2376 4260,2371 4362,2365 4464,2358 4566,2356 4668,2347 4769,2344 4871,2344 4973,2347 5075,2351 5177,2358"/>
                <TextEquiv>
                    <Unicode>ange. he Bollen inde St Nin</Unicode>
                </TextEquiv>
            </TextLine>
            <TextLine id="tr_2_tl_17" custom="readingOrder {index:16;}">
                <Coords points="3090,2602 3842,2574 3916,2616 4165,2568 4466,2613 4608,2568 4668,2613 4846,2554 5173,2585 5176,2466 5085,2435 5005,2497 4747,2420 4546,2454 4225,2420 4097,2486 3831,2401 3663,2488 3578,2449 3501,2483 3093,2449"/>
                <Baseline points="3105,2579 3208,2579 3312,2579 3415,2579 3519,2576 3623,2577 3726,2579 3830,2573 3933,2568 4037,2573 4141,2570 4244,2567 4348,2563 4451,2562 4555,2556 4659,2555 4762,2550 4866,2547 4969,2544 5073,2549 5177,2550"/>
                <TextEquiv>
                    <Unicode>cholle Ihr e Kormiseen geracht mann.</Unicode>
                </TextEquiv>
            </TextLine>
            <TextLine id="tr_2_tl_18" custom="readingOrder {index:17;}">
                <Coords points="3096,2772 3218,2727 3362,2767 3584,2744 3626,2781 3714,2744 4146,2778 4722,2741 4810,2795 4886,2755 5193,2761 5193,2576 5085,2565 4858,2610 4503,2579 4364,2656 4052,2630 3870,2696 3606,2596 3419,2659 3096,2613"/>
                <Baseline points="3111,2717 3215,2718 3320,2725 3424,2729 3529,2737 3633,2736 3738,2741 3842,2741 3947,2741 4051,2741 4156,2737 4260,2740 4365,2741 4469,2735 4574,2735 4678,2732 4783,2729 4887,2734 4992,2735 5096,2735 5201,2741"/>
                <TextEquiv>
                    <Unicode>Sie de Bolleinsene Stock. d Liickl</Unicode>
                </TextEquiv>
            </TextLine>
            <TextLine id="tr_2_tl_19" custom="readingOrder {index:18;}">
                <Coords points="3138,2957 3243,2914 3496,2977 3626,2920 3902,2940 3987,2891 4336,2945 4412,2925 4418,2744 4174,2803 3927,2744 3513,2803 3431,2758 3257,2781 3144,2744"/>
                <Baseline points="3153,2920 3216,2917 3279,2912 3342,2908 3406,2908 3469,2908 3532,2907 3596,2903 3659,2902 3722,2902 3786,2902 3849,2902 3912,2898 3975,2890 4039,2890 4102,2890 4165,2890 4229,2890 4292,2886 4355,2884 4419,2884"/>
                <TextEquiv>
                    <Unicode>grachgegel betl.</Unicode>
                </TextEquiv>
            </TextLine>
            <TextLine id="tr_2_tl_20" custom="readingOrder {index:19;}">
                <Coords points="4642,2960 4665,2968 4710,2951 4747,2965 4787,2954 4815,2968 4849,2951 4892,2960 4951,2934 4951,2772 4920,2761 4861,2775 4844,2792 4761,2789 4724,2815 4642,2795"/>
                <Baseline points="4658,2908 4685,2908 4712,2908 4739,2908 4766,2908 4793,2908 4820,2908 4847,2908 4874,2908 4901,2908 4928,2908 4956,2908"/>
                <TextEquiv>
                    <Unicode>e</Unicode>
                </TextEquiv>
            </TextLine>
            <TextLine id="tr_2_tl_21" custom="readingOrder {index:20;}">
                <Coords points="3152,3152 3567,3107 3723,3138 3944,3073 4083,3121 4336,3121 4812,3056 5054,3113 5059,2954 4985,2994 4912,2951 4574,2928 4435,2971 4077,2897 3598,2996 3266,2917 3161,2940"/>
                <Baseline points="3171,3099 3265,3088 3360,3087 3454,3081 3549,3081 3644,3081 3738,3081 3833,3079 3928,3075 4022,3073 4117,3066 4212,3060 4306,3057 4401,3057 4496,3053 4590,3047 4685,3045 4780,3045 4874,3045 4969,3051 5064,3051"/>
                <TextEquiv>
                    <Unicode>Ingendetcom tuter de Sta paben</Unicode>
                </TextEquiv>
            </TextLine>
            <TextEquiv>
                <Unicode></Unicode>
            </TextEquiv>
        </TextRegion>
    </Page>
</PcGts>
