3016 3544
421 745 587 874 Mon
307 816 636 1025 Aidt 1
1218 433 1753 618 Zweite Siene
679 589 2562 801 Das Absteiequartier bei der Baronin.Kürzes
687 738 2618 962 Gespräch zwischen Baronin und Stubenmädchen?
689 896 1678 1081 Die, Baronin heizt ein-
709 996 2598 1230 Franzl tritt ein,genz beschneit Man hat sie
692 1137 1756 1356 wieder einmal verfolgt.
694 1271 2406 1498 Baronin: Hoffentlichnicht bis hieher?
718 1383 2676 1619 Franzl: Wein, ich verstehe schon zu verschiin-
1899 1568 2630 1736 in hi sa nenetglüfe
704 1600 906 1743 den.
1118 1627 1802 1731 le ceticen civrgrt
718 1663 2481 1819 Baronin spricht von ihrer Vergangenheit,
721 1775 2416 1987 erzählt irgend eine Geschichte von der
730 1890 2557 2101 Riviera, von ihrem Mann: er hat eine Vier-
730 2043 2481 2255 telmillion gewonnen, am nächsten Tag die
733 2167 2554 2374 ganze Sunme verloren, sich erschossen.Deu-
740 2313 2564 2515 tst weitere Erlebnisse an.Ein wahrer po-
735 2408 2518 2644 nan. Wie ineinen Theaterstück-Ehdlich
740 2549 2537 2759 entweder verrät sie sich oder sie bringt
750 2674 2632 2905 es absichtlich vor, dass sie gestern Franzt
755 2798 2552 3032 Theaterspielen gesehen hat, leider nur in
1724 2922 2540 3102 Frl. no termunt pon.
1953 3005 2143 3105 eit
765 2995 1658 3161 einer kleinen Rolle.
769 3061 2549 3299 Franzi: In einer grösseren wäre kaun mög
