2920 3560
543 298 959 470 Unertritteen
1496 352 2399 556 Erkem der Tar, d
478 486 2444 704 nigenseu Uinterbringen Rudolf felerte seine
1789 629 2224 709 den colisa
1263 631 1692 723 demshabl
484 647 2611 827 Hochzeit, Max war dazu geladen. Ehe er mit seiner
2256 763 2407 849 der
1131 763 1563 846 inder Hectersin
486 801 2539 951 Braut- verschwand,nahm er den Freund unterm Arm
2042 886 2326 970 erein
1590 889 1878 994 Gerlorch
489 916 2487 1077 zu letzten vertraulichen Ergüssen. Fr gestand
669 1015 1708 1104 dierum mit einem Guimn
481 1037 2563 1220 ihm gegar, dass er sich nach Minni wieder sehne,
502 1158 2573 1335 gab ihm den Auftrag Nachforschungen hach ihr zu
1456 1276 1845 1365 kei Keb
1088 1284 1308 1359 neit
489 1287 2560 1464 pflegen und verhehlte seine Ueberzeugung nicht,
809 1408 1507 1507 ete cimleicle ve
478 1424 2477 1614 dass er sie wiedergewinnen würde, an won immer
492 1547 2576 1727 sie jetzt gebunden sei und dass sie sich gewiss
768 1668 1655 1746 er uid gesille cane
486 1706 2533 1862 nicht einmal dagegen wehren würde, neben seiner
486 1786 2552 1991 Frau die Kolle seiner Geliebten zu spielen(In-
1542 1923 2050 2009 veurhtel et
1128 1929 1383 2009 trachle
475 1926 2544 2117 diesem Abend vernechte es Maß nicht mehrsWinnt
478 2068 2611 2254 aufzusuchen. In einem Brief, darin alle seine. Lie-
486 2205 2573 2377 be und seine Qual zusammengepresst mar,tälte er-
492 2324 2388 2471 ihr don Inhalt seines Gespräches mit Rudolf
1539 2442 1880 2525 bleden Not
752 2450 1397 2528 ih da heulun
475 2469 2490 2641 mit, und schloss mit Wörten des Hohns, dass sie
489 2592 2541 2761 sich nicht ihrem Schwure folgend schon nachdem
2192 2673 2603 2775 lieh iese
465 2716 2624 2898 Rudolf sie verlassen, ungebracht habe. Er stellte
484 2837 2396 2992 ihr am Ende die Mahl, ob sie Rudolfs Antrag
467 2974 2614 3181 annehmen oder sich lieber nach einem neuen Lieb-
