2920 3560
643 545 1870 696 wen immer sie gebunden sei.
670 648 2528 836 Max verzweifelt schreibt seiner Geliebten,
672 793 2521 954 schliesst mit höhnischen Worten,nimmt end-
680 909 1827 1082 giltigen Abschied von ihr:
668 1029 2571 1205 Die Antwort am Tag drauf: Sie kann nur wie-
668 1193 2403 1342 derholen Rudolfs Bild sei vöklig ausge-
680 1289 2528 1477 löscht, aber freilich müsse siie nun endgil-
672 1422 2564 1591 tig die Hoffnung aufgeben Max jemals zu be-
668 1547 2564 1735 ruhigen. Es gäbe nur ein Mittel ihn von ih-
660 1677 2596 1858 rer Liebe zu überzeugen und dieses wähle sie
672 1820 1759 1964 jetzt. Sie gehe sterben.
670 1947 2603 2140 Wax findet sie nicht mehr. Sie ist verschwun-
663 2097 865 2224 den:
670 2169 2516 2359 Max beginnt zu glauben, dass sie in den Ar-
668 2357 2128 2497 men eines Dritton Trost gefunden.
656 2463 2538 2624 Eines Tags wird ihr Leichnam aus der Donau-
672 2634 1058 2738 gezogen.
670 2706 2490 2897 Rudolf erfährt es aus der Zeitung, eilt zu
660 2853 2477 3015 Max. Klagt sich selbstgefällig als Ursache
663 2964 1338 3181 ihres Rodes an.
