2904 3496
731 489 2379 651 mans an. Sie sind geboren, um glücklich
727 631 1101 733 zu sein.
724 736 2383 923 Richard: Sie wollten was anderes sa-
731 903 928 1003 gen.
733 992 2413 1195 Karl: Glücklich sein. Nieso was ande-
731 1154 928 1275 res?
727 1268 2429 1444 Richard: Um betrogen zu werden, wollten
736 1396 1204 1524 Sie sagen.
738 1490 2438 1677 Farl: Das ist ja das Glück.Nur dahinter
733 1645 2290 1810 kommen, das ist das Unglück.Anfangs,
727 1775 1241 1901 heisst das.
861 1874 2621 1988 In den jelticme der serpriet die Billintpuli wecb
736 1958 2420 2107 Die Billardpartie ist zu Ende, die jün-
738 2066 2374 2278 gen Leute setzen sich noch eine Weile
733 2207 2390 2354 zu Karl und pichard.Ein Gespräch zyni.
745 2324 2408 2504 scher, ja ordinärer Art über irgend ei-
736 2450 2418 2614 ne Schauspielerin. Man will noch in ir-
1958 2577 2397 2664 Jede iit zu haben
743 2580 2575 2779 gend ein Vergnügungslokal. " Im mitui hement¬
731 2726 2379 2888 Die Arei Anderen gehen,Richard blebbt
736 2843 2420 3025 zurück. Er lässt sich Schreibpapier und
743 2984 2258 3128 Tinte bringen. Er will Franzi einen
736 3085 2386 3286 Abschiedsbrief schreiben. Denn es gibt
