2952 3560
749 427 2532 638 Er wäre auch hier nicht, wäre ludnig nicht
758 611 1597 766 sein bester Freund.
755 691 2468 928 Die Mutter Mathildens zeigt sich flüch-
742 895 961 1061 418.
764 950 2443 1143 Die Meisten entfernen sich allmählich.
777 1105 2410 1289 Wie Richard gehen will;nimmt ihn Lud-
775 1274 1575 1422 wig unter dem Arm.
773 1351 2374 1568 Ludwig: Ich habe eine Bitté an dich.
784 1488 2516 1670 Kümmere dich um Franzi.Sie hat mir ge--
786 1613 2432 1830 schworen,es ist allerdings lange her,
797 1708 2554 1925 sich an meinem Hochzeitstag unzubringen
795 1861 2532 2049 Ich weiss gar nichts von ihr.Sehe ihren
800 1989 2436 2188 Nammen wohl auf den Theaterzettöln.Ich
806 2133 1985 2304 glaube ja auch nicht dran.
815 2244 2496 2470 Richard: Ich habe Franzi mindestens so
822 2379 2494 2589 lange nicht gesehen wie du.Sonderbarer
817 2523 2421 2709 Auf trag. Wenn sie sich umbringt, wirst
824 2687 1593 2820 du’s ja erfahren.
835 2784 2439 2981 Ludwig: Soll ich dir was gestehen.So.
839 2891 2598 3094 sehr ich meine Freu liebe, ich sohne nich
839 3026 2534 3238 nach Franzi.Solche Dinge hören eigent-
