2968 3560
2318 420 2448 524 44
702 569 1426 731 eins von beiden.
705 629 2453 833 Ludwig: Ich glaub es natürlich nicht im
2318 745 2577 842 Wortten
702 792 2460 951 Erust. Aber, du magst mich für einen Ver-
700 911 2581 1089 brecher halten, ich schad mich nach ihr, ge-
712 1027 2543 1227 rade heute. Wenn ich wieder zurückkomme,si
702 1193 1801 1343 muss wieder mir gehören.
1535 1295 1820 1405 sergent
1326 1314 1483 1407 Als
712 1307 2418 1490 Rickard: Auch wenn sie sichumgebracht
721 1502 1015 1668 hat..
733 1578 2622 1734 Ludwig: Auch wenn sie ein Dutzend liebhaber
1594 1689 2119 1862 (Auh Demernt
724 1722 1544 1915 seithergehabt hat.
731 1836 2636 2000 Richard: Dy. überschätzt sie wahrscheinlich
1426 1962 1725 2045 der uir
740 1969 2600 2128 Ludwig: Eigentlich glaub ich es gar nicht.
735 2078 2451 2256 Das ist vielleicht geckönhaft, aber ich
735 2209 2368 2384 kann es nicht glauben. Und wenn auch-
740 2351 2622 2584 Wirst du mir telegraphieren, wenu dud etwas
743 2527 1400 2702 erfahren hast?
743 2598 2588 2800 Richard: Ich muss dich bitten, dir hiefür
754 2724 2292 2925 einen anderen Boten zu engagieren.
759 2880 2543 3042 Karl: (trikt hinzu) (zu Ludwig) Werden sie
757 3027 2437 3196 zu meiner Preniere schon zurück sein?
790 3160 2214 3362 (zu Richardl konnen sie mit wir?
