2888 3448
572 413 848 552 nicht.
2389 495 2551 679 heu-
574 500 2295 709 Die Schauspieler, die Theaterarbeiter, un
577 676 1551 843 re Aufregung im Hause.
574 756 2434 950 ner Regisseur soll eine Mitteilung machen.
577 903 2573 1114 Ueberflüssig, man weiss es ja schon allgemein.
572 1057 1877 1231 soll sie hier liegen bleiben.
587 1151 2563 1372 Ist es ein Herzschlag, ist es eine Vergiftung?
589 1288 2506 1517 Zuerst muss man es für einen Herzschlet hal-
582 1474 793 1599 ten.
589 1576 2548 1775 Der Arzt entdeckt durch eine Aeusserlichkeit
587 1718 1174 1860 die Wahrheit.
594 1822 1882 1954 Franzis Mutter auf die Bühne.
592 1989 1233 2111 Richard kommt.
589 2076 2384 2258 Er erkundigt sich bei Karlwas eigentlich
587 2208 2506 2392 geschehen ist. Er hält sich von leichnam zu-
1437 2332 1937 2469 dr sule
2103 2337 2422 2459 Cni¬
592 2372 1044 2501 erst fern.
602 2432 2526 2630 Ludwig: Ist es denn wahr? (zu Richard) Also
597 2586 2568 2800 doch. Es wird einen Schatten über mein leben
597 2777 950 2916 werfen.
602 2832 2576 3048 Mehr aus dem Blick als aus einer Antwort Ri-
604 2969 2223 3177 chards errät er die Mahrheit. Ael so
