2984 3560
864 456 2596 628 gesagt. Hättest dus ihm gleich gesagt.
867 601 2428 757 Da könnte er sich nicht einbilden-
867 726 2553 894 Richard: Warum nicht? Er hält es nicht
862 856 2607 985 einmal für unmöglich, dass er einen Nach
1441 943 2687 1032 hurhelt er der für in Karren. hit Recht
2555 978 2759 1074 vielleit
862 974 2511 1144 folger erhalten hat. Freilich ahnt er
867 1112 2464 1275 nicht, dass ich es bin. Aber trotzdem
869 1235 2410 1409 ist er überzeugt, dass du ihn weiter
867 1342 2408 1539 liebst. Kein wunder. Du warst ja so
858 1479 2651 1664 verzweifelt, als er dich verliess. An sei-
860 1628 2602 1749 nem Hochzeitstag wolltest du dich töten
856 1778 2589 1921 Franzi: Das sagt ich einmal ganz zu An-
864 1919 1103 2046 fang.
858 1979 2441 2180 Richard: Du sagst gern solche Dinge.
858 2131 2546 2299 Erst neulich. einmal - dass du dich um-
862 2265 2491 2435 bringen wirst, wenn ich dich verlasse.
864 2408 2093 2573 Franzi: Verlasse nich nicht.
869 2538 2515 2712 Richard: Anfangs verzweifelt man, dann
876 2645 2551 2859 tröstet man sich. Du wirst dich wieder
869 2810 1226 2966 trösten.
869 2913 2605 3100 Franzl: Vorlass mich nichtl Hast dusdnn
869 3071 1595 3230 alles vergessen?
876 3161 2613 3366 Rlchard: Gar nichts: Du liebst nich, ihn
