2952 3528
2205 330 2466 478 18 28
887 428 2376 623 Im Kaffeehaus, eine Biflardpartie.
889 568 2436 773 Vielleicht zwei Freunde, die während-
881 707 2352 898 der Partie über Richard sprechen.
889 829 2530 1052 Ein Anderer (etwa der Zyniker aus dem
896 986 2410 1127 I.Bild) mit stieren Augen an einem
898 1099 2445 1253 kleinen rischchen, einen Achnaps vor
917 1262 2179 1401 sich, in den Spiegel blickend.
911 1367 2500 1534 Ein Gespräch zwischen diesen Dreien.
911 1478 2419 1686 Richard komnt, anscheinend in guter
921 1663 1322 1787 Stimmung.
913 1744 2552 1920 Er wird zu einer Billardpartie aufge-
923 1911 1283 2063 fordert.
926 1980 2629 2194 Er setzt sich zu dem Trinkenden (Karll
930 2136 2618 2327 Karl: Wir haben uns heute schon einmal
934 2256 2575 2449 gesehen bei der Hochzeit. Was für ein
936 2400 2627 2577 Narr dieser Ludwig.Jeder der heiratet,
956 2490 2601 2708 ist ein Narr,überhaupt jeder, der sich
949 2682 1573 2850 an Eine hängt.
960 2742 2558 2987 Richard: Sie werden Ausnahmen gelten.
953 2965 1253 3083 lassen.
949 2980 2676 3224 Karl: lauter Ausnahmen, So lange Ausnah
