2984 3528
426 1008 575 1185 Se
718 471 2607 688 Direktor: (24 Franzi) Probieren sie die Rol-
723 770 2150 914 Eine kleine Szene wird probiert.
716 895 2532 1090 Nun kommt der Rohrpostbrief an Franzi an.
711 1043 2456 1189 Sie liest ihn für sich, wird totenklass.
718 1170 2499 1328 Ihre Szene kommt. Sie spielt wunderschön.
709 1281 2412 1470 Während sie im Probieren ist, kommt die
737 1399 2543 1599 Tragödin, schlägt einen skandal,nimmt ihre
721 1517 2619 1724 Entlassung,zieht sie wieder zurück und ent-
732 1707 1225 1868 ferkt sich.
716 1816 1707 2006 Die Probe geht weiter.
