<?xml version="1.0" encoding="UTF-8" standalone="yes"?>
<PcGts xmlns="http://schema.primaresearch.org/PAGE/gts/pagecontent/2013-07-15" xmlns:xsi="http://www.w3.org/2001/XMLSchema-instance" xsi:schemaLocation="http://schema.primaresearch.org/PAGE/gts/pagecontent/2013-07-15 http://schema.primaresearch.org/PAGE/gts/pagecontent/2013-07-15/pagecontent.xsd">
    <Metadata>
        <Creator>prov=READ-COOP:name=PyLaia@TranskribusPlatform:version=2.7.0:model_id=50870:lm=none:date=22_01_2024_18:33</Creator>
        <Created>2023-09-27T14:34:46.488+02:00</Created>
        <LastChange>2024-01-22T18:33:05.168+01:00</LastChange>
        <TranskribusMetadata docId="1589033" pageId="60123296" pageNr="25" tsid="145632790" status="IN_PROGRESS" userId="40391" imgUrl="https://files.transkribus.eu/Get?id=OKUEPJTXDDOGZUAXGWGCKHIV&amp;fileType=view" xmlUrl="https://files.transkribus.eu/Get?id=BDJSCSQMIFPJXCMZZMPIXXPG" imageId="48548374"/>
    </Metadata>
    <Page imageFilename="1589033_0025.jpg" imageWidth="2984" imageHeight="3560">
        <ReadingOrder>
            <OrderedGroup id="ro_1711793117262" caption="Regions reading order">
                <RegionRefIndexed index="0" regionRef="tr_1"/>
            </OrderedGroup>
        </ReadingOrder>
        <TextRegion orientation="0.0" id="tr_1" custom="readingOrder {index:0;}">
            <Coords points="851,499 851,3319 2625,3319 2625,499"/>
            <TextLine id="tr_1_tl_1" custom="readingOrder {index:0;}">
                <Coords points="861,598 1026,627 1448,567 1576,616 1876,618 2086,567 2430,587 2415,497 1280,486 1185,525 861,450"/>
                <Baseline points="872,570 950,568 1028,567 1106,570 1185,570 1263,573 1341,570 1419,570 1498,570 1576,568 1654,570 1732,570 1811,570 1889,565 1967,567 2045,567 2124,567 2202,568 2280,564 2358,564 2437,561"/>
                <TextEquiv>
                    <Unicode>Richard: Auch das wird einmal vorbei</Unicode>
                </TextEquiv>
            </TextLine>
            <TextLine id="tr_1_tl_2" custom="readingOrder {index:1;}">
                <Coords points="850,731 868,726 905,746 976,702 1102,709 1102,614 1068,616 1013,640 987,629 951,649 901,623 850,634"/>
                <Baseline points="863,701 889,699 916,697 943,696 970,695 997,695 1024,697 1051,699 1078,700 1105,701"/>
                <TextEquiv>
                    <Unicode>sein.</Unicode>
                </TextEquiv>
            </TextLine>
            <TextLine id="tr_1_tl_3" custom="readingOrder {index:2;}">
                <Coords points="870,876 2402,845 2402,762 2172,709 2117,753 1781,781 1558,740 1252,768 1172,731 1022,779 870,742"/>
                <Baseline points="881,830 957,827 1033,827 1109,827 1186,830 1262,830 1338,830 1415,830 1491,827 1567,826 1644,827 1720,827 1796,827 1872,827 1949,827 2025,827 2101,827 2178,824 2254,825 2330,824 2407,827"/>
                <TextEquiv>
                    <Unicode>Franzi: Nie. Warum hast du heut mit</Unicode>
                </TextEquiv>
            </TextLine>
            <TextLine id="tr_1_tl_4" custom="readingOrder {index:3;}">
                <Coords points="861,969 2448,974 2424,868 1974,912 1667,868 1439,909 861,887"/>
                <Baseline points="872,955 955,955 1038,960 1121,955 1204,958 1287,958 1370,955 1453,955 1536,956 1619,955 1703,956 1786,955 1869,955 1952,958 2035,955 2118,955 2201,954 2284,952 2367,952 2451,964"/>
                <TextEquiv>
                    <Unicode>ihm gesprochen? Warum warst du dort?</Unicode>
                </TextEquiv>
            </TextLine>
            <TextLine id="tr_1_tl_5" custom="readingOrder {index:4;}">
                <Coords points="850,1108 1075,1146 1245,1099 1318,1128 1534,1091 1629,1132 1898,1093 2415,1146 2415,1042 2236,996 2002,1044 1702,991 1430,1042 1289,974 1126,974 1000,1031 850,1013"/>
                <Baseline points="863,1084 940,1084 1018,1085 1096,1084 1174,1087 1252,1087 1329,1087 1407,1087 1485,1087 1563,1087 1641,1088 1718,1090 1796,1087 1874,1090 1952,1089 2030,1087 2107,1087 2185,1085 2263,1086 2341,1084 2419,1084"/>
                <TextEquiv>
                    <Unicode>Wie kam es nur dazu, dass er dir das</Unicode>
                </TextEquiv>
            </TextLine>
            <TextLine id="tr_1_tl_6" custom="readingOrder {index:5;}">
                <Coords points="854,1238 938,1234 1000,1267 1066,1236 1155,1276 1155,1137 1064,1146 1029,1130 998,1152 954,1141 923,1161 896,1148 854,1166"/>
                <Baseline points="866,1218 892,1215 919,1215 946,1215 973,1215 1000,1214 1026,1212 1053,1214 1080,1215 1107,1215 1134,1215 1161,1215"/>
                <TextEquiv>
                    <Unicode>sagte?</Unicode>
                </TextEquiv>
            </TextLine>
            <TextLine id="tr_1_tl_7" custom="readingOrder {index:6;}">
                <Coords points="854,1393 1302,1400 1631,1342 2600,1349 2600,1201 2199,1269 2097,1210 1746,1285 1638,1252 1470,1287 1384,1247 854,1267"/>
                <Baseline points="866,1349 953,1340 1040,1340 1127,1343 1214,1343 1301,1343 1388,1341 1475,1340 1562,1340 1649,1341 1736,1340 1823,1343 1910,1342 1997,1340 2084,1342 2171,1342 2258,1340 2345,1340 2432,1337 2519,1340 2607,1343"/>
                <TextEquiv>
                    <Unicode>Richard: Und noch viel mehr. Ich habe dir</Unicode>
                </TextEquiv>
            </TextLine>
            <TextLine id="tr_1_tl_8" custom="readingOrder {index:7;}">
                <Coords points="857,1514 1174,1475 1962,1530 2013,1490 2313,1494 2313,1424 2170,1373 1753,1426 1331,1391 1015,1424 857,1386"/>
                <Baseline points="869,1469 941,1475 1014,1474 1086,1472 1159,1472 1231,1472 1304,1472 1376,1474 1449,1472 1521,1474 1594,1472 1667,1472 1739,1474 1812,1472 1884,1470 1957,1471 2029,1472 2102,1472 2174,1472 2247,1471 2320,1478"/>
                <TextEquiv>
                    <Unicode>sogar etwas von ihm zu bestellen.</Unicode>
                </TextEquiv>
            </TextLine>
            <TextLine id="tr_1_tl_9" custom="readingOrder {index:8;}">
                <Coords points="857,1669 1249,1600 1344,1642 1810,1609 2009,1640 2066,1605 2294,1640 2362,1603 2362,1554 2117,1510 2002,1545 1876,1501 1649,1512 1547,1552 1433,1514 1336,1552 857,1514"/>
                <Baseline points="869,1603 947,1600 1026,1600 1105,1601 1184,1606 1263,1601 1342,1600 1421,1597 1500,1597 1579,1600 1657,1599 1736,1599 1815,1597 1894,1600 1973,1597 2052,1600 2131,1597 2210,1597 2289,1597 2368,1603"/>
                <TextEquiv>
                    <Unicode>Franzi: Von ihm an mich? Er weiss.</Unicode>
                </TextEquiv>
            </TextLine>
            <TextLine id="tr_1_tl_10" custom="readingOrder {index:9;}">
                <Coords points="857,1737 2570,1766 2570,1629 857,1669"/>
                <Baseline points="869,1735 954,1729 1039,1731 1124,1729 1210,1729 1295,1729 1380,1727 1465,1730 1551,1732 1636,1729 1721,1732 1806,1729 1892,1729 1977,1729 2062,1726 2147,1728 2233,1726 2318,1726 2403,1726 2488,1726 2574,1729"/>
                <TextEquiv>
                    <Unicode>Richard: Nichts. Nur, dass du dich heute</Unicode>
                </TextEquiv>
            </TextLine>
            <TextLine id="tr_1_tl_11" custom="readingOrder {index:10;}">
                <Coords points="850,1863 1077,1909 1519,1868 1755,1923 1872,1861 2470,1885 2441,1784 850,1808"/>
                <Baseline points="863,1860 943,1857 1024,1857 1104,1857 1185,1857 1266,1857 1346,1859 1427,1858 1507,1857 1588,1859 1669,1857 1749,1857 1830,1855 1910,1856 1991,1854 2072,1854 2152,1855 2233,1855 2313,1854 2394,1854 2475,1860"/>
                <TextEquiv>
                    <Unicode>umbringen willst. Und wahrscheinlich</Unicode>
                </TextEquiv>
            </TextLine>
            <TextLine id="tr_1_tl_12" custom="readingOrder {index:11;}">
                <Coords points="857,2007 2521,2000 2494,1907 2252,1938 2124,1892 1748,1923 1614,1887 1300,1934 1152,1885 857,1929"/>
                <Baseline points="869,1986 951,1986 1034,1986 1117,1986 1200,1986 1283,1986 1366,1986 1448,1983 1531,1983 1614,1988 1697,1986 1780,1983 1863,1984 1946,1983 2028,1983 2111,1983 2194,1986 2277,1986 2360,1985 2443,1983 2526,1986"/>
                <TextEquiv>
                    <Unicode>darum hat er mich gebetendich aufzusü-</Unicode>
                </TextEquiv>
            </TextLine>
            <TextLine id="tr_1_tl_13" custom="readingOrder {index:12;}">
                <Coords points="854,2139 1004,2172 1249,2135 2497,2132 2468,2035 2068,2068 1161,2022 854,2057"/>
                <Baseline points="866,2117 947,2114 1029,2114 1111,2114 1193,2113 1275,2114 1356,2115 1438,2114 1520,2114 1602,2114 1684,2114 1765,2114 1847,2114 1929,2115 2011,2114 2093,2114 2174,2117 2256,2115 2338,2111 2420,2111 2502,2111"/>
                <TextEquiv>
                    <Unicode>chen und scheint nicht abgeneigt nach</Unicode>
                </TextEquiv>
            </TextLine>
            <TextLine id="tr_1_tl_14" custom="readingOrder {index:13;}">
                <Coords points="848,2265 985,2305 1168,2272 1212,2313 1501,2249 2183,2245 2320,2300 2380,2256 2600,2249 2600,2172 2344,2190 2225,2137 1596,2179 1534,2143 1130,2174 848,2143"/>
                <Baseline points="860,2245 947,2242 1034,2242 1122,2242 1209,2241 1296,2242 1384,2244 1471,2243 1558,2244 1646,2244 1733,2242 1820,2241 1908,2239 1995,2242 2082,2241 2170,2240 2257,2242 2344,2242 2432,2242 2519,2239 2607,2242"/>
                <TextEquiv>
                    <Unicode>der rückkehr von der Hochzeitsreise dich</Unicode>
                </TextEquiv>
            </TextLine>
            <TextLine id="tr_1_tl_15" custom="readingOrder {index:14;}">
                <Coords points="839,2404 1258,2384 1523,2446 2106,2384 2530,2435 2512,2305 839,2331"/>
                <Baseline points="851,2374 935,2371 1019,2371 1103,2373 1187,2374 1272,2372 1356,2371 1440,2374 1524,2374 1608,2374 1693,2374 1777,2373 1861,2374 1945,2374 2029,2373 2114,2371 2198,2371 2282,2368 2366,2371 2450,2371 2535,2374"/>
                <TextEquiv>
                    <Unicode>wieder in deine früheren Rechte einzu-</Unicode>
                </TextEquiv>
            </TextLine>
            <TextLine id="tr_1_tl_16" custom="readingOrder {index:15;}">
                <Coords points="850,2519 876,2523 898,2508 914,2521 925,2510 1004,2521 1057,2508 1119,2517 1170,2508 1170,2448 1148,2455 1115,2439 1084,2453 1020,2455 982,2435 945,2455 896,2437 850,2450"/>
                <Baseline points="863,2505 889,2505 915,2504 941,2503 967,2502 993,2502 1019,2502 1045,2502 1071,2502 1097,2503 1123,2504 1149,2507 1176,2511"/>
                <TextEquiv>
                    <Unicode>setzen.</Unicode>
                </TextEquiv>
            </TextLine>
            <TextLine id="tr_1_tl_17" custom="readingOrder {index:16;}">
                <Coords points="854,2651 1929,2631 2102,2678 2283,2631 2574,2642 2574,2554 2373,2503 1881,2583 1223,2552 1002,2583 854,2539"/>
                <Baseline points="866,2637 951,2632 1037,2631 1122,2634 1208,2633 1293,2634 1379,2634 1464,2634 1550,2631 1635,2631 1721,2631 1807,2631 1892,2631 1978,2629 2063,2629 2149,2631 2234,2628 2320,2628 2405,2628 2491,2628 2577,2634"/>
                <TextEquiv>
                    <Unicode>Franzi: Was sprichst du für Tollheiten?</Unicode>
                </TextEquiv>
            </TextLine>
            <TextLine id="tr_1_tl_18" custom="readingOrder {index:17;}">
                <Coords points="848,2797 1110,2812 1307,2766 1470,2828 1616,2766 1728,2799 2260,2762 2623,2792 2623,2649 2172,2700 1962,2664 1744,2728 1572,2673 1223,2722 848,2687"/>
                <Baseline points="860,2765 948,2762 1036,2759 1124,2765 1213,2765 1301,2765 1389,2762 1477,2759 1566,2761 1654,2759 1742,2761 1830,2759 1919,2759 2007,2760 2095,2759 2183,2758 2272,2761 2360,2761 2448,2759 2536,2759 2625,2765"/>
                <TextEquiv>
                    <Unicode>Richard: Ich habe es natürlich abgelehnt.</Unicode>
                </TextEquiv>
            </TextLine>
            <TextLine id="tr_1_tl_19" custom="readingOrder {index:18;}">
                <Coords points="845,2921 1848,2932 2234,2890 2444,2921 2444,2808 2391,2784 2205,2848 2064,2812 1854,2850 1790,2808 1212,2850 1068,2786 845,2837"/>
                <Baseline points="857,2896 936,2892 1015,2893 1095,2891 1174,2892 1254,2892 1333,2891 1413,2893 1492,2896 1572,2892 1651,2893 1730,2891 1810,2893 1889,2893 1969,2892 2048,2888 2128,2891 2207,2888 2287,2888 2366,2888 2446,2888"/>
                <TextEquiv>
                    <Unicode>Ich habe dich ja nicht gesehen,nicht</Unicode>
                </TextEquiv>
            </TextLine>
            <TextLine id="tr_1_tl_20" custom="readingOrder {index:19;}">
                <Coords points="845,3066 1084,3026 1318,3082 1459,3031 1781,3020 1927,3071 2075,3022 2276,3073 2369,3024 2605,3053 2605,2912 2565,2903 2475,2954 2152,2912 1704,2971 1380,2936 845,2958"/>
                <Baseline points="857,3034 944,3026 1032,3023 1119,3022 1207,3020 1295,3022 1382,3022 1470,3021 1558,3022 1645,3022 1733,3022 1821,3019 1908,3019 1996,3019 2084,3019 2171,3017 2259,3020 2347,3025 2434,3019 2522,3019 2610,3019"/>
                <TextEquiv>
                    <Unicode>gesprochen seit er seine Beziehungen mit</Unicode>
                </TextEquiv>
            </TextLine>
            <TextLine id="tr_1_tl_21" custom="readingOrder {index:20;}">
                <Coords points="848,3168 982,3188 1115,3157 1192,3185 1227,3159 1393,3157 1519,3190 1521,3066 1497,3060 1351,3088 1155,3064 1057,3102 850,3060"/>
                <Baseline points="860,3156 893,3154 926,3153 959,3154 992,3159 1025,3161 1058,3161 1092,3158 1125,3156 1158,3154 1191,3153 1224,3153 1257,3153 1290,3153 1324,3153 1357,3153 1390,3153 1423,3153 1456,3154 1489,3156 1523,3162"/>
                <TextEquiv>
                    <Unicode>dir gelöst hat.</Unicode>
                </TextEquiv>
            </TextLine>
            <TextLine id="tr_1_tl_22" custom="readingOrder {index:21;}">
                <Coords points="845,3349 1075,3318 1190,3362 1351,3351 1583,3291 2598,3305 2600,3179 2247,3181 2174,3221 1461,3183 845,3214"/>
                <Baseline points="857,3288 944,3285 1031,3285 1118,3285 1205,3285 1293,3285 1380,3283 1467,3280 1554,3282 1641,3282 1729,3282 1816,3279 1903,3278 1990,3280 2077,3280 2165,3279 2252,3279 2339,3280 2426,3279 2513,3279 2601,3282"/>
                <TextEquiv>
                    <Unicode>Franzl: Hättost du ihm doch lieber alle</Unicode>
                </TextEquiv>
            </TextLine>
            <TextEquiv>
                <Unicode></Unicode>
            </TextEquiv>
        </TextRegion>
    </Page>
</PcGts>
