2840 3400
2325 215 2465 317 39
893 359 1603 493 10. Bei Richard.
887 466 2557 624 Er könnte entschlossen sein seinem Le-
883 591 2559 774 ben eiy Ende zu machen.Abschiedsbriefe
887 754 1190 879 u. 8. N.
887 858 2486 1015 Jetzt erst kommt Ludwig, der eben von
887 1015 2438 1134 seiner Hochzeitsreise zurückgekehrt.
887 1106 2432 1286 istz Nun,wag sagst dur Sie hat sich
889 1265 1607 1403 doch umgebracht.
891 1386 1833 1493 Richard: Deinetwegen?
902 1476 2480 1651 Ludwig: Gewies. Sie wird sich vill-
896 1601 2515 1770 leicht einbilden wegen eines Änderen,
883 1741 2509 1906 aber es geschah doch nur meinetwegen.
891 1881 2526 2052 Sowas fühlt man. Siehst du, du hättest
893 1998 2522 2154 dich um sie kümmern sollen. Dann wäre
902 2125 2576 2300 es vielleicht nicht passiert. Das wird
904 2261 2570 2411 einen Schatten über mein Leben werfen.
898 2401 2540 2532 lch höre, du hast dich verlobt.Nun,ich
902 2538 2367 2724 gratul iore. Mann ist die Hochzeit?
