2968 3496
1219 347 1595 518 G. Frene.
611 525 1414 662 Im Hause Richards.
611 552 2574 789 Die Altern sprechen über den Sohn. Vielleiht
603 728 2479 945 ist auch die Schwester dabeilkarl hat eine
611 848 2445 1089 loge zu der Prenidre gebracht. (Vielleicht
1502 957 2333 1121 vn wehrite, deen
1912 1033 2330 1141 belauree
613 1053 1400 1207 kommt er selbst),
618 1102 2518 1304 Der Vater:(zur Mutter) Offenbar hat Richand
618 1238 2377 1436 sein Verhältnis aufgegeben. Er konnt zur
635 1375 2479 1588 rechten Zeit zum Nachtmahl. Sein Wesen son-
633 1500 2399 1727 derbar verändert. Man muss milde mit ihm
645 1710 877 1832 sein.
655 1710 2521 1991 Wafhitde, konnfste haben eine loge zur Pre-
642 1905 2345 2103 niere von Karl (also das Frühere fiele
659 2066 933 2213 fortI.
664 2132 2511 2396 der Pater: Sie wissen, ich habe leider kei-
669 2272 2584 2491 ne zeit. Vor halb neun könnte ich doch nick.
657 2425 1952 2623 Mathildens vutter ist Mitwe.)
1934 2496 2530 2643 und dn Schlaste er
718 2548 2626 2772 Richard komn nach Hause. Jennid. defic Bevr
2101 2677 2350 2831 a.
681 2670 1859 2865 Ein Gespräch mit Vathilde.
689 2804 2479 3009 Mathilde fühlt die Veränderung, die in Ri
686 2931 2572 3156 chard vorgegangen. Sie ist bereit ihm alles
691 3070 2125 3312 zu verzeihen, alles zu vergessen.
