5464 3464
375 153 2423 507 segeen z fort auh klein
453 378 2450 670 abers teb wir billig. Mern
366 573 2411 841 1. eiklen Mosthar tab es.
387 751 2411 1063 jebest, hel i paotuti
408 976 2393 1246 25 Julil cn . AS gegeht zu
387 1147 2312 1441 ju belt hal ih ich ein en Buf
2093 1366 2444 1570 Ehe
414 1363 1744 1651 vnssuns asetiaten
423 1531 2231 1820 ne ethrat cs erect i
456 1726 2390 2036 sel zul ouppigen. - - Un
420 1913 2315 2207 tu bei. Satto
1666 2120 2504 2333 den R Al.
432 2150 1576 2414 lisetbeth.
423 2285 2456 2588 vor kas Sal I Jel., ich to
462 2567 1189 2792 we Pevecl.
465 2726 2297 3108 Ihnen Aberlen is ung
4987 153 5299 390 102
2816 204 4822 489 bar Ein en hele, Fri Secapel..
2810 384 5128 730 SIe merchf eee Fei Starzielf! ten
2807 604 5047 862 nen soknein wrmn werf so
2834 790 4960 1042 wi i 15 Jet. ist v Her Provprelfler
3210 982 3486 1132 wer
2855 967 5065 1267 - Ma ande geworden een. er in
4050 1174 4441 1264 ver voe coer
2861 1171 5101 1486 Gerlich mar. -Untellerpppl, saf.
2804 1396 4675 1714 de Bougin. zu shehel car
2843 1567 5008 1976 Schar. Ebc. Fr. Fr. D Budl
2867 1765 5107 2153 d heut halt in ouif ppgel: Henthe
2855 1961 5269 2375 um zanh nicht mil de Krurtheile.
2885 2303 3165 2462 Und
2894 2375 5092 2642 Mek Aberglarb S, wir ist deren¬
2903 2561 4906 2846 lich hel Millg. - Wend no in
2903 2741 5170 3027 se c Res inai. im Kretuegheren
2909 2984 3390 3243 dabe.
