2968 3528
1417 210 2493 519 Auh de lier Kebtatim.
477 219 1372 536 die Aturoraten!
308 453 498 605 dt
270 513 2653 729 In ji einen wheil i da it de vnbegrenflich!
356 667 2472 871 hr Roade. lieb teh. se bal vorgett
332 848 2338 1055 Ich it ein ganz begaht kamnet, das ein Filaant wor
373 942 2380 1197 Uer+ len, is eine Shli-+ Renrlrublebeeit
296 1177 2066 1402 u Ietilte u Cofentell + d i
365 1331 2475 1568 Pe - d- Kruptelievatr, - Sie gleibe! Auf-
1120 1455 2362 1642 Katteilr- It Stweiten.
539 1592 1105 1704 ill h
415 1580 2587 1820 sa wemt gont wirt. Auh, all ebe Lnnten!
717 1808 2172 2021 An.- Wen Sie- weis m.)
699 2024 1067 2143 sultet
