2776 3480
2168 223 2385 422 19111
89 215 1708 451 1h Hehreit ledinge mit Aneuette
164 379 1993 580 Culricell zu Rubend. Sie ausli wi werten
140 484 1263 674 mctler vulokellen
161 583 2324 846 Malbilde zu Richerd: Wien vell won hine?
156 698 2114 986 Iu Ie jungen deute Nur, warauch abe
175 825 924 972 maclen kömen
220 956 2329 1225 de Vele Rihen bilt hunge. Jo sanhe heiber
234 1077 803 1222 miaus.
223 1201 2219 1424 teit zu Rulend Stuuiene schelle
236 1322 2348 1571 kumendich au Fenii. En mine Hitsde
236 1424 2189 1695 abe ich mit auch der le kuulebgi de
218 1577 2157 1784 eu mei prturritat: Id elube a alei
269 1706 2385 1958 Haleititene doit vnmelealle Ritele
1254 1854 2009 1999 zi denen dille
274 1859 2281 2111 der Sihmepunten, tate buteteen, cen
244 2001 1872 2238 Rielen inden Neynbleiben
226 2109 2324 2407 Fei Lichleskarl - ersict in seinen Prot.
255 2267 2189 2533 Riderd bat laget, daßede ben
279 2367 449 2576 Fa
535 2404 1571 2633 rin eeben kun
