2872 3448
349 229 603 372 1816.
2298 246 2429 368 32
788 385 1671 520 7. Richards Wohnung.
826 484 2491 657 Vater und Mutter vielleicht allein zu-
820 636 2294 796 erst bei Tische. Gespräch über den
824 792 1081 910 Sohn.
815 873 2534 1019 Spielt viel leicht eine Reihe von Tagen
820 1021 1718 1175 oder Wochen nachher:
835 1162 1845 1278 RixharAxkxxaAxXAEhxAxx
826 1218 2365 1346 Das frühere Verhältnis Richards,er-
826 1355 2393 1464 scheint es aufgegeben zu haben,sein.
824 1466 2500 1650 verändertés Wesen. Was soll. man mit ihm
828 1631 1201 1780 machen.
828 1740 1932 1872 Richard kommt nach Hause.
835 1853 2397 2044 Vater smit milder. Trouie): Sieht man
824 2003 1725 2136 dich wie der einmal-
832 2106 2502 2243 Im weiteren Verlaufe istt von Mathilden
822 2230 2502 2386 die Rede, der Vater schlägt zuerst vor-
826 2373 2504 2521 sichtig eine Heirat vor.Richard greift
817 2502 2517 2647 den Einfall mit überraschender Lebhaf-
828 2630 2497 2767 tigkeit auf und will noch heute um die
820 2748 2457 2906 Haud Mathildens anhalten. In früherer
820 2868 2542 3060 Zeit hat er viel in dem Hause verkehrt.
