2840 3448
2057 147 2418 398 (d61
183 188 1225 383 6. - die See Rieber
215 304 1497 523 ton euilet ite den Pot
231 465 1907 663 dut eingbren dete de Petallen
282 571 1984 791 nsjegbe den oecaodutilicren
183 731 1714 902 de micht and wert ibn tem
282 837 2076 1044 E kantzireckte Intzeukrittaatl.
301 998 2182 1189 Matheild Kemete, io labe wie tege zu
306 1128 2242 1331 Peineerkanle Seid.. Vote tat kein Zeit
280 1256 2062 1437 sere iit mid halte lel Reine tulotin
388 1377 1676 1606 tidbante ist farllich mit de
