2856 3480
922 298 1727 602 Achler Stel
448 610 2524 863 de Behon: Liebes sechten besitssen Seite
973 776 2521 1005 i Geaegelas Sorspekt; ensuch
370 842 930 1007 wond
394 965 2476 1175 in poste sehnen Schaft drauh: Batt.
432 1117 2473 1431 kanson. - Eithär - fier entwant
378 1287 2449 1543 sie nb. Dig Thor tr Zimmer, mich den
437 1455 2417 1698 auf i die dat Haupf den Bogsch Ste
413 1634 2468 1903 uo nict gett, ween nieezalt, neht en
413 1796 2513 2055 die Betne, din ischen Verkung, die Renpe
413 1980 2553 2212 beludn von. Lits die Seibenund ie
469 2121 2473 2367 Hecsclio, i der de Mep Stirt spiet
496 2316 2409 2545 Auch + deine. Imtoigen ist de be
482 2500 2441 2686 Seit, bit e luten dr nett in
480 2657 2473 2902 d Tecundet,; dee weile noch wochen
488 2852 2372 3105 er Schritze - Rosen, an hedeck,
1866 3049 2271 3217 seen
565 3027 1647 3283 et Jofizicilin.
