3000 3560
758 430 2310 636 hast du geliebt und irgend Jomanden
771 634 1501 795 wirst du lieben.
782 760 1464 937 Franzi: Und du?
787 850 2382 1064 Richard; Ich habe noch niemanden ge-
793 1042 1304 1173 schworen, -
806 1053 2508 1320 Franzl: quäl nich nicht länger. Mas soll
813 1298 1403 1409 ich denn iun?
822 1333 2421 1573 Richard: Damals hast du dich geirrt.
826 1466 2574 1704 diesmal irrst du dich vielleicht auch.
828 1588 2467 1831 Du irrst dieh inner oder nie. No gibt
852 1790 1567 1929 es einen Beweis?
863 1877 1783 2071 Franzi: Du fühlst os.
857 1934 2620 2229 Richard: Er hat es auch gefühlt. Dr fühlt
881 2194 1510 2327 es. noch heute.
889 2233 2222 2462 Franzl:Soll ich ihm schreiben?
894 2436 1501 2596 Richard: Masl
905 2484 2609 2738 Franzl: dass er ein Marr - dass er ein
902 2572 2642 2851 schuft ist. dass er sich nicht einbilden
920 2736 2659 3002 darf -Dass. Ich danals ein Kind har, dan
937 2965 1396 3111 du nur du
944 3015 2692 3271 Richard: Das fohlte wir noch. Nig darf e
