2888 3464
2288 256 2437 433 28
864 466 1506 604 lang gehalten.
877 565 2513 752 Der Briefträger kommt, bringt allerlei
871 695 2153 866 Briefe, auch einen für Franzi.
864 825 2515 966 Es wäre doch besser, wenn die Szene l
871 962 2550 1083 auf der Probe spielte.Die erste Szene,
864 1092 2411 1241 in der Franzi nicht auftritt, müsste
875 1226 2270 1391 durchgenommen werden.Oder Franzi
871 1334 2561 1510 spielt die erste Szene,setzt sich dann
869 1469 2556 1638 hinter den Koulissen nieder, währenddem
862 1607 2411 1752 kommt der Briek, sie liest, erblasst,
869 1731 2563 1880 muss eben wieder auf die Szene, beginnt.
877 1852 2500 2019 zu spielen,kann nicht weiter und ver-
871 2015 1577 2145 lässt die Pröbe.
884 2103 2580 2262 (Es könnte sich aus irgend einem Grund
869 2236 2606 2381 empfehlen, dass der Autor (Karl) das Kar-
875 2379 2500 2517 vert des Briefes sieht, das die Provi-
871 2498 2320 2664 nienz irgendwie zu erkennengibt.)
927 2612 2426 2760 Berrr ne molirtereiter. - (wenn in en im
977 2742 1538 2853 härber muelle?
1016 2814 2578 2959 klene Rolle. Ne midie posso tores
1048 2907 2060 3091 rst, weciit in ne¬
