2888 3528
704 392 2492 553 Marum kannst du denn das nicht verstehen?
711 553 2385 702 Warum frag ich nach nichts. Warum kann
709 664 2490 856 ich scherzen über das, was du erlebt hast?
711 809 2420 965 Richard: Gegenwart - wie wenig ist das.
709 927 2391 1105 Nichts besitzt man,was einem nicht im-
720 1036 2412 1255 wer gehört hat und nicht inmer gehören.
715 1241 958 1366 wird.
724 1333 1859 1482 Franzi: In alle Fwigkeit-
731 1440 2354 1640 Richard: Schwöre nicht. Ich verlang's
758 1560 2467 1723 ja nicht. Man muss sich eben bescheiden
731 1669 2481 1861 Franzi: zu musst es nicht. Und nicht ein
729 1841 1834 2001 mal glauben: musst du. mir.
740 1981 1892 2108 Richard: Und möchtesdoch-
742 2071 2338 2287 Franzi: so tud.blaube, wisse, ohne
749 2253 1059 2369 dich -.
749 2360 1939 2501 Richard: Schweige, schweige.
827 2503 2498 2701 Ohdigurte glaibe: lcidicant oclimit
