5464 3464
398 289 2464 560 Velleichtganz lutze.. Man men man
493 509 2387 745 du ein hitte, wee nm nicht eit
427 668 2554 920 ler Echat, in Tniafiel, ++ Thon
435 886 1554 1085 e dischent me Nm
477 976 2544 1281 belt Schrifebolleichs Ziltel
496 1194 2355 1454 Rachen tol. wrder Schahsef
570 1403 1074 1573 zehel.
509 1546 1271 1748 Rel. So-?
658 1634 2215 1915 (Hels. Fop, behl tunb-)
562 1825 2485 2101 I. Strell., (1 Trit.) Er und ergrefen
610 2042 1690 2223 senta der Hellen
528 2130 2278 2408 Bre. Ich k. minstoll, zun tren
443 2347 2443 2557 nir, Sie unsvartelmacht - er wer
432 2507 2443 2788 Nieele darf ich je 10 maz nicht sagen-
472 2708 2186 2934 su cul helall d stict 1o in
427 2870 2265 3103 rortieret fort ungpetliche
565 3027 1549 3271 RVul. Ot
3175 170 5241 427 Feret. sch bug ich frot in zu teken, Ach
3183 390 5040 594 sr Vecl cun ist musa, de ban
3162 544 4133 735 und sicem
3156 679 4793 923 Akeel. Arsge dazung teute.
3369 830 4263 1066 CuliPoten.).
3199 992 4493 1202 koltikt - Riherd.
3138 1135 5000 1345 Malbilde. Denter schfuhl der
3326 1300 4968 1536 nr genon, Resa. den Am
3210 1462 4971 1729 Sie nicht -dersware Sie sehr
3215 1772 5019 2037 Rah. Mothille - - de vet en
3318 1963 4910 2212 Sie - "weckste ge maht
3125 2138 5119 2406 Urthil. I. uffr eint beitsich
3217 2329 4987 2546 wetrirete auf teit ken
3297 2509 4109 2690 de poiul an
3310 2631 4729 2894 Bihe Mie konnt d d 13
3186 2764 5074 3082 hakt. Ich nooch nicht, wo hrbeit
3361 2950 5207 3207 ab - dbit momale. A. tn
3347 3141 4568 3281 eine des igm
