5656 3688
427 373 2416 714 Ich halten witl nicht vp solle u e
375 570 2479 894 mit zu pealus eget. Ifae tati
373 777 2456 1083 it cces he setumuiet
375 940 2393 1244 inleren en meie i. Resor in
344 1104 2565 1445 ie poumit. Vettten obee
350 1330 2468 1639 er inpat von ferfteit Reserie
416 1525 2439 1837 deranemena invonsa
453 1685 2482 2032 ctet prntenicarent. e cae
516 1869 2425 2256 oste proc pdlitt m. At Ner 2
522 2067 2611 2373 rideelobte, wollt mint anterg¬
519 2273 2445 2582 Migutdehr nie nicht gelt hat
559 2411 2267 2717 Iracbtatt die su le Muit.
565 2631 2330 2967 P Karl z. nint eit leben
622 2883 2230 3164 silliche lebaise et ie
711 3116 1198 3376 Mich.
2981 224 4107 453 110I
4308 318 4781 542 h mde
2949 398 5257 654 sele. Eet mulletiches eidweller, i
3058 590 4368 803 Se ub 1 Stit rese.
3038 711 5260 989 karl. Sot da lch we t nihtwn
3139 937 4193 1178 gehlll de dem
4391 952 5262 1281 Eett rctine
3044 1083 4331 1361 Rel. duce vnde
3144 1298 3652 1490 sellen.
3116 1287 5348 1680 Karl. Ertal bötbiche Sellen.. Aufhat
3116 1594 4388 1857 ed tiffallerteen
3139 1803 3935 2058 Vel Auchi
3144 1935 5360 2221 Ract. E.pull von den indem, won ich
3190 2101 5346 2385 wollten Manh en orrlenleus; - ich
3173 2273 5403 2548 pu in heut cors purait. et ea tosl tesi caur
3184 2408 5429 2732 Kel. Entlechen und de Neun. infer
3216 2571 5265 2886 Helee ker d. sch d Sellt eich
3325 2760 5280 3098 tr moblihslen: An den in
3322 2944 5383 3336 rubg. atetorad prul er mi: 11
