2872 3416
194 212 453 413 81191
1096 438 1402 618 Z.Sren
583 618 2520 832 spielt in logengang des Pheaters während der
583 789 1828 954 Preniere. Freutuell in Foder.
578 906 2400 1098 Der vorletzte Ikt ist zu Ende. Aus der le-
583 1056 2453 1233 ge heraus treten Riebard, Kathilde und ihre
1347 1135 2363 1332 Faur tat an de Arbractt¬
583 1205 872 1302 Wutter
568 1305 1753 1472 Man hört noch den Applaus.
575 1397 2465 1628 Ein Gespräch Richarde mit der Fournalisten
585 1574 1275 1698 aus den 3.Bild.
578 1671 2224 1830 In der Nachbarsloge ist die Fragödin.
575 1800 2358 1990 Erentuell stehen beide logentüren offen.
578 1935 2263 2126 Die Tragödin applaudiert denonstrativ.
2094 2009 2664 2199 den Reiligene
583 2077 2009 2243 Die Traçödin und der Journalist.
590 2201 2545 2403 ludnig besucht Mathilde in der loge, bespräck
580 2328 1123 2505 mit Richard.
590 2445 2587 2642 ludnig: Hälte man geahnt, dass sie so viel Ra-
585 2575 2582 2751 lent hat. Wieso hat sie diese Rolle bekommen?
575 2712 2517 2903 Zweifellos hat sie ein Verhältnis mit den D.
585 2851 2037 3028 rektor. Ruter ict mit beest
588 2983 2281 3185 Mathiide zu Richerd: Nun,meiss ich ost
