5832 3640
1753 2691 2015 2796 a
3071 230 3443 394 21/3. 817
4273 296 4660 482 tewatet
3438 328 5338 610 Aber ist es nicht verbrecherisch dif Stucke
3409 509 5248 722 des Glücks vergiften, weil es einnalfenden
3440 722 3683 850 kann?
3455 754 5343 1009 Richard:Innerhin benerkenenert, dafs du dich
3433 872 5231 1119 nit dasefventualität vertraut zufmachen
3455 1019 5368 1227 scheinst.Mls du iewand andern lieftest,werst
3465 1158 5226 1347 du vollkommen überzaugt, dass du das Ende
3458 1295 4540 1499 nichüberleben könntest.
3463 1406 4721 1606 Franzi: Mar ich, es wirklicht
3480 1496 5451 1751 Richard: Entwoder warst du's oder du hast Ro-
3455 1726 4131 1890 nödie gespielt
3465 1766 5194 2013 Frenzl: Ner weiss, wie es gekopfen näre.
3467 1942 4831 2118 wenn du nicht da gewesen wärst
3489 2047 5373 2248 Richerd: Irgendner wäre jedesfalls da gene-
3499 2285 5429 2552 Franzi: Nor kann wissen, was geschehen wäre?
3499 2400 5412 2637 Ich bestreite keine von alles vöglichkeiten
3502 2542 5412 2782 der Vergangenheit. Und menn of dir Vergnüger
3502 2701 5206 2894 nacht können wir sie elle dufchnehnen.
3509 2796 5453 3041 Richard: Du schoinst ja das Poblen sehr lu
3504 2985 4195 3193 stit zu Finden.
