5560 3512
371 292 2038 580 tudf. Se seh binul hunf d.
408 470 2415 776 Helene - (, Resam.) Butd teute
343 646 2458 971 Abe gekkon. Ich niss kenn
382 861 1741 1127 armit mir, Rehand.
399 951 2384 1302 Refei( Ich bleh vus heil. Sest t
368 1206 1424 1478 den gebet ,Mectu
461 1274 2330 1580 del. Aute zu Nachtmachlise di
1549 1430 2475 1653 ich weiserh ncht.
473 1537 1835 1781 Ruson. Sal. kein
478 1648 2418 2055 Selene wie des prstus dert woerlich
1755 1857 2358 2061 k.nbt i.
450 1934 1707 2271 noch kanl. S. Sr
546 2047 2367 2358 sbm neen d 1 ken. Eber.
487 2268 2285 2625 Rese. frr Kinte eit doch
464 2381 2506 2800 unhetess kein Aulet s. mr¬
1101 2664 1625 2800 ssiristert.
504 2741 2251 2993 Sleus. Her. hatobit. Ju debatef
558 2936 2285 3174 beg des Ateore derweifg
563 3095 2375 3341 wi depeisti. Medcaget
2916 229 5014 495 wei di weuplere di Ebende, un de
2888 422 5102 708 i Hovse bist.... der Krstlen Frnschel
2905 561 5139 875 R.d. Ant schriklert - inr über
2891 796 4963 1070 bellt, weren i he tat et wie
2961 948 3904 1226 Hirinige
2978 1166 5221 1464 Selen.. Mer tuicht de d g. nact zinste
2993 1379 5266 1651 Karl.. (het .) Ich will It so alle Sel
2953 1569 5190 1846 1is - dah ich ei Tage sie Sie habe
2950 1772 5224 2055 ronnert lenen. -. Sie nun den un
2942 1988 3616 2149 mit jetur.
2970 2067 5193 2341 Kehee. Hunn mit gefeder. Abe wal
2981 2254 5051 2540 mane, wei siesie perrlit liug
2928 2469 3525 2684 wellten.
3004 2610 4471 2882 Kact. He karl. (inbe!
3061 2837 4986 3095 Rele hecon icter nottlane mit
3024 3038 3296 3279 bei.
