2920 3560
675 704 2504 925 Rudolf verlässt seine Geliebte, um sich zu
704 887 1101 1000 verloben.
682 950 2579 1188 Die Geliöbte, Minna, schnört ihn sich zu tö-
689 1147 909 1309 ton.
687 1256 2584 1446 Ihr nächster Geliebter, Max,güter- Freund. Ru-
682 1400 962 1494 dolfs.
699 1485 1786 1641 Früher gemeinsameAusflügd
684 1634 2504 1822 Rudolf kümmert sich nicht mehr um sie und
684 1776 1653 1935 erfährt nichts davon.
680 1887 2492 2063 Nach einiger Zeit, eitel oder auch nur er-
684 2039 2408 2164 inrierungsfreudig beginnt er mit Max. von
684 2073 2569 2314 der früheren Geliebten viel zu sprehen. Ii.
687 2273 2593 2458 quälender Ausführlichkeit. Max lockt immer:
682 2391 2550 2588 weiter. aus ihm hervorspeinigt. Minna danif.
675 2533 2612 2692 Hochzeit. Max geladen.Rudolf nimmt den Frem
675 2637 2412 2846 unterm Ern, er möge Nachkorschungen nach
680 2810 2412 2969 Minna halten, er sehnt sich nach ihr, ist
680 2935 2540 3119 überzeugt sie leicht wieder zu gewinnen, an
