5576 3608
1939 246 2579 403 ben 4
249 314 2607 606 Rise Wiedeuit eustore besoogt. bere
329 452 2530 751 Ich date ers.- Ihsend uberl Gronnt
188 683 1865 908 i Trursdahlezizgenten.
246 819 2111 1117 Suit. ke kummt er wott er neun
243 939 2336 1259 helt eit demi gefunde. Vint g.
231 1108 2379 1391 wet ie los. jut. tasfe kle Sum..)
265 1280 2440 1573 Eigelezerlleitmit der erctprfen
237 1474 2622 1739 Anhriel kenn Sem mit. me intin
292 1613 2505 1890 noch zuer der hal. überl Einomet
979 1822 1271 1976 bewerte
286 1782 2530 2127 wede rihter geti. sier; - ict tall du
265 1985 2647 2302 Sridt gecorta rectsto ni inguginem
231 2139 2419 2465 Ause roust mein bescheiten Millel¬
283 2360 2650 2708 glicß nebe nei will uitergstelle
265 2628 2702 2877 abe ics endlh zuumuerubge vonpamm¬
305 2779 2644 3084 ken; – ich bat ie i Aleiten. im gemine
320 2988 2379 3244 Hl sium en At Tantengeld
2936 271 5155 514 Ruf. Ma ne. wie ich in benttel, als
2893 449 3896 708 letzt leben durht
2927 569 5293 902 dess Rrics wese. Sieweitl ge- ihr Goge
2924 794 5192 1068 it er leceilid.. Ich weisige nicht, im
2927 945 5210 1240 rich gehzt unteitt, dieber Fuci
2936 1133 5102 1446 die Kill wieit einen Penne von Tra
2877 1259 5358 1603 wil ce leserlich Joge .. Tribeit - de habit
2930 1499 5016 1791 it gen Sinitleing in dier Besiten
4866 1628 5367 1726 memicet
2939 1677 5198 1970 Refen. Nuch bewillst de villüc
3001 1880 5115 2117 dernmit eine suno zu Vasr,
3016 2019 4958 2290 dell. Wchmel dee Aini Obleter
3684 2203 4549 2379 dut Otcis frrul
3001 2225 5189 2484 tin Acfdamut gnichtgedert. E
2976 2425 5315 2662 westene u. huuimonl auf kleine
3001 2588 5204 2853 Eganeisal de in tons etw seideval
3001 2779 5050 3071 Jel. Ansi ein btofddde segen
3037 2994 3702 3238 je def reis.
