2888 3512
2249 307 2380 449 16
686 405 2421 645 erfahren. Zu Todo würde ich nieh schänen.
686 555 2195 745 Franzi:Nie eitel, wie feig bist du.
686 675 2334 899 Richard: Feig - weil ich sein Lächeln
686 808 2315 999 nicht ertraten kännte? Eitel, weil ich
692 984 2245 1130 die Erinnerung nicht ertragen kenn?
703 1050 2343 1222 Franzi: so ist der Mahnsinn wieder da-
692 1246 1855 1357 Warum bist du hingegangen?
699 1335 2391 1529 Richard: Soll ich mich mein Leben lang.
712 1507 1213 1659 verstecken?
712 1572 2341 1796 Franzi: Du hättest es nie tun sollen.
710 1722 2450 1899 No ist denn die Schande? Und wenn er td
701 1892 1030 2014 wäre-
712 1962 2450 2154 Richard: Ja, wenn or's wäre. Aber in sei
719 2093 2445 2284 ner soele, in seinem Blut bist du. Heute
723 2252 2434 2413 Nacht wird er deiner denken. in den Ar-
719 2371 2336 2535 men seiner jungen Frau. Und auch du-
725 2515 2143 2724 Franzi:(In den deinen! Ninm mich
732 2624 2480 2798 Richard: Waren es nicht dieselben Worte,
734 2770 2241 2922 ddeselben Blickezdieselben Wonnen?
740 2905 2489 3070 Franzi: Waren: Und hätte ich ihn tausend
732 3033 2369 3212 mal mehr geliebt. Es ist doch vorbei.
