2840 3400
2285 251 2427 358 36
841 358 1865 545 9. Das Abstelgquartier.
832 498 2468 665 Richard ist vorerst in seiner Mohnung
841 632 2468 772 gewesen, hoffte doch eine Nachricht zu
839 741 2472 901 finden-dann vielleicht bei der Mutter
832 863 2528 1044 Es könnte die groteske Wendung eintre-
834 1006 2501 1170 ten, dass er dort, da seine Beziehung zu
834 1159 2501 1322 Franzi unbekannt war, für einen Journa-
825 1266 1773 1426 listen gehalten wird.
832 1384 2543 1553 Er höfft eigentlich nicht bei der Bare
828 1529 2423 1695 nin irgend eine Nachricht zu finden,
834 1640 2461 1811 sondern wird von seiner Sehnsucht und
830 1778 2080 1936 seinem Schmerz hingetrieben.
832 1898 2283 2071 Die Baronin bedauert ihn so länge
828 2002 2510 2192 nicht gesehen zu haben und sie gesteht
825 2167 2614 2338 dann in einiger Vorlegenheit, dass sie
814 2296 2516 2463 das Quartiek schon wieder weitervermie
825 2436 2508 2590 tet habe. Aber sie würde es gern rück-
825 2541 2505 2721 gängig machen, denn sie hat eine beson-
828 2672 2461 2841 dere Sympathie für die junge Dame ge-
848 2781 2432 2995 haot.Sio ist wohl vorreist gewesent.
