2936 3512
2204 258 2344 396 16
781 368 2350 542 nur einen Béweis dafür, dass sie ihn
794 515 2469 659 mehr liebt als sie Ludwig geliebt hat,
798 648 2363 803 wenn sie diesen Abschied nicht über-
800 769 2433 942 lebt Entweder ein kurzer Monolog-oder
794 887 2395 1048 abgerissene Worte aus dem Brief oder
798 1025 2467 1203 gar nichts.Es müsste schon aus dem Vor-
798 1156 2441 1330 hergehenden annähernd klar werden, was
807 1279 2513 1448 für einen Brief und aus welchen Motiven
803 1406 2446 1590 er ihn schreibt. Mit dem geschlossenen
807 1548 2236 1696 Brief verlässt er das Kaffeshaus-
