2888 3464
773 417 2318 561 6. Irgendein Vergnügungslokal.Even-
766 529 2252 708 tuell eine Bar mit Klavierspieler.
773 676 2480 831 Max mit seinen Freunden oder Bekannten.
771 835 2446 958 Hier könnte auch Anastasius Treuenhof-
773 984 1237 1073 auftreten.
775 1043 2487 1259 Der Autor (Karl2) ufd Richard.Man wind
781 1200 2457 1345 die Rolle umbesetzen müssen möglicher-
779 1323 2511 1470 weise.Schade:Er spricht einiges liebens-
781 1433 2463 1617 würdige über Franzi.Er erzählt von dem
773 1587 2381 1757 Brief, den sie auf der Probe erhielt.
784 1721 2396 1861 irgend eine exotische Dame in Beglei-
794 1828 2504 2012 tung von Fremden.Müste Szene, vielleicht
788 1997 1166 2141 Räuferei
