5752 3624
1382 1488 1778 1697 Fanse
1718 2157 2286 2300 orssand ner
1431 2300 1953 2484 o a
1575 2507 2093 2702 eet
1587 2680 2118 2836 Teinasaliie
3526 373 5299 596 nur dastohen. (sie hat Backwerk gebracht)
3521 522 5329 715 Mir worden vielleicht später-qbor jetzt
3528 672 4809 816 lassen Sie nur alles dastöhn.
3519 800 4292 987 Mzdehen:15t 261
3514 941 5297 1129 Franzi: Was ha st du ihm gesagt, Richard?.
3496 1063 5161 1279 Mas hast du ihr von mir -vof uns er-
3533 1214 3823 1343 zählt?
3526 1270 5265 1465 Richard: Nichts.Er wusste fichts.Er hat
3533 1440 4398 1582 es erraten - heute.
3530 1529 5145 1766 Franzl: Aach dass ich glücklich bin?
3528 1681 4832 1863 Auch dass wir glücksich sinf?
3540 1812 5021 1980 Richard: So - sind wir glücklicht
3533 1932 5295 2125 Franzi: Richard/ Ich habe ufe einen An-
3528 2098 4522 2277 dern geliebt als dich.
3544 2169 5318 2364 Richard: Was nicht ausschligsst, dass du
3544 2309 5396 2502 immer noch an ihn denkst, ihr inmer noch in
3551 2470 4520 2627 Blut hast sund er dich.
3540 2588 4888 2776 Franzi: Das hat er dir gesagt?
3544 2753 4402 2935 Richard: fenau das.
3558 2834 5384 3045 Frenzl: Und du hast ihn nicht gesagt, dass
3556 2958 5244 3218 er ein Marr istz Und dass ich nicht in
