5640 3688
320 394 2517 729 liden geme. Tnechle Relen. kein
391 647 2499 923 secuzien, mar pealis nel
403 850 1179 1070 Telenttel
359 1058 1479 1297 kel tine noch jun
420 1138 2484 1479 Ra. Dr Rel . 3 1 in Eepett pof den
400 1297 2596 1643 depes fitalide Clt ihr lepel
432 1623 870 1782 ien.
403 1614 2617 1935 Hel. MidSieden Peissahlen-!
444 1840 2455 2211 Kanl. Aberedmets - Elbekarchn
417 2067 2484 2378 Chep lebebriget & Mehritent
400 2237 2334 2531 ende Schle. Hen de Ledi an
459 2408 2672 2728 tel ich nicht. Auch rocht der teiligen
435 2667 967 2908 ten. H.
423 2758 2343 3058 Rel Ubelen rinn heiligen.
491 2996 2349 3243 Re Cusg. E iumans ich c
632 3163 1588 3454 willlet getr., It
2975 206 4619 429 Mullerl - sch hab. c Vealrerf.
2937 370 5245 632 Stele. Schtel keine Recht getogen. Un mun
2990 509 5330 803 auf Kemigehaben.  Mewoll Insckerh.
2981 700 4739 985 den ich wolle, Ich du z Rered gete.
2981 838 5348 1197 Rel- Ich wari K. Sehe Sie richt seb. Kete
3111 1053 5033 1335 Eb uh veider he. Bell dck sie
3031 1285 4163 1511 Heidstraf M.-
3058 1464 4201 1658 Rel von Rertvelt.
3084 1514 5010 1843 Rer Heber hürfracht eine. Tine
3431 1799 5183 2052 Anfuf do litte, unten boche
3116 1973 5142 2196 u. wicht kindle Agchele1 V
3111 2181 5157 2443 z worden. Ereitdhig cicten urt in
3093 2358 4601 2599 uidt neu Rust.- Ucde
3252 2502 5271 2811 Bacl. Sie well de Bille purhe
3334 2720 5139 3016 ullstondinrlich - uh dect aebe
3945 2887 4986 3160 eecue tersteit in
3299 2972 3881 3216 nicht de
