2984 3560
2358 310 2489 457 10
830 448 2436 634 willst.Adjeh. Ich muss auf die Reise,
841 605 2478 763 die Hochzeitsreise. Wir fahrenwirklich
837 721 2476 878 heute Abend ab.Wie gefällt sie dirZDu-
837 850 2397 1038 findest wahrscheinlich, dass ich sie.
826 1001 2550 1143 nicht verdienezDu hast Unrecht. (er geht
826 1127 2432 1333 und vorsehmindet bald darauf aus dem
839 1283 1147 1407 Zimmer)
837 1348 2460 1499 Richard gérät noch in ein sehr aufge-
837 1495 2393 1643 räumtes Gespräch vielleicht mit deh
839 1619 2596 1816 Vator der Braut. Sein Neggehen plötzlich-
839 1790 1516 1945 und unerwartet.
896 1862 2476 2039 de Vele der Brant ein terlimenbaler Enite i
1016 1971 1672 2093 Nicht havur bleiben
