2984 3592
863 568 1356 713 vergessent
868 703 1791 856 Richard: Nein,nichts.
870 832 2502 1044 Franzi: Ichhabe niemanden geliebt als
863 979 1102 1083 dich.
849 1100 2729 1272 Nuy wird das Nachtmahl-aufgetragen. Die Ba-
856 1223 2635 1376 ronin selbst bereitet den Tisch. Harmlo-
851 1361 2550 1550 ses Gespräch. Die Baronin verschwindet.
836 1501 1170 1627 wieder.
856 1612 2795 1772 Richard: Du sagtest etwas. „Werm graiter ein ie
849 1743 2553 1917 Frahzi: Dass ich niemanden geliebt habe.
834 1876 1252 1997 als dich)
1339 1888 1535 2052 inebe
829 1980 2654 2168 Richard: Er war dein Verführer. Ein schö-
822 2152 1238 2268 nes Wort.
846 2263 2002 2434 Franzi: Nein, das warst du.
824 2408 2710 2555 Richard: Das ist mir zu tiefsinnig,das vor
810 2505 2657 2705 stehe ich nicht. Ich netmen- Reukaul. der Srysch.
820 2654 2640 2790 Franzi: Ich glaube, Männer verstehen über-
812 2787 1574 2954 haupt gar nichts.
807 2891 2454 3082 Richerd: Prun glauben sie auch alles.
783 3041 2611 3215 Franzi: Das kann man dir nicht vorwerken.
800 3179 2500 3401 Richard: Milist du nicht das Rolegramm
