3016 3544
626 437 2503 694 ladnie: Du kannst von wir verlangen, was du
631 601 2424 818 willst, halte mich für toll meinethalben;
636 704 2520 958 weisst du nichts? An meinen Hochzeitstag.
643 886 2034 1075 hat dir Richard nichts erzählt?
666 984 2482 1162 Fränzi: Mas sollte.. Ich hab ihn seither
654 1176 1323 1314 nicht gesehen.
673 1164 2496 1431 Ludwig: Mer ist es? Sag mir die Mahrheit.
680 1318 2508 1627 ich verzeih dir jeden. Du hast dich nur rä
680 1578 1237 1734 chenw ollen.
704 1664 1896 1879 Franzi: zu langweilst mich.
711 1741 2527 2003 iudnig: Macht dich die Carriere so stolz?
711 1877 2354 2125 Franzi: Claube wir, du bist mir völlig
727 2097 1288 2221 gleidhgültig.
732 2127 2611 2380 ludnig: Men könnte doch gut Freund bleiben
734 2305 2207 2520 Franzi: Vielleicht einmal werden.
711 2478 1279 2679 Eranie geht.
785 2583 1779 2735 Franzi: Ach, wir Armen.
1206 2693 1875 2873 ln jeht de Brief¬
1473 2747 2319 2910 Lrich erhemt de Shuß
1183 2852 2202 3034 Oh die Schrift collt ich kenne
1014 2957 2202 3158 Oche dich kamb: eo nicht hort den
