5592 3512
312 244 2346 648 mal getten.. (Gerenter
309 480 2493 800 -hwavotlanf nicht meh terb
223 742 1442 1008 besent wirden.
275 901 2530 1268 Mis k, de Fatent emne def drf
263 1100 2636 1430 kein Scliel kuppor de Knher
205 1359 1549 1674 le. bole burk.
141 1586 2080 1854 der Arlwn-. Ves. lie Vate
284 1772 2383 2160 Meige Defich drcf in entshlieft
263 1974 2572 2398 tört. M. wefld. wii i seit 16 Jo
357 2245 2581 2581 nicht an seben gergt be nur luti
357 2401 2475 2771 uih nicht im atim dicanct er
342 2581 2343 2966 pteen, dif weg in 1 Uot
321 2808 2475 3162 cur d Beuvirz n u d Aseler
324 3125 1317 3360 unzuret
2960 202 5252 535 Mege Abr-nebrele- uf Jelikf
2951 474 5288 770 nechtand gettein. In der Han
2933 697 5139 1005 de - ke, itrucite je nicht,
2945 849 5267 1274 Stnden. Ich dt wir des Mesel
2908 1201 3886 1430 dogesthart.
3003 1363 5349 1674 tir ke je uweit eit er zu mitt.
2976 1604 5340 1860 ln ecartium mllamie ri¬
3064 1830 3962 2148 Cigaretle
2960 1983 5420 2386 hog. Arl- i de nicht en vethwie
3055 2245 5358 2585 necter ist auch nicht inn  weii
3037 2490 5151 2838 te auch nicht sorat wilz
3015 2771 5099 3095 aber ist macht. N.eubisch
3018 3021 5194 3321 rinsem. Wart hier se
