5528 3608
675 332 995 449 (der Sch
344 361 2205 649 domit he morkte in d farlte
288 511 2487 778 ch kenne. -. Und erh trieklan
438 728 1659 884 (Cilnlet, Aerbeam.
317 737 2475 1098 - Elatem umrd Fblelt mit ken sin
346 1042 1107 1254 Cibetel.)
420 1183 1327 1368 Aitenn z1el.
311 1274 2276 1597 Berm (wel de Vrtan, Bett vor.
317 1562 2384 1815 Lange, Seikreit), mil Nist: - ale den
549 1750 2243 2067 Itere Gut Abendm.t Ruin
338 1944 1562 2202 Ber hat als Frnle-
346 2079 2408 2370 Dn Hef wor de tcte ches lieb darf
440 2349 852 2566 lon
399 2449 2337 2698 Ber. NahuclerSul auh mat 1
420 2663 2516 2963 Procii. (Sii taton Arhocergede (saht)
479 2880 2041 3077 ebwar lutzt vor kufs-.gl.)
461 3018 2337 3256 Rub ter mit Masser: sren¬
614 3192 1362 3388 Ieteumsiel
2778 341 4537 652 Hekarum (slaft die Reiblt gerz.)-
2916 517 5153 816 Ie tern Aunechtent in Gerlobehfe.
2878 749 5080 981 In Abuctin. Do sillssins der Slufeni. Ich
2860 960 4293 1174 tat jen, men, mitneit.!
2957 1104 5318 1368 Be. T. unt bemene dee hote Kilte.
2883 1251 5083 1556 He wele ich gen nechtu. walb ich de nochen
2913 1471 5050 1735 er sigen ar pcstat ren  kid be¬
4645 1609 5086 1835 (Taten
2933 1627 4293 1906 Incrfcmettll
2901 1797 4951 2099 Te. Ich zu afmbe Ca
2945 1976 5080 2308 I. Eberalcit hatt a d d. 1t
4263 2167 5106 2355 I lotet deg
3024 2276 3447 2425 wem je
2895 2284 5212 2619 die Abemarttell Ee um pKor¬
2895 2525 5074 2760 eken wo enrwern a dera in
2948 2748 5053 2983 Ber. nnenhaul zu Pruh -, docl
4771 2854 5235 3007 M
2980 2948 5047 3247 Ba he. vl tesrem (teht mit ten¬
3030 3142 5089 3456 - der Rh p Sen, otfeit diee Gultin)
