2920 3560
435 667 2639 831 Anatol nat ein Verhältnis mit Minnt, deren (früheren Ge-
438 792 2480 968 liebten er kennt. Dieser weiss nichts davon. Anatol
421 943 2508 1119 muss sich nun von Rudolf immer, von den Freuden jenes
393 1049 2634 1236 Verhältnisses erzählen lassen. Wahns inzig vor Eifersucht,
418 1191 2611 1342 hört er, wie Mirni damals die selben Liebssworte sprach
418 1328 2595 1493 als jetzt. Auch dass sie sich umbringen würde, wenn er
413 1462 2648 1615 sie verlässt. Er verlässt Minni, die sich nin äber wirk-
377 1590 840 1685 lich tötst.
416 1682 2536 1878 oder er verlässt sie; lernt ihren künftigen Liabhaber
413 1850 2438 2034 kermen und will ihn quälen, wie Rudelf ihn gequält.
405 1961 2570 2165 Rudolf heirätet. Am Hochzeitstag nimmt er Anatol unter-
399 2123 2606 2293 den Arm und spricht von Minni. "So sehr wird mich keine
382 2226 2533 2503 mehr 1ioben.... hnerst verleßt e ni uftodht nisi
466 2475 739 2609 1
