2984 3528
2346 352 2477 450 60
734 499 1840 691 Ludwig, Mutter und Franzi.
745 623 2060 759 Die Mutter entfernt sich bald.
738 729 2512 914 LadnägxxFranzi: Ich dachte, sie sind noch
741 881 1847 1024 auf Ihrer Hochzeitsreise.
757 998 2517 1162 Ludwig: Heute Früh angekommen.Musste sie
743 1120 2573 1303 abkürzen. Mein Beruf.Habe heute in der Zei-
748 1242 2632 1406 tung gelesen, dass du in der neuen Stück die
748 1402 1605 1559 Hauptrolle spielst.
764 1528 1455 1727 Franzi: Zufall.
769 1596 2548 1859 lätnig: Ich bin dir eine Erklärung schul-
752 1830 954 1966 dig.
771 1917 1608 2102 Franzi: Keineswegs.
780 1988 2545 2182 Ludwig: Erzähle mir, wie lang ist es denn
769 2152 2590 2323 her:.keine vier Monate.Da kann sich doch
769 2304 2013 2468 nicht alles verändert haben.
780 2421 2653 2623 Franzi: Marum nicht? Bei dir hat's doch nur
783 2557 2461 2723 einen Tag gebraucht.An dem und dem Tag-
780 2667 2566 2871 bist du als mein Geliebter von mir wegge-
783 2805 2602 2977 gangen und an nächsten Morgen hab ich den
780 2934 2470 3127 Brief bekommen, dass du Bräutigan bist.
792 3089 2234 3291 ludnig: Du bist doch nicht Braut.
