2856 3400
2377 229 2506 357 34
686 340 1445 532 Eb. Bei Mathilde.
863 482 2539 634 Richards Besuch nach langer Zeit.Freu-
852 631 2567 772 dige Aufnahme. Die Mutter, schon aus den
863 774 1836 895 ersten Bild bekannt,
856 865 2563 1036 Er spricht sich mit Mathilde aus,bittet
856 1001 2467 1159 in gleichsam humoristischer Weise um
859 1116 2567 1304 ihre Hand.Dann aber gesteht er aufrich
859 1263 2532 1434 tig, dass seine Herzenswunde noch nicht
863 1380 1669 1546 ganz verheilt sei.
871 1503 2444 1665 (Es wäre ja gar nicht notwendig, dass
859 1661 2493 1810 Franzis selbstmord sofort erfolgt.Sie
848 1782 2418 1964 könnte sogar die Rolle noch spielen
850 1933 2563 2065 und erst nachher den Vorsatz ausführen.
856 2018 2586 2193 vielleicht mchdem sie von der Verlobung
856 2154 1576 2310 Richards gehört.
850 2279 2589 2452 Dieses Stück könnte überhaupt noch viel
859 2435 2558 2582 fach für die Weiterführung der Handlurg
848 2547 2498 2729 benützt worden. In wenigen Tagen soll
856 2662 2459 2822 die Première stattfinden.Richard mit
848 2785 2277 2963 seiner Verlobten wohnen ihr bei.
