5784 3640
3064 233 4889 469 Doos bu hart ch ite zu hllgefer.
3079 399 5413 669 Rus Ewollh zu wiscen. del de Mort
3035 585 5378 824 shelle hit. Antrei im Maller
3076 757 3614 992 lege
3958 794 5389 1036 Wort. bilih ihn gegeb.
3652 995 5011 1176 West jete inlhriedten
4537 1030 5500 1263 El werden wind
3093 1109 4441 1382 Ruse W Tidm. He
3070 1277 5253 1598 vutteich e keubeigt obe chfon
3952 1470 4764 1740 Aretrele
3140 1504 3835 1708 enknicht
3157 1691 4804 1935 kan. Es fer ein Tid. 1l
3166 1825 5468 2124 Rusen. Bin hort die gentuoren, dahs d
3189 2025 5436 2383 nogetors enen Kortecht Och
3146 2148 5468 2491 in er Hubgerbweglt.! We weih uh nift
3096 2372 5337 2764 geneu. Ir letzte Telle eine nach zeit.
3149 2639 5197 2945 (Ich.). Ich wllte air Geriften
3216 2814 5375 3143 vorless in ih llegetie.
3233 3012 5395 3297 Prop. Marspeitr 1. zei kann Pohe
