3000 3576
698 499 2485 698 nicht inmer gehört hat und inner gehören
698 660 1739 831 wird besitzt man nicht.
700 769 2326 935 Franzi: So bin ich freilich wehrlos!
710 883 2404 1065 Richard: Ja, das sind wir alle. Man muss
724 1020 1659 1209 sich eben bescheiden.
726 1136 2385 1316 Franzi: Das musst du nicht)I4 schuiede
717 1287 2319 1443 Richard: Schwüre musst du vermeiden.
726 1410 2007 1588 Franzi: Du weisst es auch so.
724 1517 2629 1720 Richard: Und wenn ich dich einmal verlassen
719 1734 1093 1865 werde...
726 1803 2319 1981 Franzi: Du wirst mich nie verlassen.
734 1957 2250 2108 Richard: Bist du dessen so gewiss?
726 2075 1794 2227 Franzi: Nicht auf lange.
726 2229 1938 2354 Richard: Also doch ein Eid.
724 2312 2596 2515 Sie besprebhen eine Reise.Eine Meihnachts-
736 2463 2437 2615 reise. Davon muss schon früher die Rede
738 2598 1782 2761 sein.Nach der Prenière.
738 2690 2267 2889 Schluss der Srene in Zärtlithkeit.
876 2863 1344 3003 Ide ander.
1531 2825 2513 3000 die dens mur e suber
