2968 3544
2296 462 2439 580 48
689 547 2555 769 lieh. Sie erzählt etwas von ihren Fanilich-
687 720 1309 840 verhältniesen.
677 810 2417 1016 Die Baronin frägt diskret, ob nicht eine
670 966 2465 1134 Heirät in Aussicht stünde. Unsere jungen
649 1101 2555 1267 Männer wissen ja gar nicht, wo sie das wirk-
670 1203 1506 1385 liche Glück finden.
675 1328 2528 1522 Franzi: (in ihren Vertrauen, wie en ihre Art
670 1501 2439 1664 ist, etwas zu weit gehend) Er ist ja auch
651 1634 1250 1769 noch so jung.
656 1752 1958 1915 Baronin: Schon sorspät heute.
653 1889 2382 2062 Franzi: Es ist auch möglich, dass er gar
656 2027 2382 2131 nicht kommt. Neulich hab, ich ihn ja auch
1996 2112 2427 2195 Eictehten fer
637 2124 2377 2325 einmal aufsitzen lassen müssen. Täglich
644 2249 1411 2389 Punkt halb sechs.
644 2379 2372 2526 Baronin: Bleiben die Herrschaften heute
1212 2493 1754 2583 Bill de deci meict
627 2552 2462 2704 hierzsoll ich ein Souper herrichtend Bei
637 2626 2531 2829 der „Goldenen Praubs“ ist es ausgezeichnet.
613 2782 2424 2943 Neulich bei der grossen Hochzeit, der Fa-
634 2905 2457 3068 frikant K. hat das Hochzeitsdiner bei der
632 3045 2524 3184 „Glocke" bestellt.Oder spielen das Fräulein
616 3151 1207 3341 heute wieder?
