2872 3464
2154 262 2297 396 30
783 391 2409 567 flüchtig.Wie er sich nun nach Franzis
768 541 2457 744 Bekinden erkundigt, ahnt sie den zusam-
772 690 1129 826 menhang.
774 778 2448 921 Die Kollegin Passt es so auf, als hätte
774 900 2485 1062 auch Richard Franzi vergeblich zu einen
774 1029 2314 1202 Rendez-vous erwartet. Jetzt erst er-
742 1163 2370 1339 „zählt die Kollegin von dem Brief.Ri-
772 1308 2411 1462 chard läskt aber nicht merken, dass er
776 1434 2409 1609 der Schreiber des Briefe war und ent-
770 1581 1494 1743 fernt sich bald.
778 1698 2463 1847 Die Kollegin tröstet die Mutter,es sei-
772 1819 2368 1987 eben doch nur eine Liebesgeschichte,
776 1933 2517 2121 sie sei diesem Herrn Richard aus irgend
781 2076 1981 2210 einem Grunde durchgegangen.
778 2225 2331 2342 Nun kommt ein Brief von Franzi ganz
787 2374 2366 2454 kurz,ungefähr: Leb wohl, verzeih mir.
776 2463 1901 2612 Sucht nicht nach mir etc.
783 2582 2299 2749 Oder es kommt gar keine Nachricht.
791 2716 2392 2887 oder der Brief an die Mutter wird von
794 2854 2493 3008 Richard aufgefangen und zurückbehalten.
800 2958 2426 3110 (wie sich erst in einem späteren Bild
1607 3064 2597 3192 herer Bildwirde geschellen we¬
785 3142 1425 3317 bereusstellt).
1585 3155 2563 3317 drous un muhet gleih rinter
