3000 3544
2392 346 2516 514 50
763 495 2554 679 Werden gue bald heiraten? Noch immer das
763 648 2634 822 Beste. Innere Ordnung gibts ja doch nicht,
766 792 1831 968 also wenigstens äussere.
770 919 1937 1049 Richard: Wie alt sind sie?
778 1025 2370 1202 Karl: Fünfunddreissig. Man gewöhnt's.
766 1169 2191 1357 Richard: Ich bin vierundzwanzig.
775 1303 2516 1484 Karl: Gefährliches Alter.Da glaubt man
761 1475 997 1593 noch.
778 1560 1671 1751 Richer d: Nicht immer
780 1694 2568 1871 Karl: Sie doch. Sie sind geboren, um glück-
780 1831 1374 2005 lich zu sein.
775 1913 2641 2102 Richard: In betrogen zu werden wollten sie
773 2114 1067 2255 sagen.
775 2210 2672 2403 Karl: das ist ja das Glück. Nur dahinterkom-
763 2335 2519 2507 men ist das Unglück.Anfangs heisst das.
768 2469 2033 2634 kann ein Genuss mehr werden.
773 2564 2648 2752 Indess immer das Gespräch der Billardspie-
775 2771 954 2891 ler.
773 2830 2665 3032 Es könnte auch ein Revolverjournalist sein
914 2981 2729 3127 seine Gurtichle! -. le ca ouh. mit vr Souspuellen.
933 3077 2618 3205 (vellenti der Tragadtam Le Muscuber set venta
1008 3164 2533 3315 ein in ein Mleltecholige Ref de Sege mit em ge¬
1027 3235 1711 3362 Ossee in sehn. su pr.
