2856 3400
379 1011 843 1155 tenn in gluck
272 1118 866 1243 licten Sor vis
220 1200 823 1332 de prineen itre
187 1304 868 1414 absemortet. wir besse
168 1399 817 1506 en hie tasti um
203 1476 821 1582 6 M. deieste
272 1552 769 1659 im 2. Red
929 291 2515 524 Nin näre folgende Wöglichteit kranzt
929 476 2433 666 hat täglich an Ribhard geschrieben.
914 610 2618 804 undzwar absichtlich nicht in seine Woh-
909 746 1791 875 nung, sondern hieher:
907 864 2573 1021 Oder noch besser:sie ist, wie die Baro-
899 978 2472 1146 nin erzählt, täglich hergekommen ihn
890 1170 2573 1293 zur gewohnten Stunde erwarten und hat-
901 1267 2567 1412 gestern die Wohnung aufgegeben, so dass
888 1414 2474 1573 die Baronin über das kommen Richards
871 1519 2519 1687 sehr erstaunt ist: Heute aber kam ein
1274 1621 1692 1713 an Richarg
873 1644 2470 1804 Brief von ihr. Er Ist in einem Brief
864 1776 2330 1914 an die Baronini eingelegt. Richard
860 1905 2414 2077 bittet die Baronin ihn einen Moment-
866 2052 2455 2200 allein zu lassen. Er liest den Brief
868 2181 2489 2347 zuerst. für sich, dann laut.Es sind nur
851 2310 2452 2457 ein paar Norte. Etwa: Und glaubst du
849 2394 2358 2582 mir jetzt? Fr verwellt- noch einige
849 2549 2396 2707 Zeit mit Frinnerungen an Franzi be-
843 2668 1293 2838 schäftigt.
834 2797 2547 2985 Die Baronig erscheint wieder, etwas vor-
836 2955 2569 3127 legen, jetzt erst gestehend, dass sie die
