<?xml version="1.0" encoding="UTF-8" standalone="yes"?>
<PcGts xmlns="http://schema.primaresearch.org/PAGE/gts/pagecontent/2013-07-15" xmlns:xsi="http://www.w3.org/2001/XMLSchema-instance" xsi:schemaLocation="http://schema.primaresearch.org/PAGE/gts/pagecontent/2013-07-15 http://schema.primaresearch.org/PAGE/gts/pagecontent/2013-07-15/pagecontent.xsd">
    <Metadata>
        <Creator>prov=READ-COOP:name=PyLaia@TranskribusPlatform:version=2.7.0:model_id=50870:lm=none:date=22_01_2024_18:33</Creator>
        <Created>2023-09-27T14:34:53.874+02:00</Created>
        <LastChange>2024-01-22T18:33:17.704+01:00</LastChange>
        <TranskribusMetadata docId="1589033" pageId="60123566" pageNr="71" tsid="145632839" status="IN_PROGRESS" userId="40391" imgUrl="https://files.transkribus.eu/Get?id=JAHURERQPRFGKBJVGRGQKOKF&amp;fileType=view" xmlUrl="https://files.transkribus.eu/Get?id=QPOBCUXLPORATNZSQAFMNVUR" imageId="48548644"/>
    </Metadata>
    <Page imageFilename="1589033_0071.jpg" imageWidth="3016" imageHeight="3608">
        <ReadingOrder>
            <OrderedGroup id="ro_1711793191102" caption="Regions reading order">
                <RegionRefIndexed index="0" regionRef="tr_1"/>
            </OrderedGroup>
        </ReadingOrder>
        <TextRegion orientation="0.0" id="tr_1" custom="readingOrder {index:0;}">
            <Coords points="648,608 648,3378 2843,3378 2843,608"/>
            <TextLine id="tr_1_tl_1" custom="readingOrder {index:0;}">
                <Coords points="741,679 1638,726 1753,713 1750,627 1667,643 1514,586 1312,622 1130,565 996,594 853,500 734,487"/>
                <Baseline points="755,657 805,657 855,660 905,661 955,663 1006,665 1056,668 1106,669 1156,677 1206,677 1257,678 1307,681 1357,684 1407,686 1457,686 1508,688 1558,692 1608,692 1658,695 1708,699 1759,707"/>
                <TextEquiv>
                    <Unicode>verfassen und absenden.</Unicode>
                </TextEquiv>
            </TextLine>
            <TextLine id="tr_1_tl_2" custom="readingOrder {index:1;}">
                <Coords points="2027,778 2069,760 2087,775 2157,767 2191,783 2243,762 2300,770 2323,749 2364,741 2367,697 2323,684 2300,703 2271,684 2255,692 2224,664 2180,687 2136,684 2115,697 2103,684 2084,695 2066,684 2033,703"/>
                <Baseline points="2042,770 2067,766 2092,764 2117,762 2142,758 2167,758 2192,758 2217,754 2242,752 2267,752 2292,752 2317,752 2342,751 2368,749"/>
                <TextEquiv>
                    <Unicode>Chishieib</Unicode>
                </TextEquiv>
            </TextLine>
            <TextLine id="tr_1_tl_3" custom="readingOrder {index:2;}">
                <Coords points="2040,824 2323,811 2427,817 2471,845 2611,827 2611,718 2515,731 2489,757 2421,741 2349,767 2323,749 2196,783 2040,752"/>
                <Baseline points="2054,812 2082,810 2110,809 2138,809 2166,809 2194,809 2222,811 2250,811 2278,809 2306,809 2335,810 2363,812 2391,812 2419,812 2447,814 2475,816 2503,818 2531,818 2559,818 2587,818 2616,821"/>
                <TextEquiv>
                    <Unicode>det wellete belegehr</Unicode>
                </TextEquiv>
            </TextLine>
            <TextLine id="tr_1_tl_4" custom="readingOrder {index:3;}">
                <Coords points="723,806 1291,817 1384,871 1618,835 1996,863 1991,775 1867,786 1802,741 1449,780 1081,754 879,690 721,718"/>
                <Baseline points="737,797 800,794 863,792 926,794 989,796 1052,803 1115,804 1178,809 1241,810 1304,812 1367,815 1430,819 1493,821 1556,825 1619,829 1682,833 1745,831 1808,833 1871,842 1934,842 1998,845"/>
                <TextEquiv>
                    <Unicode>„Franzi: Ja, das will ich tun-</Unicode>
                </TextEquiv>
            </TextLine>
            <TextLine id="tr_1_tl_5" custom="readingOrder {index:4;}">
                <Coords points="2022,887 2198,874 2294,905 2328,881 2546,931 2611,892 2735,897 2730,801 2634,853 2585,824 2476,843 2424,817 2359,861 2281,811 2121,832 2017,801"/>
                <Baseline points="2033,869 2068,867 2103,868 2139,870 2174,872 2210,875 2245,875 2280,877 2316,879 2351,882 2387,886 2422,887 2457,890 2493,893 2528,893 2564,896 2599,894 2634,892 2670,890 2705,890 2741,890"/>
                <TextEquiv>
                    <Unicode>keinesore seliat in</Unicode>
                </TextEquiv>
            </TextLine>
            <TextLine id="tr_1_tl_6" custom="readingOrder {index:5;}">
                <Coords points="2110,931 2144,928 2175,946 2201,938 2217,949 2235,933 2243,941 2255,941 2253,884 2235,879 2217,884 2209,876 2188,884 2167,874 2149,884 2108,887"/>
                <Baseline points="2123,925 2151,925 2179,926 2207,928 2235,928 2263,928"/>
                <TextEquiv>
                    <Unicode>orcle</Unicode>
                </TextEquiv>
            </TextLine>
            <TextLine id="tr_1_tl_7" custom="readingOrder {index:6;}">
                <Coords points="773,949 1229,941 1545,1016 1999,980 2167,1027 2318,993 2559,1021 2590,938 2211,949 1540,879 1343,915 1229,848 975,881 907,837 767,840"/>
                <Baseline points="788,919 878,919 969,925 1059,928 1150,934 1240,937 1331,943 1421,946 1512,952 1602,955 1693,959 1783,965 1874,968 1964,971 2055,977 2145,980 2236,985 2326,989 2417,992 2507,995 2598,1000"/>
                <TextEquiv>
                    <Unicode>Richard: Nie und nimmer. Er hat keine Ah-</Unicode>
                </TextEquiv>
            </TextLine>
            <TextLine id="tr_1_tl_8" custom="readingOrder {index:7;}">
                <Coords points="760,1089 1880,1102 2079,1146 2173,1112 2727,1177 2836,1159 2828,1003 2453,1071 2248,1011 1950,1045 1885,990 1527,1016 1449,985 1377,1024 1174,946 752,936"/>
                <Baseline points="770,1048 873,1053 977,1060 1080,1063 1184,1064 1288,1069 1391,1075 1495,1082 1599,1086 1702,1090 1806,1093 1910,1102 2013,1104 2117,1111 2221,1117 2324,1122 2428,1126 2532,1131 2635,1142 2739,1143 2843,1155"/>
                <TextEquiv>
                    <Unicode>nung. Er weiss nicht einmal dass ich dich kin</Unicode>
                </TextEquiv>
            </TextLine>
            <TextLine id="tr_1_tl_9" custom="readingOrder {index:8;}">
                <Coords points="754,1198 1177,1200 1382,1283 1680,1257 1955,1301 2167,1255 2367,1283 2473,1263 2471,1213 1729,1130 1641,1172 1566,1130 1346,1161 1086,1078 874,1110 749,1081"/>
                <Baseline points="767,1179 852,1182 938,1184 1023,1188 1109,1191 1195,1199 1280,1200 1366,1204 1451,1210 1537,1213 1623,1215 1708,1218 1794,1221 1879,1231 1965,1238 2051,1235 2136,1241 2222,1243 2307,1248 2393,1249 2479,1263"/>
                <TextEquiv>
                    <Unicode>die in dieser Zeit wiedergesehen habe.</Unicode>
                </TextEquiv>
            </TextLine>
            <TextLine id="tr_1_tl_10" custom="readingOrder {index:9;}">
                <Coords points="747,1325 1040,1325 1200,1403 1447,1366 1594,1408 1812,1395 1807,1276 1662,1255 1553,1296 1167,1278 938,1211 856,1255 744,1247"/>
                <Baseline points="761,1311 813,1308 866,1312 919,1316 971,1319 1024,1323 1077,1323 1129,1327 1182,1330 1235,1330 1288,1331 1340,1335 1393,1338 1446,1339 1498,1344 1551,1347 1604,1347 1656,1350 1709,1353 1762,1355 1815,1361"/>
                <TextEquiv>
                    <Unicode>Franzi: Du schänst dich.</Unicode>
                </TextEquiv>
            </TextLine>
            <TextLine id="tr_1_tl_11" custom="readingOrder {index:10;}">
                <Coords points="2087,1390 2206,1390 2237,1364 2370,1400 2463,1356 2502,1387 2559,1366 2631,1390 2629,1299 2546,1286 2494,1309 2432,1268 2367,1307 2302,1301 2245,1260 2144,1278 2082,1265"/>
                <Baseline points="2099,1347 2125,1347 2152,1348 2179,1349 2206,1350 2233,1350 2260,1352 2287,1353 2314,1353 2341,1354 2368,1355 2394,1357 2421,1358 2448,1358 2475,1359 2502,1361 2529,1361 2556,1362 2583,1363 2610,1364 2637,1364"/>
                <TextEquiv>
                    <Unicode>E meis. des ust be</Unicode>
                </TextEquiv>
            </TextLine>
            <TextLine id="tr_1_tl_12" custom="readingOrder {index:11;}">
                <Coords points="2069,1418 2624,1449 2683,1439 2683,1382 2530,1371 2507,1390 2447,1358 2367,1400 2305,1379 2276,1397 2237,1364 2160,1395 2066,1356"/>
                <Baseline points="2084,1412 2114,1414 2144,1416 2175,1418 2205,1420 2235,1422 2266,1424 2296,1424 2326,1424 2357,1424 2387,1426 2417,1426 2448,1424 2478,1426 2508,1427 2539,1427 2569,1425 2599,1424 2630,1425 2660,1427 2691,1430"/>
                <TextEquiv>
                    <Unicode>ciweli eens c. haba</Unicode>
                </TextEquiv>
            </TextLine>
            <TextLine id="tr_1_tl_13" custom="readingOrder {index:12;}">
                <Coords points="793,1467 1195,1462 1439,1545 1729,1496 1843,1545 2287,1509 2598,1561 2668,1553 2662,1444 2100,1444 1851,1392 1760,1441 1558,1392 1444,1431 1392,1392 900,1364 788,1392"/>
                <Baseline points="806,1445 899,1442 992,1448 1086,1455 1179,1457 1272,1463 1366,1464 1459,1472 1552,1475 1646,1480 1739,1481 1832,1487 1926,1493 2019,1496 2112,1502 2206,1503 2299,1510 2392,1518 2486,1517 2579,1525 2673,1526"/>
                <TextEquiv>
                    <Unicode>ichard: Ja, ich schäme mich zu rode. (Aest ni-</Unicode>
                </TextEquiv>
            </TextLine>
            <TextLine id="tr_1_tl_14" custom="readingOrder {index:13;}">
                <Coords points="736,1576 1408,1602 1563,1659 1633,1615 1924,1631 2027,1683 2180,1641 2424,1667 2419,1566 2035,1509 1939,1545 1771,1514 1664,1561 731,1486"/>
                <Baseline points="749,1574 837,1571 925,1577 1014,1582 1102,1585 1190,1591 1279,1596 1367,1597 1455,1605 1544,1609 1632,1608 1721,1614 1809,1618 1897,1620 1986,1629 2074,1630 2162,1635 2251,1636 2339,1640 2428,1645"/>
                <TextEquiv>
                    <Unicode>Franzi: Hier liegt das Uebel, du weisst</Unicode>
                </TextEquiv>
            </TextLine>
            <TextLine id="tr_1_tl_15" custom="readingOrder {index:14;}">
                <Coords points="718,1727 1244,1763 1340,1732 1654,1823 1991,1789 2300,1828 2520,1815 2520,1698 2380,1742 1550,1649 1226,1675 1078,1615 713,1646"/>
                <Baseline points="731,1705 820,1702 910,1708 1000,1711 1090,1714 1180,1720 1270,1723 1360,1729 1450,1732 1540,1738 1630,1741 1719,1744 1809,1750 1899,1753 1989,1753 2079,1759 2169,1765 2259,1768 2349,1777 2439,1777 2529,1780"/>
                <TextEquiv>
                    <Unicode>nicht, du kennst mich nicht. Damals war al-</Unicode>
                </TextEquiv>
            </TextLine>
            <TextLine id="tr_1_tl_16" custom="readingOrder {index:15;}">
                <Coords points="713,1854 2302,1934 2320,1823 1740,1794 1607,1825 1312,1799 1193,1745 1066,1778 705,1724"/>
                <Baseline points="725,1824 805,1830 885,1835 965,1839 1045,1842 1126,1848 1206,1848 1286,1853 1366,1856 1446,1860 1527,1863 1607,1868 1687,1875 1767,1876 1847,1878 1928,1884 2008,1890 2088,1893 2168,1894 2248,1899 2329,1908"/>
                <TextEquiv>
                    <Unicode>les anders. Damals war es ein Irrtum.</Unicode>
                </TextEquiv>
            </TextLine>
            <TextLine id="tr_1_tl_17" custom="readingOrder {index:16;}">
                <Coords points="703,1973 1250,1981 1548,2071 1833,2035 1926,2071 2450,2074 2445,1981 2367,1947 2022,1960 1926,1913 1610,1955 1377,1869 697,1861"/>
                <Baseline points="716,1959 807,1959 899,1965 990,1971 1082,1974 1173,1977 1265,1983 1356,1989 1448,1993 1539,1997 1631,2004 1722,2005 1814,2008 1905,2013 1997,2018 2088,2022 2180,2027 2271,2030 2363,2032 2455,2039"/>
                <TextEquiv>
                    <Unicode>Richard: Diesmal ist es vielleicht auch</Unicode>
                </TextEquiv>
            </TextLine>
            <TextLine id="tr_1_tl_18" custom="readingOrder {index:17;}">
                <Coords points="695,2097 832,2134 874,2100 1071,2134 1418,2115 1592,2188 1771,2149 1768,2053 1620,2038 1566,2079 1483,2040 1296,2061 1102,2001 690,1986"/>
                <Baseline points="710,2087 763,2088 816,2091 870,2095 923,2096 976,2099 1030,2099 1083,2104 1136,2108 1190,2108 1243,2108 1296,2111 1350,2115 1403,2118 1456,2120 1510,2123 1563,2126 1616,2130 1670,2132 1723,2134 1777,2135"/>
                <TextEquiv>
                    <Unicode>einer. Mo ist der Beweis?</Unicode>
                </TextEquiv>
            </TextLine>
            <TextLine id="tr_1_tl_19" custom="readingOrder {index:18;}">
                <Coords points="695,2281 993,2297 1063,2240 1854,2305 1846,2175 1374,2193 1242,2115 1006,2100 687,2147"/>
                <Baseline points="707,2222 764,2219 822,2219 879,2224 937,2225 994,2229 1052,2235 1109,2234 1167,2237 1224,2240 1282,2245 1339,2246 1397,2249 1454,2251 1512,2255 1569,2255 1627,2258 1684,2260 1742,2263 1799,2264 1857,2269"/>
                <TextEquiv>
                    <Unicode>Franzi: rühlst du's nicht?</Unicode>
                </TextEquiv>
            </TextLine>
            <TextLine id="tr_1_tl_20" custom="readingOrder {index:19;}">
                <Coords points="684,2370 1636,2390 1820,2460 1996,2424 2377,2442 2372,2344 2248,2331 1996,2362 1664,2305 1524,2349 1174,2245 990,2292 679,2266"/>
                <Baseline points="698,2350 782,2350 866,2352 950,2358 1035,2361 1119,2365 1203,2370 1287,2374 1372,2380 1456,2383 1540,2383 1624,2386 1709,2392 1793,2398 1877,2402 1961,2408 2046,2413 2130,2416 2214,2416 2298,2421 2383,2431"/>
                <TextEquiv>
                    <Unicode>Richard: Hat er es nicht auch gefühlt?</Unicode>
                </TextEquiv>
            </TextLine>
            <TextLine id="tr_1_tl_21" custom="readingOrder {index:20;}">
                <Coords points="1506,2460 1530,2455 1543,2463 1550,2455 1576,2463 1584,2455 1618,2468 1628,2455 1651,2458 1646,2388 1633,2388 1607,2403 1589,2398 1563,2403 1524,2383 1501,2383"/>
                <Baseline points="1517,2446 1545,2448 1573,2450 1601,2452 1629,2454 1657,2455"/>
                <TextEquiv>
                    <Unicode>noch</Unicode>
                </TextEquiv>
            </TextLine>
            <TextLine id="tr_1_tl_22" custom="readingOrder {index:21;}">
                <Coords points="682,2486 1161,2533 1320,2507 1537,2574 1905,2592 1968,2577 1963,2442 1755,2481 679,2408"/>
                <Baseline points="695,2481 758,2479 822,2481 886,2485 950,2489 1014,2490 1077,2491 1141,2496 1205,2499 1269,2501 1333,2503 1396,2510 1460,2511 1524,2515 1588,2517 1652,2518 1715,2522 1779,2526 1843,2526 1907,2529 1971,2535"/>
                <TextEquiv>
                    <Unicode>fühlt er es nicht auch heute?</Unicode>
                </TextEquiv>
            </TextLine>
            <TextLine id="tr_1_tl_23" custom="readingOrder {index:22;}">
                <Coords points="671,2621 1019,2626 1231,2709 1965,2668 2504,2704 2499,2621 1931,2616 1854,2561 1371,2577 1128,2507 975,2559 881,2504 666,2520"/>
                <Baseline points="686,2607 781,2608 877,2617 973,2623 1068,2627 1164,2630 1260,2636 1356,2637 1451,2640 1547,2647 1643,2652 1739,2658 1834,2663 1930,2666 2026,2670 2122,2674 2217,2680 2313,2686 2409,2691 2505,2688"/>
                <TextEquiv>
                    <Unicode>Franzi: Ein Kind war ich. Was häb ich von</Unicode>
                </TextEquiv>
            </TextLine>
            <TextLine id="tr_1_tl_24" custom="readingOrder {index:23;}">
                <Coords points="666,2743 889,2782 1439,2769 1436,2699 1073,2720 964,2668 664,2681"/>
                <Baseline points="680,2738 718,2738 756,2740 794,2741 833,2742 871,2744 909,2744 947,2747 986,2752 1024,2755 1062,2758 1100,2758 1139,2757 1177,2759 1215,2759 1253,2761 1292,2762 1330,2763 1368,2765 1406,2766 1445,2768"/>
                <TextEquiv>
                    <Unicode>der Melt gewusst?</Unicode>
                </TextEquiv>
            </TextLine>
            <TextLine id="tr_1_tl_25" custom="readingOrder {index:24;}">
                <Coords points="661,2935 1063,2948 1164,2904 1346,2950 1488,2909 1887,2981 1942,2942 2126,2955 2121,2854 1395,2841 1081,2766 933,2810 651,2738"/>
                <Baseline points="669,2867 741,2868 814,2871 887,2873 960,2881 1033,2885 1106,2885 1178,2889 1251,2894 1324,2897 1397,2898 1470,2903 1543,2911 1616,2912 1688,2915 1761,2919 1834,2924 1907,2924 1980,2925 2053,2930 2126,2944"/>
                <TextEquiv>
                    <Unicode>Richard: Nicht weniger als heute.</Unicode>
                </TextEquiv>
            </TextLine>
            <TextLine id="tr_1_tl_26" custom="readingOrder {index:25;}">
                <Coords points="656,3020 1571,3082 1887,3059 2494,3145 2528,3129 2520,2984 2219,2958 2136,2992 1981,2940 1882,2981 1486,2909 1377,2981 651,2930"/>
                <Baseline points="669,2998 762,3001 855,3004 948,3011 1041,3017 1134,3020 1227,3022 1320,3027 1413,3035 1506,3039 1599,3044 1692,3046 1785,3055 1878,3055 1971,3058 2064,3064 2157,3068 2250,3075 2343,3082 2436,3085 2529,3091"/>
                <TextEquiv>
                    <Unicode>Franzi: Wie inmer, es ist vorbei. Marum frag</Unicode>
                </TextEquiv>
            </TextLine>
            <TextLine id="tr_1_tl_27" custom="readingOrder {index:26;}">
                <Coords points="646,3189 892,3147 1423,3191 1498,3171 1493,3070 1257,3075 1154,3116 1115,3082 936,3090 638,3041"/>
                <Baseline points="657,3130 699,3130 741,3133 783,3133 826,3138 868,3139 910,3139 952,3141 995,3144 1037,3148 1079,3151 1121,3151 1164,3151 1206,3153 1248,3157 1290,3157 1333,3157 1375,3159 1417,3162 1459,3165 1502,3171"/>
                <TextEquiv>
                    <Unicode>ich dich un nichts?</Unicode>
                </TextEquiv>
            </TextLine>
            <TextLine id="tr_1_tl_28" custom="readingOrder {index:27;}">
                <Coords points="633,3295 1146,3287 1216,3329 1353,3298 1607,3347 1708,3316 1890,3365 2027,3331 2108,3370 2515,3352 2512,3274 2201,3248 2074,3285 1545,3215 1449,3246 1146,3235 1071,3194 998,3228 814,3168 627,3189"/>
                <Baseline points="648,3264 741,3264 835,3271 928,3276 1022,3279 1116,3282 1209,3287 1303,3291 1396,3301 1490,3308 1584,3309 1677,3312 1771,3318 1864,3318 1958,3325 2052,3328 2145,3331 2239,3339 2332,3341 2426,3347 2520,3354"/>
                <TextEquiv>
                    <Unicode>Richard: Wie wenig ist Gegennart.Nas einen</Unicode>
                </TextEquiv>
            </TextLine>
            <TextEquiv>
                <Unicode></Unicode>
            </TextEquiv>
        </TextRegion>
    </Page>
</PcGts>
