2952 3560
748 427 2433 646 lich nie auf, Du musst mir den Gefallen
752 563 2427 793 tun.Künmere dich um sie. Fast hätte ich
757 706 2440 888 ihr geschrieben, sobaldich zurückkomme,
755 835 2335 1015 muss sie wieder mir gehören. Was sie
770 939 2522 1173 indöss erlebt haben mag, weiss ich nicht.
779 1091 2409 1298 Uebrigens hat sie sich nichts erlebt.
788 1231 2505 1431 so etwas fühlt man.Auch wenn sie indess
797 1342 2498 1552 einen Liehhaber gehabt hät. Zwischen mir
793 1483 2173 1681 und ihr kann es nicht aufhören.
795 1598 2589 1834 Richard: Marum erzählst du mir das alle?
804 1768 2358 1950 Ludwig:Wenn du sie noch heute sehen.
813 1883 1979 2070 könntest - sie beruhigen-
824 1970 2500 2195 Richard: Sie hat doch, nehm ich an,seit
828 2126 2340 2329 einem Jahr nichts von dir gehörtte
839 2260 2578 2480 ludwig: Ich auch nichts von ihr. Und doch
833 2387 2569 2567 gerade heute glüht es von neuem in mir.
842 2513 2522 2689 Menn es Ahnung, wenn du willst.Du musst
848 2631 2415 2838 mir telegraphieren, wie es ihr ghht.
864 2754 2625 2997 Richard: Ich habe kein Talent zum liebe
870 2972 1138 3132 poten.
870 3025 2649 3268 ludnig: Du bist koin. Freund.Aber wie du
