<?xml version="1.0" encoding="UTF-8" standalone="yes"?>
<PcGts xmlns="http://schema.primaresearch.org/PAGE/gts/pagecontent/2013-07-15" xmlns:xsi="http://www.w3.org/2001/XMLSchema-instance" xsi:schemaLocation="http://schema.primaresearch.org/PAGE/gts/pagecontent/2013-07-15 http://schema.primaresearch.org/PAGE/gts/pagecontent/2013-07-15/pagecontent.xsd">
    <Metadata>
        <Creator>prov=READ-COOP:name=PyLaia@TranskribusPlatform:version=2.7.0:model_id=50870:lm=none:date=22_01_2024_18:33</Creator>
        <Created>2023-09-27T14:34:44.377+02:00</Created>
        <LastChange>2024-01-22T18:33:01.950+01:00</LastChange>
        <TranskribusMetadata docId="1589033" pageId="60123199" pageNr="10" tsid="145632774" status="IN_PROGRESS" userId="40391" imgUrl="https://files.transkribus.eu/Get?id=SKFBLGAVTZCKCGFIJDHWTRNM&amp;fileType=view" xmlUrl="https://files.transkribus.eu/Get?id=DEBURJXGFGFNRBWIDTRDJOYC" imageId="48548277"/>
    </Metadata>
    <Page imageFilename="1589033_0010.jpg" imageWidth="2904" imageHeight="3560">
        <ReadingOrder>
            <OrderedGroup id="ro_1711793095043" caption="Regions reading order">
                <RegionRefIndexed index="0" regionRef="tr_1"/>
            </OrderedGroup>
        </ReadingOrder>
        <TextRegion orientation="0.0" id="tr_1" custom="readingOrder {index:0;}">
            <Coords points="504,597 504,3121 2646,3121 2646,597"/>
            <TextLine id="tr_1_tl_1" custom="readingOrder {index:0;}">
                <Coords points="513,628 747,681 1120,630 1386,660 2466,625 2466,569 2179,468 1958,537 1532,495 1136,577 513,551"/>
                <Baseline points="528,636 625,633 722,636 819,633 916,630 1013,630 1110,632 1207,631 1304,630 1401,636 1498,627 1595,627 1692,627 1789,627 1886,627 1983,632 2080,624 2177,623 2274,619 2371,618 2469,618"/>
                <TextEquiv>
                    <Unicode>haber unsehen wolle. Schon am Tag darauf war</Unicode>
                </TextEquiv>
            </TextLine>
            <TextLine id="tr_1_tl_2" custom="readingOrder {index:1;}">
                <Coords points="1990,697 2163,673 2210,705 2250,676 2394,702 2437,673 2468,692 2559,673 2562,564 2511,564 2386,636 2298,609 2250,641 2133,617 1990,644"/>
                <Baseline points="2003,677 2031,674 2059,672 2087,671 2115,671 2143,668 2171,666 2199,666 2227,666 2255,666 2284,667 2312,668 2340,668 2368,667 2396,666 2424,668 2452,668 2480,668 2508,668 2536,666 2565,663"/>
                <TextEquiv>
                    <Unicode>dtiaente atit</Unicode>
                </TextEquiv>
            </TextLine>
            <TextLine id="tr_1_tl_3" custom="readingOrder {index:2;}">
                <Coords points="1436,721 1466,721 1503,692 1604,694 1617,708 1639,697 1673,713 1721,694 1761,710 1764,646 1708,654 1676,636 1655,654 1593,641 1577,654 1524,628 1500,652 1439,652"/>
                <Baseline points="1454,698 1480,695 1506,692 1533,692 1559,691 1586,689 1612,688 1638,686 1665,686 1691,686 1718,686 1744,686 1771,686"/>
                <TextEquiv>
                    <Unicode>ciem</Unicode>
                </TextEquiv>
            </TextLine>
            <TextLine id="tr_1_tl_4" custom="readingOrder {index:3;}">
                <Coords points="511,771 859,819 1117,777 1551,806 2160,761 2242,798 2314,753 2639,753 2639,684 2527,670 1955,708 1881,660 1750,716 1072,660 982,700 841,660 625,713 511,689"/>
                <Baseline points="525,764 631,761 737,761 843,763 949,764 1055,761 1161,758 1267,758 1373,760 1479,761 1585,761 1691,758 1797,755 1903,757 2009,753 2115,752 2221,752 2327,749 2433,748 2539,747 2646,749"/>
                <TextEquiv>
                    <Unicode>im Besitz der Antwort. Die konnte ihm nur wieder-</Unicode>
                </TextEquiv>
            </TextLine>
            <TextLine id="tr_1_tl_5" custom="readingOrder {index:4;}">
                <Coords points="505,902 902,896 963,936 1186,894 1351,939 1537,888 1601,931 1686,891 2546,894 2546,827 2410,835 2325,774 1894,830 1607,782 1511,838 1343,793 1253,838 1085,801 505,838"/>
                <Baseline points="519,892 620,889 722,889 824,892 925,889 1027,889 1129,889 1230,887 1332,888 1434,887 1536,887 1637,884 1739,886 1841,884 1942,884 2044,888 2146,884 2247,889 2349,883 2451,878 2553,881"/>
                <TextEquiv>
                    <Unicode>holen, was sie ihm nun schon so oft gesagt;dass</Unicode>
                </TextEquiv>
            </TextLine>
            <TextLine id="tr_1_tl_6" custom="readingOrder {index:5;}">
                <Coords points="511,1088 1085,1019 1287,1085 1375,1037 1644,1059 1742,1016 2051,1051 2314,1013 2583,1059 2583,918 2463,886 2184,968 2035,896 1865,883 1575,950 1466,899 1130,955 955,928 827,974 710,918 511,944"/>
                <Baseline points="525,1021 628,1018 731,1020 834,1021 937,1018 1041,1018 1144,1016 1247,1015 1350,1015 1453,1015 1557,1018 1660,1014 1763,1014 1866,1015 1969,1015 2073,1017 2176,1012 2279,1012 2382,1009 2485,1007 2589,1012"/>
                <TextEquiv>
                    <Unicode>Rudolfs Bild in ihrem Herzen völlig ausgelöscht</Unicode>
                </TextEquiv>
            </TextLine>
            <TextLine id="tr_1_tl_7" custom="readingOrder {index:6;}">
                <Coords points="505,1178 625,1154 936,1205 1096,1154 1138,1189 1240,1152 1891,1184 1987,1149 2107,1202 2165,1154 2492,1165 2495,1077 2338,1101 2131,1035 1905,1096 1835,1045 1678,1085 1503,1021 1186,1096 910,1099 758,1040 508,1088"/>
                <Baseline points="519,1152 618,1149 717,1148 816,1150 915,1150 1014,1146 1113,1146 1212,1146 1311,1143 1410,1143 1509,1146 1608,1143 1707,1141 1806,1143 1905,1142 2004,1143 2103,1140 2202,1140 2301,1140 2400,1137 2499,1143"/>
                <TextEquiv>
                    <Unicode>sei, dass sie niemanden liebe als ihn)dass sie</Unicode>
                </TextEquiv>
            </TextLine>
            <TextLine id="tr_1_tl_8" custom="readingOrder {index:7;}">
                <Coords points="505,1282 732,1319 817,1285 883,1327 971,1282 1423,1319 1694,1274 1769,1309 1883,1274 2556,1282 2556,1221 1926,1162 505,1218"/>
                <Baseline points="519,1281 621,1275 723,1281 825,1277 927,1276 1029,1277 1131,1278 1234,1281 1336,1278 1438,1275 1540,1275 1642,1274 1744,1272 1846,1275 1949,1272 2051,1273 2153,1269 2255,1266 2357,1266 2459,1266 2562,1269"/>
                <TextEquiv>
                    <Unicode>aber nun endgültig die Hoffnung aufgeben müs se</Unicode>
                </TextEquiv>
            </TextLine>
            <TextLine id="tr_1_tl_9" custom="readingOrder {index:8;}">
                <Coords points="1899,1343 2059,1335 2093,1354 2133,1330 2155,1354 2309,1325 2415,1335 2418,1290 2362,1295 2285,1266 2256,1282 2221,1271 2189,1295 2109,1277 2069,1293 2024,1277 1902,1285"/>
                <Baseline points="1914,1335 1939,1335 1965,1335 1990,1335 2016,1335 2041,1334 2067,1332 2092,1330 2118,1329 2143,1327 2169,1325 2195,1323 2220,1323 2246,1323 2271,1323 2297,1323 2322,1323 2348,1322 2373,1320 2399,1320 2425,1320"/>
                <TextEquiv>
                    <Unicode>ic erlonitmm</Unicode>
                </TextEquiv>
            </TextLine>
            <TextLine id="tr_1_tl_10" custom="readingOrder {index:9;}">
                <Coords points="495,1436 1035,1444 1189,1407 1540,1450 2043,1404 2418,1455 2527,1415 2530,1319 1883,1357 1168,1301 497,1373"/>
                <Baseline points="510,1406 611,1406 712,1411 813,1406 915,1406 1016,1409 1117,1406 1218,1409 1320,1406 1421,1406 1522,1403 1623,1401 1725,1406 1826,1403 1927,1405 2028,1400 2130,1400 2231,1403 2332,1402 2433,1398 2535,1397"/>
                <TextEquiv>
                    <Unicode>ihn jemals völlig zu beruhigen. Nachdem Rudolf</Unicode>
                </TextEquiv>
            </TextLine>
            <TextLine id="tr_1_tl_11" custom="readingOrder {index:10;}">
                <Coords points="497,1569 1029,1540 1088,1577 1178,1535 1394,1580 1482,1535 1867,1530 2623,1564 2623,1490 2556,1466 2046,1415 1843,1450 1609,1423 1452,1484 1343,1439 1200,1482 1011,1450 497,1482"/>
                <Baseline points="513,1541 618,1538 724,1539 830,1538 936,1535 1041,1535 1147,1535 1253,1534 1359,1535 1464,1535 1570,1532 1676,1530 1782,1529 1887,1529 1993,1529 2099,1532 2205,1529 2310,1532 2416,1528 2522,1528 2628,1535"/>
                <TextEquiv>
                    <Unicode>sie verlassen habe sie sich wirklich mit selbst-</Unicode>
                </TextEquiv>
            </TextLine>
            <TextLine id="tr_1_tl_12" custom="readingOrder {index:11;}">
                <Coords points="1463,1612 1732,1604 1777,1631 1846,1599 1867,1617 1998,1591 2000,1535 1867,1530 1806,1553 1705,1530 1673,1559 1625,1564 1596,1543 1540,1559 1466,1535"/>
                <Baseline points="1478,1597 1504,1595 1530,1594 1556,1594 1583,1594 1609,1593 1635,1592 1661,1591 1688,1591 1714,1591 1740,1591 1766,1589 1793,1588 1819,1588 1845,1587 1871,1585 1898,1585 1924,1585 1950,1585 1976,1584 2003,1582"/>
                <TextEquiv>
                    <Unicode>ler cie sicctet</Unicode>
                </TextEquiv>
            </TextLine>
            <TextLine id="tr_1_tl_13" custom="readingOrder {index:12;}">
                <Coords points="492,1676 1005,1726 1200,1673 1412,1708 1495,1668 2572,1686 2572,1553 2495,1585 2402,1535 2296,1612 2069,1631 1992,1588 1777,1628 1468,1612 1412,1569 1282,1596 1154,1543 894,1615 724,1561 492,1612"/>
                <Baseline points="507,1669 610,1666 714,1668 817,1666 921,1663 1025,1666 1128,1666 1232,1663 1336,1665 1439,1666 1543,1664 1647,1663 1750,1667 1854,1662 1958,1660 2061,1661 2165,1659 2269,1660 2372,1660 2476,1655 2580,1660"/>
                <TextEquiv>
                    <Unicode>mordgedankek getragen. Ob er es ihr gar so übel</Unicode>
                </TextEquiv>
            </TextLine>
            <TextLine id="tr_1_tl_14" custom="readingOrder {index:13;}">
                <Coords points="1769,1769 1899,1721 2022,1734 2059,1716 2077,1729 2099,1716 2157,1726 2160,1681 2093,1681 2059,1665 1998,1689 1960,1665 1939,1684 1891,1662 1857,1684 1825,1668 1774,1684"/>
                <Baseline points="1785,1732 1810,1731 1835,1726 1861,1722 1886,1721 1911,1719 1937,1717 1962,1717 1987,1717 2013,1717 2038,1716 2063,1715 2089,1713 2114,1711 2139,1714 2165,1717"/>
                <TextEquiv>
                    <Unicode>seline</Unicode>
                </TextEquiv>
            </TextLine>
            <TextLine id="tr_1_tl_15" custom="readingOrder {index:14;}">
                <Coords points="497,1811 1290,1859 1412,1798 2437,1796 2437,1737 2330,1721 1902,1721 1806,1769 1530,1662 1415,1708 1200,1673 1077,1718 604,1713 497,1756"/>
                <Baseline points="513,1797 609,1794 706,1794 802,1797 899,1796 995,1797 1092,1794 1188,1794 1285,1797 1381,1793 1478,1791 1574,1790 1671,1791 1767,1788 1864,1788 1960,1790 2057,1788 2153,1785 2250,1785 2346,1785 2443,1788"/>
                <TextEquiv>
                    <Unicode>nehmen wolle, dass (sei ne liebe sie wieder ins</Unicode>
                </TextEquiv>
            </TextLine>
            <TextLine id="tr_1_tl_16" custom="readingOrder {index:15;}">
                <Coords points="1317,1851 1692,1849 1692,1809 1647,1796 1559,1793 1503,1814 1460,1798 1434,1814 1423,1801 1383,1801 1357,1825 1317,1811"/>
                <Baseline points="1332,1851 1358,1850 1384,1848 1410,1848 1436,1848 1463,1848 1489,1847 1515,1845 1541,1845 1567,1845 1594,1843 1620,1843 1646,1844 1672,1843 1699,1839"/>
                <TextEquiv>
                    <Unicode>neiber</Unicode>
                </TextEquiv>
            </TextLine>
            <TextLine id="tr_1_tl_17" custom="readingOrder {index:16;}">
                <Coords points="1750,1865 1939,1875 2000,1846 2176,1881 2274,1849 2298,1870 2386,1846 2431,1865 2429,1796 1748,1811"/>
                <Baseline points="1765,1842 1798,1842 1832,1844 1865,1845 1899,1845 1933,1845 1966,1845 2000,1846 2033,1848 2067,1850 2101,1851 2134,1851 2168,1851 2201,1849 2235,1848 2269,1848 2302,1848 2336,1848 2369,1847 2403,1845 2437,1845"/>
                <TextEquiv>
                    <Unicode>eite irteiote</Unicode>
                </TextEquiv>
            </TextLine>
            <TextLine id="tr_1_tl_18" custom="readingOrder {index:17;}">
                <Coords points="508,1947 739,1928 923,2000 1176,1928 1322,1987 1609,1921 1734,1968 1934,1923 2540,1958 2540,1865 2405,1843 2176,1881 1713,1830 1407,1883 1128,1827 508,1865"/>
                <Baseline points="522,1929 623,1923 724,1924 825,1926 926,1926 1027,1929 1128,1926 1229,1926 1330,1926 1431,1926 1533,1922 1634,1920 1735,1923 1836,1923 1937,1921 2038,1920 2139,1923 2240,1919 2341,1918 2442,1918 2544,1920"/>
                <TextEquiv>
                    <Unicode>Leben zurückgerufen, Wenn sie nun ihm schwören</Unicode>
                </TextEquiv>
            </TextLine>
            <TextLine id="tr_1_tl_19" custom="readingOrder {index:18;}">
                <Coords points="521,1995 556,2006 575,1992 617,2000 694,1995 697,1934 676,1936 657,1923 628,1952 598,1944 564,1950 553,1939 524,1944"/>
                <Baseline points="537,1992 564,1992 591,1990 619,1989 646,1989 673,1988 701,1986"/>
                <TextEquiv>
                    <Unicode>wot</Unicode>
                </TextEquiv>
            </TextLine>
            <TextLine id="tr_1_tl_20" custom="readingOrder {index:19;}">
                <Coords points="505,2075 1123,2107 1271,2072 1317,2109 1519,2051 1732,2054 1782,2099 2046,2051 2532,2067 2532,1987 2187,1992 2109,1936 1960,1926 1133,2011 779,1966 505,1998"/>
                <Baseline points="519,2051 625,2055 731,2055 837,2054 944,2055 1050,2054 1156,2054 1262,2052 1369,2048 1475,2049 1581,2051 1687,2051 1794,2051 1900,2048 2006,2049 2112,2051 2219,2048 2325,2046 2431,2048 2538,2051"/>
                <TextEquiv>
                    <Unicode>würde, dass sie seinen Verlust nicht überdauern</Unicode>
                </TextEquiv>
            </TextLine>
            <TextLine id="tr_1_tl_21" custom="readingOrder {index:20;}">
                <Coords points="497,2210 676,2200 864,2256 1657,2187 1764,2224 2325,2179 2490,2221 2490,2115 2359,2141 1907,2064 1631,2131 1391,2075 1317,2109 886,2069 497,2109"/>
                <Baseline points="513,2186 612,2186 711,2186 810,2183 909,2183 1008,2184 1107,2183 1207,2186 1306,2185 1405,2180 1504,2180 1603,2183 1702,2180 1801,2182 1901,2180 2000,2177 2099,2180 2198,2179 2297,2177 2396,2180 2496,2183"/>
                <TextEquiv>
                    <Unicode>könne, sa hätte er gewiss aflen Grund daran zu</Unicode>
                </TextEquiv>
            </TextLine>
            <TextLine id="tr_1_tl_22" custom="readingOrder {index:21;}">
                <Coords points="495,2314 787,2346 1439,2317 1577,2359 1926,2330 2128,2375 2208,2333 2514,2330 2514,2240 2402,2221 2218,2261 1998,2221 1921,2269 1846,2226 1756,2282 1455,2208 1240,2218 1168,2266 955,2229 551,2266 495,2232"/>
                <Baseline points="510,2314 610,2311 711,2314 811,2311 912,2311 1012,2311 1113,2311 1213,2309 1314,2311 1414,2308 1515,2308 1615,2309 1716,2308 1816,2307 1917,2310 2017,2308 2118,2308 2218,2308 2319,2308 2419,2306 2520,2308"/>
                <TextEquiv>
                    <Unicode>zweifeln und so habe sie nur ein sicheres Mit-</Unicode>
                </TextEquiv>
            </TextLine>
            <TextLine id="tr_1_tl_23" custom="readingOrder {index:22;}">
                <Coords points="495,2460 779,2495 1181,2453 1330,2503 1580,2445 1694,2479 1923,2453 1982,2490 2168,2439 2567,2458 2567,2359 2365,2330 2085,2391 1309,2314 1099,2391 495,2367"/>
                <Baseline points="510,2443 613,2443 716,2443 819,2442 922,2443 1026,2439 1129,2442 1232,2446 1335,2440 1438,2441 1542,2437 1645,2437 1748,2437 1851,2437 1954,2437 2058,2440 2161,2437 2264,2440 2367,2436 2470,2434 2574,2434"/>
                <TextEquiv>
                    <Unicode>tel ihn von der völligen Echtheit ihrer Empfin-</Unicode>
                </TextEquiv>
            </TextLine>
            <TextLine id="tr_1_tl_24" custom="readingOrder {index:23;}">
                <Coords points="492,2599 638,2628 737,2583 854,2625 976,2578 1311,2615 1881,2570 2115,2639 2234,2570 2567,2588 2567,2495 2442,2471 2346,2522 2149,2482 1758,2519 1583,2445 1412,2498 846,2476 705,2516 492,2450"/>
                <Baseline points="507,2571 610,2571 713,2571 817,2571 920,2571 1023,2571 1127,2568 1230,2571 1333,2571 1437,2569 1540,2568 1643,2567 1747,2566 1850,2568 1953,2568 2057,2568 2160,2568 2263,2567 2367,2565 2470,2565 2574,2577"/>
                <TextEquiv>
                    <Unicode>dungen zu überzeugen,den Schwur wahr zu machen,</Unicode>
                </TextEquiv>
            </TextLine>
            <TextLine id="tr_1_tl_25" custom="readingOrder {index:24;}">
                <Coords points="500,2726 2522,2719 2522,2636 2482,2617 2343,2636 2210,2594 1974,2641 1822,2578 1351,2631 931,2591 777,2644 500,2599"/>
                <Baseline points="516,2699 616,2699 717,2699 817,2702 918,2705 1019,2698 1119,2697 1220,2698 1321,2699 1421,2697 1522,2697 1623,2699 1723,2696 1824,2697 1925,2696 2025,2699 2126,2699 2227,2696 2327,2694 2428,2693 2529,2696"/>
                <TextEquiv>
                    <Unicode>in dem Augenblicke, da sie ihn leiste. Und der</Unicode>
                </TextEquiv>
            </TextLine>
            <TextLine id="tr_1_tl_26" custom="readingOrder {index:25;}">
                <Coords points="489,2873 718,2899 982,2830 1322,2881 1458,2830 1628,2865 1686,2830 2562,2838 2562,2756 2312,2695 1905,2750 1152,2713 750,2764 665,2719 492,2729"/>
                <Baseline points="504,2828 607,2832 710,2833 813,2828 916,2828 1019,2828 1122,2828 1225,2826 1328,2829 1431,2826 1534,2828 1637,2826 1740,2825 1843,2825 1946,2825 2049,2825 2152,2825 2255,2828 2358,2827 2461,2825 2565,2828"/>
                <TextEquiv>
                    <Unicode>Brief, dessen Anfang in vollkommener Rühe gehal-</Unicode>
                </TextEquiv>
            </TextLine>
            <TextLine id="tr_1_tl_27" custom="readingOrder {index:26;}">
                <Coords points="489,2990 702,3030 886,2974 1040,3006 1141,2958 1697,2995 2447,2971 2447,2891 2333,2905 2179,2836 2022,2873 1745,2830 1649,2870 1386,2846 1322,2881 1165,2830 1027,2894 899,2867 790,2907 489,2873"/>
                <Baseline points="504,2965 601,2959 699,2957 796,2959 894,2956 991,2958 1089,2956 1186,2956 1284,2956 1381,2956 1479,2956 1576,2955 1674,2956 1771,2955 1869,2953 1966,2953 2064,2956 2161,2956 2259,2953 2356,2956 2454,2956"/>
                <TextEquiv>
                    <Unicode>sten war und einen solchen Abschluss durchaus</Unicode>
                </TextEquiv>
            </TextLine>
            <TextLine id="tr_1_tl_28" custom="readingOrder {index:27;}">
                <Coords points="495,3126 583,3104 710,3147 814,3091 976,3094 1213,3176 1721,3131 1846,3165 2125,3088 2607,3112 2636,3019 2240,2987 1790,3032 1407,2971 1162,3040 888,2974 803,3027 497,2995"/>
                <Baseline points="510,3100 616,3091 722,3090 829,3092 935,3091 1041,3088 1148,3088 1254,3088 1360,3090 1467,3091 1573,3088 1679,3088 1786,3088 1892,3085 1998,3088 2105,3085 2211,3086 2317,3085 2424,3086 2530,3088 2637,3091"/>
                <TextEquiv>
                    <Unicode>nicht vorhorschen liess,endete mit der Mitteilung</Unicode>
                </TextEquiv>
            </TextLine>
            <TextEquiv>
                <Unicode></Unicode>
            </TextEquiv>
        </TextRegion>
    </Page>
</PcGts>
