5784 3608
1539 1591 2191 1758 zuskaetten.
1417 1777 1737 1902 i den
1485 1869 1768 2038 Sehe
996 2158 1290 2302 diede
904 2267 2424 2431 dese doct. dot eret. wetat wenie dat
953 2370 2403 2551 detesete des etded erae itratei
1678 2514 2382 2674 neereaier 15
1556 2655 2283 2827 erded tead iiet
2102 3058 2389 3192 edene
1485 3048 1972 3203 Auid en
3589 381 5284 607 grauben, dass ich auch nur sailseiner
3587 534 5414 725 Faser meines Wesens ihn verbunden bin. Du
3582 652 5277 864 wo isst doch dass ich mit leib ih seele
3589 819 4884 993 dir gehöre für alle Enigkeif.
3599 911 5451 1118 Richard: Das hast du auch fawals geglaubt.
3604 1076 4743 1238 Franzi: Heute weiss ich's.
3613 1172 5376 1398 Richard: Du hast es auch damals gemusst.
3613 1304 4752 1499 Franzi: Es war ein Irrtuns.
3611 1438 5402 1634 Richard: Es wird auch diessmal ein Iertun-
3625 1697 4689 1899 Franzi: Das ist möglicht
3629 1843 4427 2034 Richard: Nun also.
3549 1925 5355 2215 CFrauzt: Es ist willionchwal da gewosen.
3637 2088 5475 2304 dass ein bpfühl, das wan) für unauslöschlich
3637 2213 5489 2398 das man für enig gehalfen hat,doch endete.
3660 2323 5425 2526 Richard: Du hast es erhebt. Un ment
3660 2441 5458 2650 Franzl: Und werde es vfolleicht noch ein-
3641 2631 4213 2799 mal erleben.
3665 2712 4990 2916 Richerd: Oder ein Dutzend Malf
3660 2857 5418 3065 Franzi: Se undenkbar es mir scheint, mög-
3672 2989 5564 3248 lich ist allos. Por letfes nicht unsinnie.
