5560 3496
251 186 2405 522 Ich Ruchen zue lechtgederblidcte
468 440 1839 705 Hen ih nollen obt
254 618 2372 959 Des Cutschir s. art - wielle, ein
290 807 2518 1153 tict. Jum (hebelder /mr Neu
288 1097 1500 1263 ice pette jeea
369 1176 2338 1506 frag keeiet. Aeferle
358 1382 2366 1653 Ich enn wen gefert: Mike
381 1548 2436 1901 kon nicht, klan Trule Wird¬
381 1768 2600 2044 be gebermen, kann bes de nochleckt
350 1946 2352 2222 arbeil. ve den pais in po
1613 2092 2563 2363 (Serlnet um .)
544 2177 1371 2414 d Rupelin
386 2270 2349 2625 (u. dierigselle klier- abeb
364 2580 2403 2831 in hollcae witl en lesabequem
849 2735 2445 2998 H. Non. w. R. Puit. he
457 2992 2718 3232 I He. Frec. B hen erllutt a hust
5065 144 5324 324 116
2865 214 3937 417 ist d in aitorim
2944 381 5155 615 Ius. Pey Kctin de ke Jtanud k in
2967 572 5144 818 Rnd g nicht gutete.. Ate fein
2885 764 5141 1021 i eet fure lto nituntt
2938 970 5141 1198 n woll cni senit ohucul. Seulen
2978 1176 5034 1427 de Verlagelmn fant Ahle
2969 1337 5231 1613 In 1althat wir egentlich nicht wi
2907 1576 5135 1813 einer getkun –d in die Cmbler¬
2955 1774 3505 1982 2 abl.
