2904 3512
2333 139 2463 254 27
738 262 2371 540 4 Thoaterprobe, oler besser Bühnenein-
746 463 2205 653 gane Erentuell ein Teil der Srene
742 576 2391 789 rechts Strasse und links der Gang, der
770 712 2393 894 ins Innere des Theaters führt mit der
753 883 1301 1047 Portierloge.
759 947 2316 1160 zuerst ein Gespräch zwischen Shhau-
772 1079 2459 1326 spieler über die letzte Propiöre, über
791 1224 2414 1414 das neue stück, von dem heute die Pro-
780 1350 2292 1544 ben beginnen. Auch der Autor könnte
793 1476 2429 1659 eventuell eine Rolle spielen,entweder
800 1606 2416 1823 ein Freund Richards sein oder ihn in
804 1712 2452 1930 ersten Bild kennen gelernt habenfoder.
821 1894 1872 2092 gar identisch mit Karl.)
827 1990 2508 2186 Der Regisseur und der Autor reden über
827 2207 1188 2339 Striche.
840 2252 2510 2442 Franzl kommt vielleicht mit ihrer Mut-
859 2388 2478 2587 uter oder. mit ihrer Schwester,Ontor-
855 2499 2555 2708 haltung mit den Autor und den Reglsser
868 2681 1572 2855 über ihre Rolle.
866 2751 2582 2954 Regisseur: Da können sie über Nacht be-
879 2879 2467 3113 rühnt werden. Ich bin auch über Nacht
887 3017 2437 3239 berühnt geworden. Aber es hat nicht
