2888 3512
890 493 2528 647 men bis es vorbei ist.Die Nächste ist
886 619 2059 772 dann wieder eine Ausnahme.
869 744 2465 928 Richard: Ich möchte doch wetten, dass
919 890 2433 1025 Sie jetzt auch von Ihrer Geliebten
875 1010 1205 1154 kommen.
869 1105 2541 1281 Karl: Von einem Weib, ja. Nun, werden sie
869 1264 2370 1408 auch bald heiraten? Noch immer das
860 1414 2367 1539 Beste.Innere Ordnung gibts ja doch
856 1516 2357 1676 nicht, also wenigstens eine gewisse
858 1653 1224 1780 äussere.
858 1738 2006 1900 Richard: Wie alt sind sie?
852 1909 2547 2076 Karl: Meine Kraft sinkt nach dem Grabe.
846 2023 2359 2211 Fünfunddreissig, mein Lieber. Ja, das
841 2175 2429 2308 habe ich mir auch einmal schrecklich
841 2336 2522 2475 vorgestellt.Aber man gewöhnts. Manchmäl-
831 2441 2338 2591 hältt man sich sogar noch für jung.
833 2558 2238 2712 Richard: Ich bin vierundzwanzig.
837 2687 2528 2868 Karl: Gefährliches Alter.Da glaubt man
824 2828 1059 2940 noch.
820 2940 1767 3118 Richard: Nicht inner.
824 3076 2467 3257 Karl: Sie doch erst recht. Ihnen sicht.
