2840 3400
798 361 2509 497 8. Der Tag nach der Premiöre.Vielleicht
805 506 2415 651 zugleich nach der Verlobung Richards.
784 628 2395 764 Entweder bei Richard oder vielleicht
796 758 1674 903 besser bei Mathilde.
796 869 2466 1006 Zuerst Gespräch über die gestrige Pre-
779 1023 2413 1168 miere.Der Autor könnte anwesend sein.
773 1138 2340 1277 Hieher dringt hun die Nachricht vom-
777 1268 1751 1422 selbstmord der Franzi.
777 1390 2451 1554 Richtig bliebe, dass Richads Verhältnis
773 1520 2398 1689 zu Franzi für alle Uehriger ein voll-
760 1657 2361 1819 kommenes Geheimnis geblieben wäre. So
764 1766 2442 1947 fällt die Bewegung Richards nicht wei-
771 1902 2391 2050 ter auf oder wird zum mindesten nicht
762 2050 1518 2188 richtig gedeutet.
764 2163 2477 2289 Ludwig von seider Hochzeitsreise zurück.
747 2306 2346 2455 Er könnte sih einbilden, dass dieser
747 2415 2391 2590 selbstmord doch nochft seinetwegen er-
734 2568 1217 2694 folgt ist.
