5752 3624
333 339 2728 618 ert vorgezeichnet.. Oh. ich kenne won
324 547 2454 811 auh jetzt -ich meir- nichtte bleib
300 713 2668 1013 s meiten Fie vo de Brein nebum
365 906 2609 1245 h nacht er gethin!! Ich war our¬
360 1144 2594 1432 ner leb - ich wer muf weren gelieb
360 1361 2576 1667 habe. Ju - alle da gehrt n-,be
309 1584 2588 1911 lesen dh glertlich wn er binenn
437 1771 2558 2148 gegendert. Erkannt henl bet
419 2000 2591 2332 d komet mus ontoten, e ul
425 2270 2674 2564 sagt. - dahs mi berne türigen.
514 2532 2606 2838 ja - as ichwer de iger. Iahs ich noch nich
374 2757 2511 3016 loohware, we it noch velft-
371 2953 2422 3212 eindllker Schullaif de Eiel
915 3144 2484 3408 s usiche dm def
386 3236 847 3476 soll.
3132 1147 3479 1269 een uter
3155 1233 3476 1450 Hortpel.
3580 380 5274 588 Franzi: Moher denn? (du hast mir nichts
3574 517 5283 707 gesagt.Du hast ja seitdem seinen Namen
3577 663 4543 811 nicht ausgesprochen.)
3589 793 5280 963 Richard: (Ludwigs Hochzeit.Ludwig.Schön
3583 909 5431 1099 den Namen wieder zu hören. IIch komme eben
3595 1037 5286 1212 von dort.Darum habe ich mich verspätet.
3577 1183 5396 1361 Und ausserdem hatte er mit mir zu reden.)
3571 1287 5330 1480 Auch er hatte seitdem deinen Namen nicht
3560 1405 5295 1613 ausgesprochen.Heute hat er es getanfich
3566 1581 5384 1726 soll ihm ins Hotel Danieli telegraphieren.
3577 1697 4534 1878 Venedig, Hotel Danieli.
3566 1821 5390 2017 Franzi: Was hast du ihm zu, telographioren
3566 1952 5384 2119 Riehard: Fr.wöchte gern wissen, ob du dein
3560 2080 5212 2252 Wort gehalten hast(Fr schien einigen
3548 2190 5182 2356 Wort darauf zu legen - es zu wissen.)
3560 2318 5280 2540 Franzi: Mas für ein Wort hätte ic h ihn
3560 2460 3987 2627 gegebenf2
3554 2603 5342 2751 Richard: Nort ist übrigens ein zu milder.
3542 2719 5176 2906 Ausdruck. Ob du de inen Eid gehalten?
3560 2846 4715 3022 Franzi: Mas für einen Eidz
3548 2942 5268 3170 Richerd: lünbeneglicht du hfst ihn ge-
3548 3102 5212 3280 schworen - so behauptet er wenigtens-
