5608 3672
2911 296 5037 511 mult jem psue. A teb cus plet
2969 418 5281 691 er se d Gloctvamill. F auh umb weite
3100 593 5037 895 Ruch hut- bleibenme ter de flucke!
2986 816 5278 1066 Ir Bamm. Ich möcht auf ralten. Drt wenn
3033 1025 5212 1272 auh die Artuitpett Eitpet he Ulal
3004 1194 5336 1421 uuluitih risomone Auf d Rätzer
2975 1389 5165 1592 dieen Fenn de zen Angebung waren.
2969 1537 3625 1763 bestellt: Ih
3015 1711 4985 1891 Rise Abiietor. wie aich nicht gleich
3059 1836 3974 2042 Hotzeil dee eun
3036 1996 5305 2289 I Kare. Jftet nidterent f Herzer
3004 2231 5110 2458 die Artze uur uns woll den d bei
3010 2402 3361 2556 lirn
4186 2405 4889 2626 euureide S
3053 2478 5383 2766 Rach Botl. E welen ich den. Lgercer
3105 2652 5127 2917 2f1 l 1h ka mach - the feichen
3097 2911 3576 3042 raben.
3085 2983 4918 3227 S. Rar. Aus. Eh um geohnl
