5624 3736
5103 108 5351 271 50.-
2912 385 4099 645 Kaup. de war Nen tlhe
3306 543 4423 773 Rementerke uit mitt
2891 633 3218 826 Baur
4613 677 4901 858 Nejno
3253 724 3991 893 Beidevicher
4630 747 5149 910 Shrialte
2976 840 4563 1088 Bean Reland. (an deepusode
2950 1027 3837 1211 Mohl haber Sie tan
4155 1007 5246 1260 ge- über den gefellt. 1.
2961 1141 4633 1403 Berain, I freae wt ten
2944 1217 5222 1532 toffinberenst. Sif Sei sich tir wollfitle.
2950 1365 5091 1701 Reisae. Weitettess nih hineiliffer kun n
2955 1538 5307 1856 Burni u. der Handof Didstrotle Trchgeb in¬
3017 1669 5225 2001 H. Rutan Werken eihtee mich de Fritzel
3037 1981 3446 2150 aulen
3087 1958 5222 2241 Bacin Wrilterdef - Ize Hegen
3104 2165 5278 2442 Seg lefsufd Tnchoff itl. dftl
3020 2354 5281 2605 in d Sent unt wach ee db S.
3066 2486 5322 2807 teht ha de Bleeekat v. Shadtpekt¬
3037 2629 5322 2932 Saven mit drweu der simm nlket
3037 2830 5249 3087 nabl Blümer ia leihe in de hacht de
3034 2999 5039 3233 wie Cteous de Temlo offen heben-¬
3125 3142 4919 3373 Rahur Bir z Trohsch ist vort lan
3157 3250 5432 3489 Iine eber Nen Unnh hoff de Sanaf
