3000 3560
2430 412 2575 538 42.
726 521 2642 721 Raren sie verreist? Wie verscholfen. Nirgeit
738 676 1366 859 sieht man sie.
731 774 2475 952 Richard: Ich wäre vielleicht auch nicht
735 923 2561 1133 hier, wenn ludwig nicht mein bester Freund
740 1100 971 1233 wäre.
743 1138 2566 1330 der Vxter Richards jevialer, etwas banäler
735 1295 2385 1464 Wensch.Zu Mathilde: Ja, zanken sie ihn
733 1430 2594 1626 nur aus. (Wan merkt, dass er seinen Sohn mit
735 1576 2613 1759 Nachsicht behandelt) zu Rute, mein sehr im mit
1940 1659 2178 1761 pullech
740 1702 2444 1894 Mathilde zu Richard: Nun, man muss eben
745 1880 1366 2006 warten können.
745 1925 2497 2094 der Vater Antoinettens, lebemännisch und
747 2106 2616 2242 etwas angeheitert, hat ein Fachgespräch mit
1552 2206 2478 2335 dulle himinu- et ti
743 2251 1537 2390 Karl. (Über dee brech.
1799 2282 2487 2413 wiere sivgpeel
745 2368 2630 2556 Die Brautmutter und Antoinette, nur. ein paar
743 2520 1031 2649 Worte.
752 2589 2616 2792 Ludwig war schon früher flüchtig an Gesprä
754 2730 2604 2932 cho beteiligt, nun endlich, nachden sich die
747 2870 2537 3051 Meisten schon entfernt haben, als Richard
747 3001 2539 3189 eben gehen will, nimmt ludwig ihn kordial
745 3173 1388 3337 unter den Arn.
