2920 3560
722 476 2562 742 dann sicht er ein,es war Rollheit,eilz zu
713 663 1703 850 ihr, sucht sie, zu spät.
2214 783 2638 946 mi tatie
278 760 2185 970 lerjum 5ie ist. verschwunden. Mun demmeres
2057 891 2390 967 ebialit
272 932 663 1034 becte celis
733 903 2410 1101 sie wird mit einen Dritten davon sein.
269 996 724 1125 Hoffnung, das
254 1037 2562 1227 muunteu Er tröstet sich, (verlobt sich erst jetztl.
240 1157 689 1259 obinbgigane ist
1113 1163 2007 1271 vnd it de Hoteeren to leuten
234 1183 2582 1370 sol trute: Rudolf:/ Weisst du, was ich in Erfahrung ge-
716 1300 2235 1484 bracht habe? Sie ist verschwunden.“
716 1420 2690 1624 Sie hattsich doch noch getötet. (t- tichtet hus
722 1572 2448 1759 Hatte sie dennkeinen anderen Geliebten?
707 1686 2387 1890 Rudolf: Man sagt. Ich weiss nicht wer.
727 1820 2609 2027 Gleichgültig. Ungébracht hat sie sich doch
719 1992 1285 2153 meinetwegen.
724 2080 2638 2258 Max: Hat er nicht recht? Wo ist der Beweis,
727 2220 1791 2384 dass es meinetwegen mar?
1072 2425 2442 2620 Seide kamn. (Slingenein, u bei di
1005 2579 1762 2749 Hanb etend in Vulitim
911 2650 2159 2883 tas seuli iit iti wreile vermeltet.
