5544 3528
310 174 2448 574 Junehe teitt wiht den staf
307 454 2433 740 Ob die glaub denk doch necht, f d
232 659 1762 908 de eisende Henle
1029 737 2415 1050 belben bellen sih
400 881 974 1065 + Kal.
415 980 2424 1251 die ebemit ken?+Uge
403 1128 2559 1441 Woe Karl. Ernteirtf infehrt
367 1320 2484 1648 wie der wuf mit Tr. Resch i ter
274 1573 1907 1868 ee sutirral ben kenne.
325 1741 2403 2000 Ar Ce sy de in Kev. mi ermelg
361 1910 2553 2229 n ict.. Une Airet E Juellen
382 2117 2493 2463 Sell herichnnht rom.Resend.S.
352 2388 2656 2734 nach uit larterlict. Jeier hab in getelt
418 2559 2439 2908 jed. de iseu c dt hal Brut. &
406 2728 2316 3113 t deter tr ed S lsel
436 2986 2340 3326 Zreiln ide dah Binellhilerg
2863 235 4015 553 Frent Neineineem
4550 406 5248 665 I. seh-d
2887 475 4412 725 A Eigetnafniß.
2881 638 5047 953 Jnt d no wer geschiede. - jnde
2911 824 5125 1137 gitiedn."Agtlanfaht - wille
2932 1059 5101 1386 D. Beos an Kataltin.. Es cit u
2899 1191 5092 1591 woth gleichell - - mit wen (Eie
2887 1435 5311 1817 klar. Sehe nn no liefe ireten nichs
3014 1690 5182 2060 -wegnh.mm. Es zu Ihn Agle k
2968 1916 4962 2265 verenn, de bie cinstanchren
3513 2090 5083 2442 Ach Verze hu h Hannach
2980 2274 3311 2442 Mod
3059 2301 5233 2692 Ne on et Publikimis die und mal
3056 2535 5116 2926 scheinlich nichf gehel  h
3011 2848 4947 3140 bekannt darhuich mprloll
