3000 3560
800 435 2526 643 2. Behägliches Absteigquartler boi der
798 633 1169 772 Baronin.
813 720 1800 915 die Baronin heizt ein.
806 817 2409 1052 Franzi tritt ein. Es schneit. Man hat
806 1000 2061 1146 mich verfolgt wieder einmal.
817 1089 2500 1330 Baronin: Hoffentlich nicht bis hieher.
839 1215 2550 1404 Frauzi: Nein, ich verstehe schon zu ver-
830 1322 2504 1561 schwinden. Ihm will ich's nicht erzäh-
846 1546 1043 1678 len.
850 1576 2522 1819 Baronin: Ja, das ist so, dass man gerade
861 1715 2593 1928 ihnen das Amüsanteste nie erzählen kann.
843 1872 2478 2067 Sie spricht von ihrer Vergangenheit,
863 1996 2524 2193 von der Eifersucht der Männer. Sie hat
870 2078 2622 2339 Franzl gestern spielen geehen. Vielleicht
874 2274 2461 2443 weiss sie dadurch erst, mit wem sie's
880 2376 2472 2595 zu tun hat (Bleiben die Herrschaften
880 2511 2543 2715 heute hierz soll ich ein souper besör-
891 2732 1085 2837 gen?
887 2785 1787 2967 Franzl wehrt sie ab.
898 2902 2637 3080 Richard tritt ein Kurze. Unterhaltung zu
902 3058 1885 3278 dreien. Die Baronin ab.
