3000 3544
2304 279 2455 419 12
730 461 1603 639 Richard und Franzt.
758 546 2543 783 Richard: Menn du errätst, woher ich komm.
776 718 1623 889 Von einer Hochzeit.
783 812 2492 978 Franzi: Ich weiss, dass sie heute stätt-
783 993 1375 1146 gefunden hat.
765 1080 2466 1286 Richard: Man erfährt doch immer Neues.
789 1180 2475 1393 Ludwig hat mir schon genug von dir er-
801 1324 2475 1517 zählt in früherer Zeit ähnungslos. Aber
805 1472 2366 1650 dass du ihm geschworen hast dich an
818 1546 2524 1803 seinem Hochzeitstag unzubringen, das war
1211 1663 2437 1807 dielidi deri es Ninse sibt, die di mit
812 1774 2140 1914 wir nou. vernterierenhart (pierit
827 1865 1974 2053 Franzi: Ich weiss es noch.
838 2033 1470 2135 Richard: Nun-?
832 2098 2588 2313 Franzi: Warum quältst du micht Du weisst
854 2364 2608 2579 Richerd: Ich weiss gar nichts.Ich glauts
856 2479 2464 2681 dies und das, aber ich weiss nichts.
869 2626 2195 2814 Franzi: dass ich dich liebe-
865 2725 2519 2951 Richard: Ja - und dass du ihn geliebt
867 2940 1102 3058 hast.
880 3016 1900 3224 Franzi: Das ist vorbei.
