2872 3448
371 2216 586 2368 78
2236 308 2381 423 29
774 375 2453 568 5. Wohnung Franzis. Die Mutter mit ir-
785 518 2271 711 gend etwas Häuelichen beschäftigt.
776 679 2451 863 Eine. Kollggin kommt (schon aus dem vo-
770 787 2446 948 regen Bild bekannt), um sich nach Fran-
772 939 1969 1080 zis Befinden zu erkundigen.
779 1041 2501 1201 Mutter: Sie ist noch gar nicht zu Haus-
772 1186 2366 1375 Die Kollegin erzählt, dass sie um elt
776 1297 2518 1477 Ihr von der Probe weggegangen. Die Mutter
783 1434 2425 1616 anfangs arregt, dann beruhigt sie sich
772 1570 2383 1737 mit der Erwägung, dass hier eine Her-
779 1700 2329 1854 zensgeschichte im Spiel sei. Sie hat
783 1813 2455 1987 übrigens keine Ahnung wer der Geliebte
785 2010 976 2121 ist.
776 2058 2453 2240 Maa kommt vom Theater sich erkundigen,
779 2208 2334 2377 ob Franzi morgen bestimmt zur Probe-
787 2360 1319 2503 kommen wird.
785 2459 2375 2633 Die Mutter, die nicht sagen will, dass
785 2598 2379 2759 Franzi noch nicht zuhause, verspricht
783 2748 935 2884 08.
794 2848 1932 3012 dann nächst ihre Aufregung
794 2960 2310 3158 Richard kommt, die Mutter konnt ihn
