2888 3560
451 434 2585 638 dass sie in dem Augenbläck, in dem er diesen Brief
1151 578 1450 676 iul et de
456 603 2541 766 lese, nicht mehr am Leben sei. Fassungslos eilte
1083 717 1338 806 dec. je
453 711 2598 888 er in ihre Wohnung; sie war nicht dakein. Keiner
459 847 2501 1048 lei Spur wies, auf den Weg bih;den sie genommen
1051 969 1260 1051 ie blie
453 986 2552 1159 haben konnte. Durch Wochen hörte Max nichts von
413 1072 2593 1273 Eihr. Er fing an zu glauben, dass sie am Ende doch
462 1235 2582 1387 in den Armen irgend eines Dritten Trost gefunden
1260 1352 1827 1439 nen der d sen
456 1358 2441 1575 haben mochte. und sgefiel sich darin, wein auch.
462 1488 2506 1694 nur um seinen Schmerz zu übertäuben, sie im In-
2381 1588 2726 1735 ne edicha
456 1605 2373 1795 nern als eint Lügnerin zu beschimpfen. Doch
456 1757 2563 1928 einige Wochen später wurde ihr. Leichnam in den
872 1873 1385 1987 Mei Meiti itet
456 1884 2457 2061 Donauauen ans Land gewchwemmt. Am Tage darauf
1110 2006 1338 2082 der
459 2020 2590 2196 erschien Rudolf in der Wohnung seines Fre-undes.
472 2115 2549 2319 Er hatte von dem Selbstmord Minnis aus der Zei-
481 2264 2517 2449 tung erfahren und kam nun zu Max,um sich nicht
1776 2381 2093 2471 rericke
472 2400 2511 2574 ohne selbstgefälligkeit als Verursacher dieses
464 2514 2433 2707 Todes anzuklagen: Nun erst weihte ihn Max in
467 2663 2634 2832 den wahrhaften Verlauf der ganzen Geschichte ein,
893 2777 1344 2870 dem treseli
478 2769 2612 2965 und zeigte ihm den Abschiedsbrief der Geliebten.
1716 2919 1876 3041 de
467 2921 1561 3073 und in einem gemiet
510 2919 2389 3168 Rideslan itr retenkert dee Cerle u. Ciblec
543 3068 2194 3285 inte andlt aust citur v. der gleibet ermut
