5768 3592
792 2056 1207 2242 i
1848 2815 2251 3001 e
691 2820 1761 3032 geb de
3112 231 3477 394 6p. 1927.
3885 205 5102 441 jedenfelt ien aburem
4208 281 5245 453 dit eitor se cal
3499 394 5184 639 genonnen hat, dass er nichts söhnlicher
3496 566 5007 745 wünscht als dich wieder zu haben.
3499 719 4614 891 Frahzi: Du bist ja toll.
3510 820 5340 1028 Richard: Und ist vollkonnen überzugt, dass
3496 943 5389 1153 du auch nichts schnlicher fünschst als wie-
3466 1106 4331 1292 der ihm zu gehören.
3489 1235 4831 1417 Franzi: Du sprichst im Ernft?
3522 1353 5198 1509 Richard: Ich teile dir einfach mit, was
3494 1509 4696 1671 er in vollem Ernste sprach.
3508 1620 5354 1787 Franzi: Und du hast ihn zu Ende reden las-
3480 1754 4873 1924 sen, du hast, ihm nicht gefagt. -
3489 1881 4116 2044 Eichard: Was?
3494 1964 5361 2169 Franzi: Dass er ein Marr ist, ein cock, dass
3496 2134 5135 2299 ich einen Andern, dass ich dich liebe.
3506 2237 5205 2388 Richard: Dazu hätte ich (vielleicht ein
3501 2379 4258 2560 Geck sein wüssen.
3496 2487 5363 2704 Franzl: Dazu hättest duf nur ein Mann sein
3513 2692 3836 2812 müssen.
3508 2744 4229 2949 Richard: Franzil
3513 2876 5300 3095 Pfanzi: (zu ihn hin) Du kennst doch heuts
3501 3003 5375 3246 nicht wehr zeifeln, Richted, Du kannst doch
