2920 3448
2312 261 2452 410 66
535 442 2415 636 spielt auf der Bühne während des Schlusses
538 608 2455 789 des dritten iktes.Der Vorhang ist offen, das
545 706 2435 922 Publikun, der ganze Zuschaurraum bildet den
543 867 2007 1053 Hintergrund der wirklichen Bühne.
560 970 2387 1188 Franzi hat eben ihre letzte Szene, die mit
550 1095 2530 1339 ihrem Selbstmord endet. (Vergiftung) (Rostüm-
1088 1201 2324 1362 E de Pactr Aleit te miio Atidid
558 1294 849 1452 stück.
573 1364 2533 1590 Franzi sinkt zusammen,der Liebhaber sinkt an
575 1485 2528 1706 ihrer leiche nieder, der Vorhang fällt, zuerst
568 1588 2485 1839 vollkonnene stille, dann starker Applaus, der
578 1774 1676 1967 Vorhang hebt sich wieder.
583 1892 2133 2098 Franzi bleibt auf dem Boden liegen.
583 1987 2605 2226 Der liebhaber flüstert ihr zu: stehen sie auf.
583 2138 2540 2367 Der Vorhang senkt sich wieder, hebt sich noch
593 2274 2502 2480 einmal, senkt sich räsch.Der Direktor kommt
583 2407 2598 2610 auf die Bühne.Man hält Frauzi für ohnnächtig.
590 2540 2568 2746 der Tteaterarzt konnt, endlich zeigt sich, was
606 2658 2621 2867 geschehen ist. Der Vorhang hebt sich nicht wehr
603 2774 2070 3010 der Applaus draussen dauert fort.
613 2930 2482 3143 karl auf der Bühne, fasst die Sache anfangs
