2840 3432
2228 197 2364 351 33.
706 366 2306 550 Sehr zu ermägen, ob nicht Richerd aus
717 485 2293 665 guten Gründen an Selbstword Franzis
727 628 2394 779 zweifeln könnte. Spurlos verschwunden,
719 756 2459 914 das würde in diesem Falle nicht genügen:
725 892 2271 1057 Irgend ein Vorwand für Abreise oder
1617 894 2611 1091 geinen Bulmekeute
721 1035 1559 1184 scheinbare Abreise.
1596 1052 2440 1184 te altenl crcler
719 1145 2345 1316 oder er könnte nach seinem Abschiede-
725 1280 2269 1440 brief einem Vorsatz getreu sich gar
727 1401 2228 1565 nicht mehr um sie gekümmert haben.
853 1509 2271 1691 Sie er mit mittlott. - Sie mielt mit di
872 1611 1334 1745 nosi olle
