2920 3560
1891 207 2439 389 Anfon 1910
1442 336 2492 535 en rict mit eine anderneilt
896 394 1306 551 seceselebti
447 430 2577 692 Ais Rudolf Windi verliess tötete sie sich nicht,
857 609 1188 692 einerier
449 576 2594 797 wie sie ihm versprochen,sondern nahm einen neuen
910 728 1315 819 rereeen
460 703 2618 921 Liebhaber, einen guten Freund Rudolfs, der manchmal
1596 810 2453 910 Curhluge i bei it gevort
463 871 2563 1045 mit ihnen Beiden zusammen auf dem Lande gewegen.
965 978 1472 1072 der uchniet
460 943 2340 1202 war. Rudolf kümmerte sich nicht mehr um sie
1725 1020 2638 1155 neuen verhellen, des liar
474 1105 2690 1284 und erfuhr nichts von diesernGeschichte. Doch mein
2470 1174 2693 1287 hielt
560 1213 2015 1334 alo et auni Reite in iermta geicitus tele
480 1204 2663 1430 (in einem seltsamen Gemütszustand,der vielleicht,:
1207 1362 1502 1442 begene
681 1384 1034 1472 ausserud
474 1334 2522 1579 weniger durch pitelkeit als durch eine gewisse
480 1466 2527 1701 Erinnerungskreudeverursacht war, fing er. geräde
493 1585 2519 1841 zu dieser Zeit an mit Max von der früheren Ge-
504 1761 2508 1960 liebten viel zu sprechen. Er erzählte von dem
841 1899 1009 1993 ee
488 1860 2577 2095 Beginn ihrer Beanntschaft, von ihren liebeswer-
504 1979 2420 2246 ten, von ikren gemeinsamen Nächten, von ihren
1750 2084 2632 2216 ihrem prositersesimel
1127 2142 1629 2233 iber seherit
499 2166 2467 2332 Reisen, von allem, was sie ihm geschworen; auch
496 2249 2555 2497 davon, dass sie sich hatte töten mollen, wenn er
1885 2370 2111 2456 et: dle
1340 2392 1621 2500 juerit.
513 2390 2646 2610 sie verliesse. War verzwolfolt, aber beherrs cht,
537 2558 805 2643 beccunt
524 2500 2610 2731 konnte diesen unerwünschten Geständnissen nicht
1916 2577 2674 2715 in einer relbilsuale
970 2652 1566 2742 wiel vict gie
510 2668 2610 2886 Einhalt tun; und kan endlich dahin inner weitere
518 2759 2574 2999 aus ihm hervorzulocken und alles gefreulich in
521 2911 2583 3159 einer nachsenden lust auch die Collobte zu poi-
