5576 3624
316 266 2631 511 Rufae Mitait)dul hitent- mitt woil
266 429 2587 751 den leser Gedante den m ein Eegenblec
299 630 2362 928 bes -inde Kirnsch. die geron Sers
328 911 707 1117 goit
361 857 2516 1310 durf. Undleich: Suz limnent will
343 1153 2350 1416 ar dem Aulor uih d Reg wertrelle
378 1265 2646 1611 Herploster Serln eben vm. Hirel
461 1570 955 1750 Hirde.
387 1656 2483 2004 Rehand. Ich gleis Leit. Di beit loll.
511 1777 2667 2102 lel. iie belilte ous leub Ecleltus
446 1978 2519 2377 ti Cocpoati lurestdi, zi
449 2196 2040 2471 nich nicht beg getrost zu
440 2350 2566 2640 Lur. h meinrt. Ich neima¬
491 2658 905 2791 Liebt
470 2664 2445 2980 Buhe Syncolat hin nirb
556 2953 1047 3140 deger
503 2986 2672 3341 di. Ippe. Stilwill Seberl
452 3308 1449 3515 auoorerae
2879 183 5253 464 keinen. Uri du die Frenken wird
3015 402 4966 630 versete michlethei wuslent
2977 571 5105 851 ihr de keinem inen Sinfzüber
2941 763 5082 1029 sran Süken ich Liebtebe gebeht tit
2906 949 5256 1262 rechren. – und libt cef unnor noch lee
2983 1180 5241 1457 ide loin: Uo md Ame eine tett
2956 1336 5159 1661 kan se in teut Racht unhieen. an
2956 1564 4866 1865 Ret. pn is a Kon ves mit¬
2956 1741 5283 2140 Busan Celle roppt - ch mis coll¬
3018 2031 3926 2264 uel deida hinde
3033 2123 5144 2430 Lürtenn. Ich sell kim unnist besorder
3030 2330 5179 2678 endich. Ict woclbein. Sumne
3030 2554 5185 2814 ten Cb. Wistell wen esl der sea
3051 2726 5244 3036 Rel. Schweifstat keireltrung.
3045 2944 5173 3258 Lutg. - Der. Frindeten ist im
