5720 3656
3062 197 4640 475 order dafiich dit lieb
3077 361 5473 657 Rehand. Huge batt ut. viellenht en sich
3197 595 4093 771 nii müine
3059 660 5375 995 R Tovz Mtartgerbung - De telle
3197 875 5383 1186 Rafers di uu. ein Non ven einen
3203 1090 4141 1374 Rusand. Karz
3182 1276 5324 1583 K. denn (peiten) drkomente
3146 1449 5318 1769 nicht envnt sente eekeinet der
3107 1631 5509 1897 tect milt met preifel, Suha¬
3125 1843 5351 2103 dnkamal ich nicht gleib, ich et
3122 2011 5297 2250 mich ni di con tarewelrin
3107 2166 5186 2411 aurtu large. itrectumus li.
3161 2333 5428 2611 Lemerft df. Scf ich unt Leib. Sech
3149 2518 5300 2775 der getr  deftettlab des
3170 2701 5276 2949 ich weres peletteterl
3203 2898 3902 3077 zu abtefert
3200 3035 5473 3289 Rechand Wekeit truuch damit gegbeb
