5496 3432
261 217 2592 437 nmemal dengros Hetatet ub hi hucte
232 342 2340 657 sagen daf Sie wi wate in Sanelle Biher
255 492 2465 770 gebr, dah Sie t zei. Almniculiven - dass
197 678 2311 947 die hint ger. Hebrl kjurg Ihnmule
148 863 1891 1153 tei nteh h nnde
232 1022 1917 1300 Giegen. F. wanm. Relenn
240 1095 2566 1466 Arun. Ohae Eesol ter und ein Arslie
258 1318 2554 1605 Ouchdolenn, liebe sehr ele . Won |
255 1503 2517 1787 gebegentlict auf ein brobengte, woinn
229 1697 2288 1935 groskome in Reice folgenkeit ken
634 1856 892 1964 velle
223 1825 2517 2097 wn eikle Ochobleantrug. 7. B.. dofs
235 2036 2488 2305 hent, wnder sicande en mit wie de
246 2233 2407 2439 kle Kur,chitan i her sa
223 2360 2395 2595 Breut + N. tten nh Mad coo hinge
240 2595 1689 2824 dimar, mei ne seresti¬
226 2711 2268 3029 sege. hir talinanten: Kibenhch
281 2954 2140 3183 urellen Aih meishenet in dem
307 3079 2187 3302 Anweensg dean d Rituenhel |
3015 191 5048 475 CPregen Seroten Sie auf der Reilet
2954 408 3400 591 teilen
3116 562 5031 811 Treft sage. Wavoll den ein„?
3076 710 5239 970 An len. w. ein der alteri. Lebhite
3029 883 5190 1150 Keld - der sepastite dett late
3093 1083 5222 1350 Gege Hn nierlem. hehe - der neher Heten
3067 1266 5210 1552 Ral. Sie Kommnt fuen Gad¬
3035 1425 4284 1691 Am. der Lichte.
3070 1657 4153 1856 kant. zufreuertent
3006 1697 5089 2056 An beit befebenpiche vrtort. E
4602 1897 5112 2022 iim eudtis
3082 1978 5184 2216 keuen d Slettin i de¬
4472 2094 4767 2230 einen
3047 2135 4480 2392 Ne, coge Sie er, deculin.
3076 2297 5184 2612 Hreut. Habeich 1- Worl Revolven.
3864 2497 5341 2699 germirrte-? Sc in zurekti
3125 2560 4495 2847 ebeturh uedt - sell.14.
3070 2667 5216 2905 Arinin,- insluctioome einer¬
3710 2861 4785 3119 ieslb (Trkt.).
3160 2931 3626 3186 sebe dec
