2904 3560
655 519 1851 660 wen immer sie gebunden sei.
655 638 2513 835 Max verzweifelt schreibt seiner Geliebten;
667 796 2501 959 schliesst mit höhnischen Worten,nimmt end-
665 909 1808 1066 giltigen Abschied von ihr.
660 1045 2549 1208 Die Antwort am Tag drauf: Sie kann nur wie-
660 1165 2386 1341 derholen Rudolfs: Bild sei völlig ausge-
667 1294 2518 1478 löscht;aber freilich müsse sie nunfendgil-
670 1428 2547 1588 tig die Höffnung aufgeben Max jemals zu be-
660 1552 2537 1715 ruhigen. Es gäbe nur ein Wittel ihn von ih-
658 1686 2568 1822 rer liebe zu überzeugen und dieses wähle. sie
670 1820 1715 1968 jetzt. Sie gehe sterben:
658 1927 2580 2140 Max findet sie nicht mehr. Sie ist verschwun
650 2092 854 2238 den.
648 2200 2470 2384 Max beginnt zu glauben, dass sie in den Ar-
650 2348 2097 2494 men eines Dritten Trost gefunden.
658 2439 2508 2652 Eines Tags wird lihr Leichnam aus der Donau
665 2599 1026 2743 gezogen.
658 2731 2461 2879 Rudolf. erfährt es aus der Zeitung, eilt zu
650 2850 2465 3018 Max.klagt sich selbstgefällig als Ursache
655 2979 1322 3173 ihres Todes an:
