5784 3624
3586 339 4894 572 Geringsten mehr an ihn denkef
3591 468 5367 690 Richard: Dann hätte ich windestens davon
3593 645 4591 819 überzaugt sein müssen.
3600 740 5324 921 Kranzi: Mas soll man gegen diesen Nahn-
4215 869 4765 1011 Mit di lof
3620 907 4052 1075 sinn tun?
3593 980 5378 1229 (Richard: Mache ich dir if geringsten den
3613 1140 5407 1337 Eindruck wahns innig zu spin? Der Fall ist
3620 1260 5297 1443 doch ganz klar. Ein liebenswürdiger, in-
3613 1391 5435 1566 teressanter, junger Mann (hat dich verdührt,
3634 1518 5376 1704 Man nenntls nun einmal so. Du hast ihrge-
3613 1636 5283 1839 liebt. Du hast in irgend(einer glückli-
3634 1785 5335 1962 chen Stunde geschworen,dass du dich un-
3620 1896 5274 2106 bringen wirst, wenn er esine Andere zur
3627 2009 5358 2231 Frau nehmen wird.pr hat dich verlassen.
3629 2163 5412 2346 Du hast dich, getrystet. Etwas dergleichen
3640 2285 5387 2462 hat er wohl vorausgesehen. Dass du dich
3656 2423 5430 2622 gerade mit mir getröstef hast, das ändert
3652 2543 5464 2744 je nichts an den Falle als solchen. Er hat
3652 2661 5468 2880 dich nicht vergessen, nanh könnte sogar sa-
3663 2796 5482 3014 gen, dass er dich noch lipbt. Er liebt dich
3656 2953 5435 3138 so sehr, trotrden er eine) Andere zur Frau-
