5058 4536
940 1103 2292 1335 zu dem Kückster und Originellsten
914 1247 2157 1431 was ich ja im Dranna gesehen.
903 1364 2250 1561 der Name „Groteske“ ist hier glück¬
908 1513 1826 1708 lich treffend gewählt.
926 1613 2243 1817 Ich denke zum für den Genuß,
898 1729 2303 1920 den mir zur reiches talent gewährt.
914 1868 2317 2043 Ich war wohl um so empfänglicher
903 1957 2275 2157 reil ein gemeüssamer Schmerz
921 2096 2269 2257 ein eine edle, seltene, bedeu¬
915 2234 2259 2403 tende Erscheinung mich Ihnen in
926 2331 2336 2529 jüngst erzeigenen Lage erherte¬
968 2455 2318 2601 Auch mein Kind hat einen im¬
915 2583 2320 2766 ersetzlichen Neiligt erlitten, und
944 2748 2278 2876 ich muß denselben für alle Zeit
928 2836 1866 2985 aufstiefste le Klagen.
933 2924 2268 3099 In wahrer Hochschätzung u Liener
949 3034 1877 3227 Anhänglichkeit zur
1547 3118 2275 3322 Jis Leumsky
