5058 4536
962 1156 2266 1350 der große Gedanke lulderins
949 1292 2244 1457 dass das Leben nur ein Traum sei
962 1426 2318 1592 ist auf religiösem Gemüde gewach¬
937 1530 2290 1698 sen, ein hoher Poesie und ergrei¬
939 1655 2304 1845 fand für jeden dankenden Man.
942 1781 2235 1944 schen - aber mir deucht, es gehöre
927 1880 2270 2051 eine besondere Disposition des Ge¬
932 2041 2233 2178 stes Sazu, diese Überzeugung sollig
927 2141 2311 2320 in sich aufzunehmen. Die überwie¬
934 2254 2320 2429 gende Mehrheit wird mir ein Spiel
937 2398 2325 2571 der Phantasie, eine patasche Fikldus
925 2542 1618 2656 darin erblicken.
979 2659 2287 2822 Deutlicher und greif baier ist Ro¬
972 2789 2292 2964 Gedank: „Er fließen in einander
955 2897 2292 3063 Wahrheit und Läge!  - Was ist nicht
953 3021 2264 3177 Spiel das zir auf Erden treibens
2521 1154 3732 1308 Ich glaube, diese Anschauung
2467 1286 3820 1466 kann einer größeren Anzahl ein
2477 1391 3734 1542 menschen begreiflich sein; sie
2453 1481 3822 1679 können es so deutlich am eigenen
2443 1622 3768 1793 Leibe erfahren, denn der Gedanke
2453 1755 3822 1923 greift in das Gebiet der Leidenschaft
2455 1871 3779 1989 und der Miral. Aber freilich ein
2471 1970 3787 2155 wirklicher u so einster Poet hat
2472 2121 3720 2271 gegen des Publikum immer
2460 2226 3709 2391 einen schreien Stand. An
2477 2372 3857 2533 oder haben Sie einen dankbaren
2465 2495 3803 2659 tiger u Hörer (so weit es unseren
2443 2632 3810 2817 Lehigen Kräften möglich ist, die
2453 2770 3844 2937 Idee des Dichters zum Ausdruck
2458 2898 3820 3077 Du bringen.) „Der Katadxx gehört
