3384 3976
555 577 2994 824 ihm tiefer zu erniedrigen als je zuvort... Die Erin-
551 792 2998 979 nerung trieb ihm die Schamröte in die Wangen.... Ah,
539 909 2063 985 wünschte seine Wohlgeld eintreten s sehr
2865 935 3077 1033 w
561 957 3052 1112 wenn der Herr nur hereinkäme! Er wurde aufstehen, vor
966 1055 1268 1144 flaure
555 1081 3086 1271 ihn hintreten und ihm den Rest des Geldes vor die Füs-
555 1229 1372 1426 se schmeigjen...
780 1391 2906 1588 Franz merkte plötzlich, dass die Gesellschaft
2180 1534 2497 1702 Cielleicht
545 1578 2161 1711 drüben auf ihn aufmerksam wurde. O
2316 1565 2893 1727 bav hatte er
2079 1679 2776 1781 inder kregung
529 1702 3032 1870 halblaut gesprochen. Das Mädchen hatte ihm den Rücken
539 1866 2994 2038 zugewandt, ihre Frisur war ein wenig verwirrt, feine
513 2009 3061 2193 lose Haare kräuselten sich ihr im Nacken. Franz dachte
523 2174 2947 2342 an einen Sommerabend daheim: wie er auf der Bank am
1122 2294 1340 2373 sart
513 2329 2975 2478 Mühlenweg gesessen war und wie die Kellnerin von der
2633 2443 2728 2529 to
542 2462 2969 2630 "grünen Traube" ganz erhitzt über die Wiese gelaufen
2009 2592 2272 2706 Peschr
1508 2579 1733 2678 ¬
507 2608 2915 2798 kam; im Mondensehein sah-es aus, als flöge sie über
1933 2744 2205 2842 levesed
520 2750 2960 2937 das Gras. Es war an dem Abend, bevor er in die Stadt
507 2915 2972 3077 musste, und seither hatte er Keine mehr in den Armen
507 3077 2915 3226 gehalten. Eine plötzliche Sehnsucht nach dem KÉNAM
497 3226 2953 3381 blonden Geschöpf mit den heissen feushten Vangen, an
507 3362 3010 3539 das er so lange nicht mehr gedacht hatte, ergriff ihn,
