3432 4008
1771 459 2626 666 warth Aussicht
442 620 2952 795 immer noch früh genug. Auch wurde die Idas, wieder in
459 775 3107 940 den Schnee hinaus zu müssen, immer unangenehmen. genug,
673 897 2959 1082 Es schien ihm jetzt, als sahen die Andern zu ihm
452 1065 2926 1254 herüber. Unruhig rückte er auf seinem Sessel hin und
445 1201 2949 1385 her. Jetzt, da er in einem warmen Lokal sass, mit ge-
2580 1280 3147 1418 benade, als
2101 1326 2309 1418 war
468 1385 2959 1541 sättigtem Magen wie andere Leute, wollte ihm scheinen
1966 1445 3098 1567 nicht ganz bei terslande
508 1534 844 1623 wein
478 1541 2959 1709 dass er in den letzten Stunden gerade### unzussehnunga
472 1679 2923 1860 fähig gewesen ware (Wofür musste ihn der Herr im Pelz
465 1781 3018 1989 nur gehalten haben(.). Für einen Dottler jedenfalls.
1666 1983 2936 2131 ... Er hatte nicht
729 1996 970 2147 m.
475 1992 706 2171 Ux
462 2114 2926 2270 übel Lust, wieder zum Sophiensaal zurückzukehren, um
478 2283 2989 2425 dort seinen Wohltäter beim Ausgang abzupassen und ihm
1504 2398 2049 2500 emesnyd in
475 2418 2883 2613 zu erklären, dass er kein gewöhnlicher Bettler sei.
716 2553 3008 2748 Franz zahlte und ging. Auf der Strasse schwindel-
492 2725 2989 2896 te ihn ein wenig, und er erinnerte sich, dass er seit
492 2883 2999 3028 anderthalb Jahren bei der Abiturientenkneipe in einem
492 3032 2909 3210 Wirtshaus in der Josefstadt nicht so viel getrunken
478 3131 3025 3348 hatte wie heute. Damals hatte er sich das Studentenle-
234 3170 343 3408 P.
492 3335 2966 3520 ben, das ihm bevorstand, anders vorgestellt. Es fiel
498 3487 3038 3698 ihm ein, dass er vor ein paar Tagen zwei Gymnasialkol-
