3400 4008
518 499 2899 710 kamen Fussgänger mit heraufgeschlagenen Kragen und
540 665 2992 834 verschwanden in der Halle. Franz wüsste, dass er vor
531 809 3040 1000 dem Sophiensaal stand. Druben lief ein grosser Bursch
524 946 2960 1125 hin und her, der die Wagentüren öffnete und von den
527 1112 3014 1278 Aussteigenden Trinkgeld erhielt. In Franz regte sich
825 1263 943 1358 a
569 1259 3088 1480 (ein leichter) Neid.- Wenn er das auch dürftet (Quälender
556 1464 3059 1585 als je zuver nagte der Aerger in ihm, dass er sich in
543 1569 3052 1752 einen xxxen Beruf hatte treiben lassen, zu dem er
240 1598 342 1784 a
540 1694 3088 1905 nicht taugte.) Wäre er doch daheim geblieben. Ein tüch-
553 1854 3126 2042 tiges Handwerk oder irgend eine Arbeit auf freiem Feld,
553 2026 3014 2183 das wäre seine Sache gewesen, da wär' er heute stark
556 2177 3056 2349 und gesund wie früher, als er sich in Wäldern und auf
556 2308 3001 2487 Bergen herumtreiben oder stundenlang auf den Wiesen
556 2458 3033 2637 liegen und in den Himmel starren durfte. Daheim hätt'
569 2608 2985 2797 er schon irgendwie ehrlich sein Brot verdient, ohne
566 2755 3094 2941 sich demütigen zu müssen wie hier. Was war aus ihm ge-
572 2899 2985 3088 worden! J Mit Erbitterung erinnerte er sich, wie er
575 3062 2941 3238 vor ein paar Monaten, der Verzweiflung nahe so wie
556 3203 3094 3391 heute, beim Studentenverein um Unterstützung eingekom-
569 3366 3126 3615 men war, wie er da mit dreissig oder vierzig Andern in
