3400 3944
2847 274 3121 536 en
319 476 3042 870 Ein kleine mit Regtüter (Auf dem Nichtgegert:
1549 799 1763 975 (10)
248 814 3065 1185 Sans schreibt ihm ein ganz fräne. Der Blund
251 1058 3159 1399 dankbar, selig.. so maljekte mei.. er hat sie mit.
210 1339 3106 1557 er ist so weit; mari ist er weit – waren uns
195 1602 3091 1906 am- und mir hilte mir eher, nie zuerst
195 1861 3091 2131 mit zu den Dankbarkeit – zerwegt mir eben.
120 2104 3136 2378 barkeitet. eine Herrkühr - Hochs.. (Mord)
