3400 3992
2611 456 2789 615 1 2b
1117 699 2952 912 Im Traum ging er eine grosse Treppe in
904 847 2999 1060 ein schönes Haus hinauf, we er in den ersten
863 1000 3010 1218 Wechen seines Wiener Aufenthalts Lektien gege-
863 1158 2901 1360 ben hatte. Da standen Männer eben, die sich
885 1314 3073 1502 nicht um ihn kümmerten. Plötzlich ertönte hin-
885 1494 2895 1655 ter ihnen eine Stimme, schrill wie ein Be-
901 1655 3051 1797 fehl, - da wandten sich die beiden zu ihm und
912 1778 2950 1947 trieben ihn mit Fusstritten die Treppe hin-
910 1961 3103 2114 unter. Aber unten, auf einer sammtgepolsterten
877 2111 2876 2294 Bank, sass der Herr vom Sophiensaal, hielt
981 2275 2928 2434 das Blumenmädchen auf dem Schoess und sie
940 2425 2895 2589 assen beide Kastanien und erkannten Franz
975 2570 3021 2750 nieht, was ihn wütend machte. Er schrie sie
937 2709 3023 2903 an, - sie hörte ihn nicht. Und alle, die ver-
942 2854 3062 3048 beigingen, Hunderte, Tausende Menschen, laeh-
964 3007 3081 3220 ten nun über ihn. Er wollte um sich schlagen,
950 3171 2532 3469 aber er konnte sich nicht rühren.
