3448 4024
469 544 2954 802 mit einem kleinen blinden Schnurrbart war es, der ge-
2092 695 2287 790 Rarm
478 752 2951 950 mächlich durch den Schnee gestapft und plötzlich vor
1233 868 1394 960 liet
485 906 2926 1123 ihm stehen geblieben war. Er schlug den Pelz zurück,
500 1013 2935 1218 griff mit einer weiss behandschuhen Hand in die Ta-
500 1148 2954 1391 sche und zog seine Börse hervor, Franz fühlte
500 1350 2913 1539 mit einem gewissen dumpfen Staunen, dass er auf den
503 1507 2869 1712 Herrn die Augen fast flehentlich gerichtet und die
503 1671 2920 1872 Rechte wie zum Empfang ausgestreekt hielt. Der Herr
516 1819 2970 1966 suchte in seiner Börse, offenbar ohne zu finden, was
1328 1916 1605 2014 nun
532 1973 3068 2133 er wollte. Mit einem Mal Äber schüttelte er leicht den
2341 2042 2618 2146 Franx
513 2105 2929 2281 Kopf, murmelte "Ah was" und reichte den Andern eine
522 2209 2929 2429 Münse. Franz hielt ein Zehnkronenstück, in der Hand.
736 2366 2482 2457 Faire rest unwillkulé lieu à Arge et
529 2416 2976 2561 Ein ungeheures Entzücken erfüllte ihn, mit einem Mal.
636 2530 736 2615 L
525 2564 3030 2699 Er fasste die Hand des jungen Manns, drückte sie und
1023 2668 1296 2784 envlick
525 2652 2951 2869 presste sie an die Lippen. Dieser wich wie erstaunt
532 2847 3024 2998 zurück, schien etwas fragen zu wollen, raach aber be-
541 2970 3036 3159 sann er sich, ging eilends über die Fahrstrasse, vand
591 3134 3039 3307 sich drüben zwischen zwei Wagen durch und verschwand
547 3322 3033 3470 in der Halle. Franz hatte ihm nachgeschaut, solang er
544 3455 2945 3637 konnte, in der dunklen Empfindung, dass er sich die
