3416 4024
506 535 3051 813 einem grossen Vorraum hatte warten müssen, wie ihm ein
494 747 2953 972 Herr mit einer Brille an einem grünen Tisch die paar
513 953 3038 1120 Gulden eingehändigt und, als er danken wollte, mit ei-
503 1076 2953 1336 nem "Schon gut, vorwärts - der Nächste" förmlich die
510 1238 1560 1418 Türe gewiesen hatte. -
744 1348 3004 1551 Ein junger Mann und eine Dame gingen an ihm vor-
522 1522 2966 1696 über; sie assen gebratene Kastanien und lachten, als
525 1677 3067 1871 ob sie das sehr komisch fänden/ Der Geruch stieg Franz
535 1848 3076 1997 verlockend in die Nass. Am liebsten hätte er ihnen die
532 1988 3032 2165 varmen duftenden Dinger einfach aus der Hand gerissen
535 2133 2886 2285 und verschlungen, und er spürte, dass ihm zu einer
548 2257 3064 2437 solchen Handlung eigentlich nichts fehlte als der Mut.
532 2459 3042 2621 Und er biss die Zähne zusammen vor Wut, wenn er daran
535 2589 3032 2757 dachte, was für einen feigen Hungerleider die Not aus
541 2731 2678 2909 dem frischen Knaben von einst gemacht hatte.
2719 2785 2830 2905 O
766 2861 2943 3067 Durch die stille kalte Luft drangen die Klänge
548 3019 3032 3216 der Tanzmusik scheinbar stärker als früher zu ihm. In
548 3165 3032 3358 diesem Augenblick merkte er, dass ihn Jemand betrach-
269 3206 351 3387 me
551 3304 3067 3535 tete, wie er zähneklappernd, die Hände in den Hosenta-
557 3478 3048 3725 schen, an der Laterne lehnte. Ein junger Mann im Pelz,
