3368 3960
501 672 2987 897 letzte Ballgast das Gebäude verlassen hätte.- Er var-
507 780 771 1002 tete.
729 964 2860 1142 Plötzlich stand ihm das Herz still... Das war
485 1066 2914 1300 H r... Da trat er aus dem Tor, knöpfte den Pelz zu
482 1262 2769 1446 und schlug den Kragen hinauf. Es var ein rechtes
488 1389 2994 1567 Glück, dass ihn Franz noch hinter der Glastür erkannt
482 1560 2990 1697 hatte, denn jetzt war er beinahe vermummt. Franz war-
219 1522 349 1808 a
485 1655 2987 1881 tete, beide Hände in der Tasche, und der Herr stapfte
492 1849 2981 2026 wieder mit den Plissen durch den Schnee, was Pranz er-
482 2007 3038 2220 bitterte. Er stellte sich dem Herrn in den Weg. Dieser
479 2163 2857 2363 blickte auf und fragte: “Wie?...“ Dann schiener ihn
479 2318 1671 2470 zu erkennen und lächelte.
720 2455 3038 2648 "Mein Herr...' begann Franz, aber es sehnürte ihm
466 2635 2892 2781 die Kehle zusammen, und er konnte nicht weiter. Der
463 2772 2911 2921 hochmütige Blick des Andern, in dem zugleich die Er-
1684 2870 1966 2962 the October
469 2905 2971 3095 innerung an seine kündighe Freigebigkeit von gestern
469 3051 2930 3209 Abend und eine unbewusste Verachtung für den Bettler
859 3146 1126 3238 ahlt
501 3212 2959 3381 zu liegen achien, der da vor ihm stand, erbitterte
