3432 4024
2624 400 2772 585 24
547 519 2964 743 Mär mit vollkommener Deutlichkeit ein, dass er dem
469 689 2910 875 völligen Elend gegenüberstand, dass er wieder einmal
456 824 2492 1054 nicht wusste, wovon er morgen leben sollte.
689 1001 2926 1192 Die Strasse war verlassen, der kalte Morgenwind
469 1145 2904 1299 wehte über den Schnee. Eine Butticke, an der er vor-
469 1296 2869 1479 beiging, wurde oben geöffnet;-verschlafen und unge-
475 1457 2901 1623 kämmt staubte ein dickes Judenmädel den sehanktisch
488 1617 3014 1819 ab. Franz trat ein, und wie sich selber und der ganzen
280 1608 371 1809 e
481 1759 2844 1941 Velt zum Trotz stürzte er noch ein Glas Branntwein
478 1913 2967 2089 hinunter. Dann eilte er weiter, und in ein paar Minu-
488 2058 2920 2253 ten war er an seinem Ziel. Nah beim Tor nahm er Auf-
494 2221 2939 2366 stellung und wartete. Noch immer klang die Tanzmusik
500 2363 2910 2545 durch die leise klirrenden Fenster. War es wirklich
500 2520 2715 2696 kaum eine Nacht, die seither vergangen vart...
717 2655 2898 2847 Leere Wagen fuhren vor. Herren und Damen kamen
503 2781 2957 2989 aus der Halle und stiegen ein, andere eilten zu Fuss
503 2973 3020 3121 davon. Franz wunderte sich selbst über die Sicherheit,
516 3127 2926 3294 mit der er einige Herren passieren liess, die doch
516 3272 3008 3464 einen ähnlichen Pelz trugen wie sein Wohltäter.Er war
519 3423 2857 3602 entschlossen, nicht vom Platze zu weichen, ehe der
