3400 3976
2833 335 3105 516 12 0
627 465 3076 655 zimmer entgegen; die eine hielt einen Muff vor's Ge-
649 646 3133 801 sicht. Als sie Franz gerade gegenüberstand, liess sie
639 791 3073 931 den Arm heruntergleiten und zeigte ein lachendes Ge-
636 946 3127 1092 sicht. Franz starrte sie an. Die andere Frauensperson
630 1076 3165 1244 ging weiter, als gäbe sie von vornherein jede Hoffnung
225 1203 329 1408 P.
642 1253 3130 1396 auf. Die mit dem Muff fasste nach dem Sträusschen und
639 1405 3178 1532 drängte sich an Franz. er war sehr verlegen. “Ich habe
668 1554 3080 1719 keine Zeit", sagte er. - “Was hast denn so spät bei
630 1687 3051 1833 der Nacht Andres zu tun! Komm nur; da is schon mein
608 1848 3140 1978 Haustor." Und resolut zog sie an der Glocke. Sie träl-
633 1962 3111 2149 lerte einen Gassenhauer und schaute Franz lachend an.
614 2092 2988 2285 Er rührte sich nicht... Das Tor wurde geöffnet und
627 2269 3127 2475 schloss sich gleich darauf wieder hinter den Beiden.
845 2405 3159 2557 Das Zimmer, in das er mit ihr trat, war klein und
614 2564 3130 2731 niedrig, auf dem Fensterbrett stand eine Petroleumlam-
661 2687 3023 2867 pe, die matt brannte und nach der das ganze Zimmer
611 2839 3067 3070 roch. Wieder dachte Franz an jene letzte Sommernacht
652 3013 3133 3231 daheim, an den kühlen Duft der Wiesen und Wälder, der
608 3114 3121 3326 ihn damals umströmt hatte, und wäre am liebsten davon-
592 3279 1814 3491 gelaufen. Aber er blieb.-
703 3440 2779 3697 Geld schlimmmerte er an ihrem Seite eine
