3400 3992
547 566 3022 817 legen, auch aus Kärnten wie er, mit Couleurkappen be-
530 788 3083 961 gegnet war und in plötzlicher Verlegenheit über seinen
543 939 2935 1103 traurigen Aufzug in eine Seitengasse abgebogen var.
768 1087 3080 1260 Unwillkürlich hatte er den Weg eingeschlagen, der
550 1183 3077 1360 ihn dem Quartier der letzten Nächte näher brachte. Bei
547 1366 3067 1550 dem Gedanken an die Atmosphäre, die seiner dort warte-
547 1527 3070 1643 te, erfasste ihn ein heftiger Widerwillen. Der Einfall
540 1636 3080 1842 kan ihm, sich für heute wenigstens ein Zimmer in einem
530 1823 3038 1958 ordentlichen Gasthof zu nehmen. Er fragte sich, ob er
534 1929 2955 2119 nicht das reiche Geschenk wie einen Wink des Schick-
547 2096 3038 2250 sals aufzufassen hätte, dass sich nun sein Los wenden
530 2218 2996 2402 und er schon morgen die ersehnte gute Lektion finden
537 2347 3019 2582 würde. Bedenken regten sich gleich wieder, und in dem
521 2549 3061 2758 halb unbewussten Wunsch, sie rasch wieder zu betäuben,
524 2678 3106 2845 trat er in ein Kaffehaus, um einen Schnaps zu trinken.
833 2791 1537 2884 Hier schlieschir
752 2877 3022 3054 Eine schwüle, rauchige Luft schlug ihm entgegen;
505 2961 2881 3157 der geräumige, aber niedrige Saal war ziemlich ge-
505 3102 3016 3305 füllt, auf den Billardbrettern rollten die Kugeln; da
743 3231 865 3324 le
974 3244 1106 3334 cite
521 3276 2964 3456 ehen und Stimmen tönten überall. Franz XXX fand ein
