<?xml version="1.0" encoding="UTF-8" standalone="yes"?>
<PcGts xmlns="http://schema.primaresearch.org/PAGE/gts/pagecontent/2013-07-15" xmlns:xsi="http://www.w3.org/2001/XMLSchema-instance" xsi:schemaLocation="http://schema.primaresearch.org/PAGE/gts/pagecontent/2013-07-15 http://schema.primaresearch.org/PAGE/gts/pagecontent/2013-07-15/pagecontent.xsd">
    <Metadata>
        <Creator>prov=READ-COOP:name=TrHtr:version=2.1.0:model_id=51170:date=14_08_2023_18:55</Creator>
        <Created>2023-05-10T14:44:27.646+02:00</Created>
        <LastChange>2023-08-14T18:55:09.844+02:00</LastChange>
        <TranskribusMetadata docId="1428656" pageId="55424446" pageNr="23" tsid="132821886" status="IN_PROGRESS" userId="64420" imgUrl="https://files.transkribus.eu/Get?id=EPZOAVVTOXDIMCQMMVWTMKWK&amp;fileType=view" xmlUrl="https://files.transkribus.eu/Get?id=WUIJCFAFOUWEKPBCWTPONGOQ" imageId="44698523"/>
    </Metadata>
    <Page imageFilename="1428656_0023.jpg" imageWidth="3400" imageHeight="4024">
        <ReadingOrder>
            <OrderedGroup id="ro_1711814548310" caption="Regions reading order">
                <RegionRefIndexed index="0" regionRef="tr_2"/>
                <RegionRefIndexed index="1" regionRef="tr_1"/>
            </OrderedGroup>
        </ReadingOrder>
        <TextRegion id="tr_2" custom="readingOrder {index:0;}">
            <Coords points="528,618 3077,618 3077,1675 528,1675"/>
            <TextLine id="tr_2_tl_1" custom="readingOrder {index:0;}">
                <Coords points="735,770 2880,729 2906,596 2655,529 2510,596 2339,539 741,615"/>
                <Baseline points="752,758 761,758 805,758 850,755 895,752 940,749 985,746 1029,746 1074,740 1119,740 1164,737 1208,734 1253,728 1298,728 1343,725 1388,722 1432,722 1477,722 1522,719 1567,719 1611,719 1656,716 1701,713 1746,710 1791,707 1835,704 1880,704 1925,701 1970,701 2014,698 2059,695 2104,695 2149,692 2194,692 2238,689 2283,689 2328,689 2373,686 2417,683 2462,680 2507,680 2552,677 2597,674 2641,677 2686,671 2731,671 2776,668 2820,671 2865,674 2910,680"/>
                <TextEquiv>
                    <Unicode>Später anlummerte er an Ihrer Seite ein. Einer</Unicode>
                </TextEquiv>
            </TextLine>
            <TextLine id="tr_2_tl_2" custom="readingOrder {index:1;}">
                <Coords points="517,928 2792,900 2820,700 827,799 523,741"/>
                <Baseline points="534,916 543,916 588,913 632,913 677,913 722,907 767,907 811,904 856,901 901,898 946,898 991,892 1035,892 1080,889 1125,889 1170,886 1214,883 1259,883 1304,883 1349,880 1394,877 1438,877 1483,874 1528,871 1573,868 1617,868 1662,868 1707,865 1752,865 1797,865 1841,862 1886,862 1931,856 1976,853 2020,850 2065,850 2110,847 2155,844 2200,841 2244,841 2289,841 2334,841 2379,838 2423,838 2468,838 2513,832 2558,826 2603,829 2647,826 2692,823 2737,820 2782,817 2826,820"/>
                <TextEquiv>
                    <Unicode>schon nach einer kurzen Naile) erwachte er jäh und</Unicode>
                </TextEquiv>
            </TextLine>
            <TextLine id="tr_2_tl_3" custom="readingOrder {index:2;}">
                <Coords points="507,1100 2386,1039 3001,976 3004,881 517,928"/>
                <Baseline points="528,1074 543,1068 588,1065 632,1065 677,1059 722,1056 767,1053 811,1053 856,1050 901,1050 946,1047 991,1044 1035,1041 1080,1041 1125,1035 1170,1035 1214,1035 1259,1035 1304,1032 1349,1029 1394,1026 1438,1023 1483,1023 1528,1020 1573,1017 1617,1017 1662,1011 1707,1008 1752,1008 1797,1008 1841,1008 1886,1005 1931,1003 1976,1000 2020,1000 2065,997 2110,994 2155,994 2200,991 2244,991 2289,988 2334,988 2379,988 2423,985 2468,985 2513,982 2558,979 2603,979 2647,979 2692,979 2737,976 2782,970 2826,967 2871,964 2916,961 2961,958 3006,961"/>
                <TextEquiv>
                    <Unicode>stand auf. Das Frauenzimmer erhob sich im Bett, hatte</Unicode>
                </TextEquiv>
            </TextLine>
            <TextLine id="tr_2_tl_4" custom="readingOrder {index:3;}">
                <Coords points="517,1261 2573,1131 3029,1191 3039,1024 523,1122"/>
                <Baseline points="537,1214 582,1208 626,1208 671,1206 716,1206 761,1203 805,1200 850,1200 895,1197 940,1194 985,1194 1029,1188 1074,1188 1119,1185 1164,1182 1208,1182 1253,1179 1298,1176 1343,1176 1388,1176 1432,1176 1477,1176 1522,1170 1567,1167 1611,1164 1656,1164 1701,1161 1746,1161 1791,1158 1835,1155 1880,1152 1925,1152 1970,1149 2014,1149 2059,1146 2104,1143 2149,1143 2194,1140 2238,1137 2283,1137 2328,1137 2373,1137 2417,1134 2462,1131 2507,1128 2552,1128 2597,1125 2641,1125 2686,1125 2731,1125 2776,1119 2820,1119 2865,1119 2910,1116 2955,1113 3000,1110 3044,1107"/>
                <TextEquiv>
                    <Unicode>offenbar schon tief geschlafen und war sehr ärgerlich.</Unicode>
                </TextEquiv>
            </TextLine>
            <TextLine id="tr_2_tl_5" custom="readingOrder {index:4;}">
                <Coords points="523,1391 2665,1331 2953,1296 3001,1188 529,1261"/>
                <Baseline points="540,1352 543,1352 588,1349 632,1349 677,1346 722,1346 767,1343 811,1343 856,1340 901,1337 946,1337 991,1334 1035,1334 1080,1334 1125,1331 1170,1331 1214,1328 1259,1325 1304,1325 1349,1322 1394,1319 1438,1319 1483,1316 1528,1313 1573,1310 1617,1310 1662,1310 1707,1307 1752,1307 1797,1310 1841,1307 1886,1307 1931,1304 1976,1298 2020,1298 2065,1295 2110,1295 2155,1292 2200,1289 2244,1286 2289,1283 2334,1280 2379,1280 2423,1277 2468,1277 2513,1274 2558,1271 2603,1271 2647,1271 2692,1271 2737,1268 2782,1268 2826,1262 2871,1259 2916,1256 2961,1259 3006,1259"/>
                <TextEquiv>
                    <Unicode>Sie kleidete sich notdürftig an und schlürfte in zer-</Unicode>
                </TextEquiv>
            </TextLine>
            <TextLine id="tr_2_tl_6" custom="readingOrder {index:5;}">
                <Coords points="526,1502 2804,1480 3071,1442 3074,1331 532,1391"/>
                <Baseline points="543,1501 570,1501 614,1498 659,1495 704,1495 749,1492 794,1489 838,1489 883,1486 928,1486 973,1486 1017,1483 1062,1480 1107,1477 1152,1477 1197,1474 1241,1474 1286,1474 1331,1471 1376,1468 1420,1465 1465,1462 1510,1462 1555,1462 1600,1459 1644,1456 1689,1459 1734,1456 1779,1456 1823,1453 1868,1450 1913,1450 1958,1447 2003,1444 2047,1444 2092,1441 2137,1441 2182,1438 2226,1435 2271,1435 2316,1435 2361,1432 2406,1429 2450,1426 2495,1423 2540,1423 2585,1423 2629,1420 2674,1417 2719,1417 2764,1417 2809,1417 2853,1414 2898,1411 2943,1411 2988,1408 3032,1408 3077,1406"/>
                <TextEquiv>
                    <Unicode>rissenen Pantoffeln harum. Franz musste ihr beinah den</Unicode>
                </TextEquiv>
            </TextLine>
            <TextLine id="tr_2_tl_7" custom="readingOrder {index:6;}">
                <Coords points="520,1689 2697,1629 2795,1594 2798,1473 526,1502"/>
                <Baseline points="537,1665 564,1662 608,1656 653,1653 698,1647 743,1644 788,1641 832,1638 877,1638 922,1638 967,1635 1011,1635 1056,1632 1101,1629 1146,1629 1191,1626 1235,1626 1280,1623 1325,1620 1370,1620 1414,1620 1459,1617 1504,1617 1549,1614 1594,1611 1638,1611 1683,1611 1728,1609 1773,1611 1817,1609 1862,1609 1907,1603 1952,1603 1997,1600 2041,1597 2086,1594 2131,1594 2176,1591 2220,1588 2265,1588 2310,1585 2355,1585 2400,1585 2444,1582 2489,1579 2534,1576 2579,1576 2623,1573 2668,1570 2713,1570 2758,1570 2803,1570"/>
                <TextEquiv>
                    <Unicode>ganzen Rest seines Goldes geben und eilte davon.</Unicode>
                </TextEquiv>
            </TextLine>
        </TextRegion>
        <TextRegion id="tr_1" custom="readingOrder {index:1;}">
            <Coords points="558,1666 3125,1666 3125,3610 558,3610"/>
            <TextLine id="tr_1_tl_1" custom="readingOrder {index:0;}">
                <Coords points="767,1825 2975,1774 2982,1616 773,1679"/>
                <Baseline points="785,1794 791,1794 835,1791 880,1791 925,1791 970,1788 1014,1785 1059,1782 1104,1782 1149,1782 1194,1779 1238,1779 1283,1776 1328,1776 1373,1773 1417,1773 1462,1770 1507,1767 1552,1767 1597,1764 1641,1764 1686,1761 1731,1758 1776,1758 1820,1755 1865,1755 1910,1752 1955,1752 2000,1749 2044,1746 2089,1746 2134,1743 2179,1740 2223,1740 2268,1737 2313,1737 2358,1734 2403,1734 2447,1734 2492,1737 2537,1734 2582,1731 2626,1731 2671,1728 2716,1728 2761,1725 2806,1725 2850,1725 2895,1719 2940,1716 2985,1719"/>
                <TextEquiv>
                    <Unicode>Als das Hauster hinter ihm zudröhnte, schlug es</Unicode>
                </TextEquiv>
            </TextLine>
            <TextLine id="tr_1_tl_2" custom="readingOrder {index:1;}">
                <Coords points="561,1993 2966,1923 3032,1790 567,1819"/>
                <Baseline points="582,1955 620,1952 665,1949 710,1949 755,1946 800,1946 844,1943 889,1943 934,1940 979,1940 1023,1937 1068,1934 1113,1931 1158,1931 1203,1931 1247,1928 1292,1925 1337,1925 1382,1922 1426,1922 1471,1919 1516,1919 1561,1916 1606,1916 1650,1913 1695,1913 1740,1910 1785,1907 1829,1904 1874,1904 1919,1901 1964,1901 2009,1901 2053,1898 2098,1895 2143,1895 2188,1892 2232,1892 2277,1889 2322,1889 2367,1889 2412,1886 2456,1886 2501,1883 2546,1886 2591,1880 2635,1877 2680,1877 2725,1877 2770,1874 2815,1874 2859,1871 2904,1868 2949,1865 2994,1865 3038,1865"/>
                <TextEquiv>
                    <Unicode>eben drei Uhr von einem nahen Kirchenturm, pranz nahm</Unicode>
                </TextEquiv>
            </TextLine>
            <TextLine id="tr_1_tl_3" custom="readingOrder {index:2;}">
                <Coords points="551,2107 2880,2063 2918,1920 555,1984"/>
                <Baseline points="570,2107 594,2104 638,2104 683,2101 728,2098 773,2098 817,2098 862,2098 907,2095 952,2092 997,2092 1041,2089 1086,2086 1131,2086 1176,2083 1220,2083 1265,2083 1310,2077 1355,2074 1400,2074 1444,2071 1489,2071 1534,2068 1579,2068 1623,2065 1668,2065 1713,2062 1758,2062 1803,2062 1847,2062 1892,2059 1937,2056 1982,2053 2026,2053 2071,2050 2116,2047 2161,2044 2206,2044 2250,2041 2295,2041 2340,2041 2385,2038 2429,2038 2474,2035 2519,2035 2564,2032 2609,2032 2653,2029 2698,2026 2743,2026 2788,2023 2832,2023 2877,2020 2922,2026"/>
                <TextEquiv>
                    <Unicode>den Weg schnurgerade zum Sophiensaal. Den Herrn im</Unicode>
                </TextEquiv>
            </TextLine>
            <TextLine id="tr_1_tl_4" custom="readingOrder {index:3;}">
                <Coords points="542,2282 3032,2237 3071,2076 545,2139"/>
                <Baseline points="558,2253 567,2253 611,2253 656,2253 701,2250 746,2250 791,2247 835,2247 880,2244 925,2241 970,2238 1014,2238 1059,2235 1104,2235 1149,2232 1194,2232 1238,2232 1283,2229 1328,2226 1373,2226 1417,2223 1462,2223 1507,2220 1552,2217 1597,2217 1641,2217 1686,2214 1731,2214 1776,2212 1820,2212 1865,2209 1910,2209 1955,2206 2000,2206 2044,2203 2089,2200 2134,2200 2179,2197 2223,2200 2268,2197 2313,2194 2358,2194 2403,2194 2447,2191 2492,2188 2537,2188 2582,2185 2626,2185 2671,2182 2716,2182 2761,2182 2806,2182 2850,2179 2895,2176 2940,2176 2985,2176 3029,2179 3074,2182"/>
                <TextEquiv>
                    <Unicode>Pelz musste er finden; wenn es ihm jetzt nicht gelang,</Unicode>
                </TextEquiv>
            </TextLine>
            <TextLine id="tr_1_tl_5" custom="readingOrder {index:4;}">
                <Coords points="558,2443 2719,2408 2877,2361 2884,2193 2722,2262 561,2301"/>
                <Baseline points="576,2409 605,2409 650,2406 695,2406 740,2406 785,2403 829,2400 874,2397 919,2394 964,2394 1008,2391 1053,2388 1098,2388 1143,2385 1188,2385 1232,2382 1277,2382 1322,2382 1367,2382 1411,2379 1456,2376 1501,2373 1546,2370 1591,2370 1635,2367 1680,2367 1725,2364 1770,2361 1814,2361 1859,2361 1904,2361 1949,2361 1994,2358 2038,2355 2083,2355 2128,2355 2173,2355 2217,2352 2262,2349 2307,2349 2352,2346 2397,2346 2441,2346 2486,2343 2531,2340 2576,2340 2620,2340 2665,2337 2710,2334 2755,2334 2800,2331 2844,2328 2889,2328"/>
                <TextEquiv>
                    <Unicode>so wollte er die Stadt nach allen Ecken und Enden</Unicode>
                </TextEquiv>
            </TextLine>
            <TextLine id="tr_1_tl_6" custom="readingOrder {index:5;}">
                <Coords points="564,2583 2887,2548 2928,2386 567,2446"/>
                <Baseline points="582,2552 603,2552 647,2549 692,2549 737,2549 782,2546 826,2543 871,2540 916,2540 961,2540 1005,2537 1050,2537 1095,2534 1140,2534 1185,2534 1229,2534 1274,2531 1319,2528 1364,2528 1408,2528 1453,2525 1498,2522 1543,2519 1588,2519 1632,2516 1677,2516 1722,2513 1767,2513 1811,2513 1856,2513 1901,2513 1946,2510 1991,2510 2035,2510 2080,2504 2125,2504 2170,2504 2214,2501 2259,2501 2304,2501 2349,2498 2394,2495 2438,2495 2483,2492 2528,2492 2573,2489 2617,2489 2662,2489 2707,2486 2752,2483 2797,2483 2841,2483 2886,2477 2931,2474"/>
                <TextEquiv>
                    <Unicode>durchstreifen, bis er ihm begegnete. Die Sache war</Unicode>
                </TextEquiv>
            </TextLine>
            <TextLine id="tr_1_tl_7" custom="readingOrder {index:6;}">
                <Coords points="567,2706 3032,2693 3071,2529 570,2583"/>
                <Baseline points="585,2701 611,2698 656,2695 701,2695 746,2695 791,2692 835,2692 880,2689 925,2686 970,2686 1014,2683 1059,2683 1104,2683 1149,2680 1194,2677 1238,2677 1283,2677 1328,2680 1373,2680 1417,2680 1462,2677 1507,2671 1552,2668 1597,2668 1641,2668 1686,2665 1731,2662 1776,2662 1820,2662 1865,2662 1910,2659 1955,2662 2000,2659 2044,2659 2089,2659 2134,2662 2179,2659 2223,2656 2268,2653 2313,2653 2358,2650 2403,2650 2447,2647 2492,2647 2537,2647 2582,2644 2626,2641 2671,2641 2716,2641 2761,2638 2806,2638 2850,2638 2895,2635 2940,2632 2985,2632 3029,2632 3074,2635"/>
                <TextEquiv>
                    <Unicode>nicht in Ordnung, und sie musste geregelt werden. Auf</Unicode>
                </TextEquiv>
            </TextLine>
            <TextLine id="tr_1_tl_8" custom="readingOrder {index:7;}">
                <Coords points="567,2871 3086,2817 3090,2678 570,2773"/>
                <Baseline points="585,2853 629,2850 674,2850 719,2850 764,2850 808,2850 853,2850 898,2850 943,2847 988,2844 1032,2841 1077,2838 1122,2835 1167,2835 1211,2832 1256,2832 1301,2832 1346,2832 1391,2829 1435,2826 1480,2826 1525,2826 1570,2820 1614,2820 1659,2820 1704,2817 1749,2817 1794,2815 1838,2815 1883,2812 1928,2812 1973,2809 2017,2809 2062,2809 2107,2806 2152,2806 2197,2806 2241,2806 2286,2803 2331,2803 2376,2803 2420,2800 2465,2797 2510,2797 2555,2794 2600,2794 2644,2794 2689,2791 2734,2791 2779,2791 2823,2791 2868,2788 2913,2785 2958,2785 3003,2785 3047,2785 3092,2785"/>
                <TextEquiv>
                    <Unicode>den Lippen hatte er ein schmerzlich brennendes Gefühl.</Unicode>
                </TextEquiv>
            </TextLine>
            <TextLine id="tr_1_tl_9" custom="readingOrder {index:8;}">
                <Coords points="577,3036 2865,2994 3010,2969 3013,2865 583,2868"/>
                <Baseline points="594,3012 600,3012 644,3012 689,3009 734,3009 779,3006 823,3006 868,3006 913,3003 958,3000 1003,2997 1047,2997 1092,2997 1137,2994 1182,2994 1226,2991 1271,2988 1316,2988 1361,2988 1406,2985 1450,2982 1495,2982 1540,2982 1585,2976 1629,2976 1674,2973 1719,2970 1764,2970 1809,2970 1853,2967 1898,2967 1943,2964 1988,2964 2032,2961 2077,2961 2122,2961 2167,2958 2212,2955 2256,2955 2301,2955 2346,2955 2391,2955 2435,2952 2480,2952 2525,2949 2570,2949 2615,2946 2659,2946 2704,2943 2749,2943 2794,2943 2838,2946 2883,2943 2928,2946 2973,2943 3018,2943"/>
                <TextEquiv>
                    <Unicode>Es war ihm jetzt, als wenn er dem Herrn die Hand ge-</Unicode>
                </TextEquiv>
            </TextLine>
            <TextLine id="tr_1_tl_10" custom="readingOrder {index:9;}">
                <Coords points="580,3175 2966,3140 3086,3102 3090,2985 583,3039"/>
                <Baseline points="597,3152 635,3152 680,3149 725,3149 770,3149 814,3146 859,3146 904,3143 949,3140 994,3140 1038,3140 1083,3140 1128,3140 1173,3137 1217,3134 1262,3134 1307,3131 1352,3131 1397,3131 1441,3128 1486,3125 1531,3122 1576,3122 1620,3119 1665,3119 1710,3119 1755,3116 1800,3116 1844,3116 1889,3113 1934,3113 1979,3113 2023,3110 2068,3110 2113,3110 2158,3107 2203,3107 2247,3107 2292,3104 2337,3104 2382,3104 2426,3104 2471,3101 2516,3101 2561,3098 2606,3095 2650,3095 2695,3092 2740,3092 2785,3092 2829,3092 2874,3092 2919,3092 2964,3092 3009,3092 3053,3089 3098,3089"/>
                <TextEquiv>
                    <Unicode>küsst hätte, nicht für die zehn Kronen, die er ihm ge-</Unicode>
                </TextEquiv>
            </TextLine>
            <TextLine id="tr_1_tl_11" custom="readingOrder {index:10;}">
                <Coords points="593,3330 3099,3296 3105,3162 1464,3128 596,3235"/>
                <Baseline points="611,3316 647,3313 692,3310 737,3310 782,3307 826,3304 871,3304 916,3304 961,3304 1005,3301 1050,3298 1095,3298 1140,3295 1185,3292 1229,3292 1274,3289 1319,3286 1364,3289 1408,3286 1453,3283 1498,3283 1543,3280 1588,3280 1632,3277 1677,3274 1722,3274 1767,3274 1811,3274 1856,3271 1901,3271 1946,3268 1991,3268 2035,3265 2080,3265 2125,3265 2170,3262 2214,3262 2259,3262 2304,3262 2349,3259 2394,3256 2438,3256 2483,3256 2528,3250 2573,3253 2617,3250 2662,3247 2707,3247 2752,3247 2797,3244 2841,3247 2886,3244 2931,3244 2976,3241 3020,3241 3065,3244 3110,3244"/>
                <TextEquiv>
                    <Unicode>sehenkt, sondern für all das Nichtige und Erbärmliche,</Unicode>
                </TextEquiv>
            </TextLine>
            <TextLine id="tr_1_tl_12" custom="readingOrder {index:11;}">
                <Coords points="593,3486 3010,3463 3118,3435 3121,3286 1344,3302 596,3400"/>
                <Baseline points="611,3462 617,3462 662,3459 707,3459 752,3459 797,3456 841,3453 886,3453 931,3450 976,3450 1020,3447 1065,3447 1110,3444 1155,3444 1200,3441 1244,3438 1289,3438 1334,3438 1379,3438 1423,3435 1468,3435 1513,3432 1558,3432 1603,3435 1647,3432 1692,3429 1737,3429 1782,3426 1826,3426 1871,3420 1916,3420 1961,3420 2006,3418 2050,3418 2095,3415 2140,3415 2185,3415 2229,3415 2274,3412 2319,3412 2364,3409 2409,3409 2453,3406 2498,3406 2543,3403 2588,3403 2632,3403 2677,3400 2722,3397 2767,3397 2812,3397 2856,3397 2901,3397 2946,3397 2991,3394 3035,3394 3080,3391 3125,3397"/>
                <TextEquiv>
                    <Unicode>auf das das Geld aufgegangen war... Die Erlebnisse der</Unicode>
                </TextEquiv>
            </TextLine>
            <TextLine id="tr_1_tl_13" custom="readingOrder {index:12;}">
                <Coords points="634,3666 1489,3581 2332,3635 3067,3568 3093,3448 640,3482"/>
                <Baseline points="653,3600 677,3600 722,3600 767,3600 811,3600 856,3600 901,3600 946,3597 991,3594 1035,3594 1080,3591 1125,3591 1170,3588 1214,3588 1259,3588 1304,3585 1349,3585 1394,3582 1438,3582 1483,3579 1528,3579 1573,3579 1617,3576 1662,3579 1707,3576 1752,3576 1797,3576 1841,3573 1886,3573 1931,3570 1976,3567 2020,3570 2065,3567 2110,3567 2155,3570 2200,3567 2244,3567 2289,3564 2334,3561 2379,3564 2423,3561 2468,3561 2513,3558 2558,3558 2603,3555 2647,3555 2692,3555 2737,3555 2782,3552 2826,3552 2871,3549 2916,3549 2961,3549 3006,3546 3050,3546 3095,3549"/>
                <TextEquiv>
                    <Unicode>Nacht wirrten ihm durcheinander. Jetzt erst fiel ihm</Unicode>
                </TextEquiv>
            </TextLine>
        </TextRegion>
    </Page>
</PcGts>
