3416 4040
1216 386 1737 607 Im Tram
2986 386 3121 629 e
736 499 2498 830 En travaille    fusse en jeune
618 780 2314 982 eine grote Treppe in eine schon
593 957 2374 1175 Hentwurif for ane  ƒ  wo er n
623 1125 2360 1318 ercle linale.  seure une bif
540 1282 2498 1608 Malt butin giue hete - i a stand
601 1525 2407 1765 tionis oben, die sich nicht in ih
571 1726 2482 1903 kimmerli. Høbslus ertönte hinle
552 1916 2493 2162 ubue sine Stimme. par schrift.
563 2126 2496 2322 me ein Befehlg de Bend
535 2305 2394 2518 und hehrte sich die beid, kann
488 2559 2440 2769 nichin und treit et mit Tuphik
1972 2686 2314 2818 9 fem
518 2711 2738 2984 de frapp bicemté.  Al inte n
778 2901 1795 3094 mil cinz samt. Rent
491 3011 2664 3240 avec de Herr son  ophieuse,
466 3179 2584 3411 hielt den klemmen auf den Eilvon
449 3345 2531 3576 me are been kastore in echann
394 3505 2564 3775 Frau nicht, war ihr um ihren macht — 4. Herr,
620 3681 2642 3916 sie hat ihr nicht.„ Un all, de vorlegungen,
2702 3701 2810 3866 4.
