<?xml version="1.0" encoding="UTF-8" standalone="yes"?>
<PcGts xmlns="http://schema.primaresearch.org/PAGE/gts/pagecontent/2013-07-15" xmlns:xsi="http://www.w3.org/2001/XMLSchema-instance" xsi:schemaLocation="http://schema.primaresearch.org/PAGE/gts/pagecontent/2013-07-15 http://schema.primaresearch.org/PAGE/gts/pagecontent/2013-07-15/pagecontent.xsd">
    <Metadata>
        <Creator>prov=READ-COOP:name=TrHtr:version=2.1.0:model_id=51170:date=14_08_2023_18:55</Creator>
        <Created>2023-05-10T14:44:27.015+02:00</Created>
        <LastChange>2023-08-14T18:55:08.561+02:00</LastChange>
        <TranskribusMetadata docId="1428656" pageId="55424417" pageNr="18" tsid="132821880" status="IN_PROGRESS" userId="64420" imgUrl="https://files.transkribus.eu/Get?id=ROEMQRLOIQGQGNYWIXFDZBOW&amp;fileType=view" xmlUrl="https://files.transkribus.eu/Get?id=JJGIWKQGCGQFUTDOPQEJBLHY" imageId="44698494"/>
    </Metadata>
    <Page imageFilename="1428656_0018.jpg" imageWidth="3400" imageHeight="3992">
        <ReadingOrder>
            <OrderedGroup id="ro_1711814537255" caption="Regions reading order">
                <RegionRefIndexed index="0" regionRef="tr_2"/>
                <RegionRefIndexed index="1" regionRef="tr_1"/>
            </OrderedGroup>
        </ReadingOrder>
        <TextRegion id="tr_2" custom="readingOrder {index:0;}">
            <Coords points="531,457 3084,457 3084,1558 531,1558"/>
            <TextLine id="tr_2_tl_1" custom="readingOrder {index:0;}">
                <Coords points="2711,519 2740,516 2813,570 2832,561 2857,567 2867,374 2838,367 2810,386 2800,380 2778,386 2765,399 2753,386 2721,383"/>
                <Baseline points="2732,513 2777,513 2822,510 2867,507"/>
                <TextEquiv>
                    <Unicode>10</Unicode>
                </TextEquiv>
            </TextLine>
            <TextLine id="tr_2_tl_2" custom="readingOrder {index:1;}">
                <Coords points="510,827 2984,786 2990,611 516,672"/>
                <Baseline points="531,811 534,811 578,808 623,808 668,808 713,805 757,802 802,802 847,802 892,802 936,799 981,796 1026,796 1071,796 1115,793 1160,793 1205,790 1250,787 1294,784 1339,784 1384,781 1429,781 1473,778 1518,778 1563,778 1608,775 1652,772 1697,772 1742,775 1787,772 1831,772 1876,769 1921,769 1966,766 2010,763 2055,763 2100,760 2145,760 2189,760 2234,757 2279,757 2324,754 2368,754 2413,751 2458,748 2503,745 2547,745 2592,745 2637,742 2682,739 2726,736 2771,736 2816,736 2861,733 2905,730 2950,727 2995,727"/>
                <TextEquiv>
                    <Unicode>und er bekam förmlich Lust, sich morgen Früh aufzuma-</Unicode>
                </TextEquiv>
            </TextLine>
            <TextLine id="tr_2_tl_3" custom="readingOrder {index:2;}">
                <Coords points="526,966 2920,941 2958,792 1048,808 808,896 532,833"/>
                <Baseline points="543,954 548,954 593,954 638,954 683,954 727,954 772,951 817,951 862,945 907,945 951,945 996,942 1041,942 1086,942 1130,939 1175,936 1220,933 1265,933 1309,930 1354,930 1399,927 1444,927 1488,924 1533,924 1578,921 1623,921 1667,921 1712,918 1757,915 1802,918 1846,915 1891,912 1936,912 1981,912 2025,909 2070,907 2115,904 2160,904 2204,904 2249,904 2294,904 2339,901 2383,901 2428,898 2473,895 2518,892 2562,892 2607,889 2652,889 2697,889 2741,886 2786,883 2831,880 2876,880 2920,880 2965,874"/>
                <TextEquiv>
                    <Unicode>ehen und zu Fuss nach Haus zu wandern, über die ver-</Unicode>
                </TextEquiv>
            </TextLine>
            <TextLine id="tr_2_tl_4" custom="readingOrder {index:3;}">
                <Coords points="529,1109 1831,1096 1894,1077 1897,944 535,991"/>
                <Baseline points="545,1100 560,1100 605,1100 650,1100 695,1100 739,1097 784,1097 829,1094 874,1094 918,1088 963,1088 1008,1086 1053,1086 1097,1083 1142,1083 1187,1080 1232,1080 1276,1077 1321,1074 1366,1071 1411,1071 1455,1071 1500,1068 1545,1068 1590,1068 1634,1068 1679,1065 1724,1062 1769,1062 1814,1062 1858,1062 1903,1059"/>
                <TextEquiv>
                    <Unicode>schneiten Strassen und Hügel.</Unicode>
                </TextEquiv>
            </TextLine>
            <TextLine id="tr_2_tl_5" custom="readingOrder {index:4;}">
                <Coords points="760,1270 3066,1235 3069,1102 763,1131"/>
                <Baseline points="778,1238 790,1238 835,1235 880,1235 924,1232 969,1232 1014,1229 1059,1229 1103,1229 1148,1226 1193,1226 1238,1223 1282,1223 1327,1220 1372,1220 1417,1217 1461,1214 1506,1214 1551,1214 1596,1214 1640,1211 1685,1211 1730,1211 1775,1208 1819,1208 1864,1208 1909,1205 1954,1205 1998,1205 2043,1202 2088,1202 2133,1196 2177,1196 2222,1196 2267,1193 2312,1193 2357,1193 2401,1193 2446,1190 2491,1190 2536,1190 2580,1187 2625,1190 2670,1187 2715,1187 2759,1190 2804,1190 2849,1187 2894,1187 2938,1184 2983,1181 3028,1178 3073,1175"/>
                <TextEquiv>
                    <Unicode>Ein blasses Mädchen stand plötzlich vor ihm, ganz</Unicode>
                </TextEquiv>
            </TextLine>
            <TextLine id="tr_2_tl_6" custom="readingOrder {index:5;}">
                <Coords points="532,1406 2034,1425 2696,1343 2873,1406 2955,1280 535,1242"/>
                <Baseline points="551,1396 584,1393 629,1390 674,1390 719,1390 763,1393 808,1393 853,1387 898,1384 942,1384 987,1381 1032,1378 1077,1375 1121,1378 1166,1375 1211,1375 1256,1375 1300,1372 1345,1372 1390,1369 1435,1366 1479,1366 1524,1366 1569,1363 1614,1363 1658,1360 1703,1360 1748,1360 1793,1357 1837,1360 1882,1360 1927,1357 1972,1357 2016,1354 2061,1354 2106,1351 2151,1351 2195,1348 2240,1348 2285,1345 2330,1345 2374,1345 2419,1342 2464,1342 2509,1339 2553,1339 2598,1339 2643,1339 2688,1339 2732,1339 2777,1336 2822,1339 2867,1336 2911,1333 2956,1336"/>
                <TextEquiv>
                    <Unicode>still, mit einem Körbchen voll Blumen und hielt ihm,</Unicode>
                </TextEquiv>
            </TextLine>
            <TextLine id="tr_2_tl_7" custom="readingOrder {index:6;}">
                <Coords points="2534,1533 2594,1543 2645,1505 2753,1543 2772,1530 2914,1562 2974,1536 3076,1536 3076,1410 2974,1429 2930,1394 2886,1413 2848,1387 2768,1429 2724,1400 2673,1406 2588,1353 2531,1365"/>
                <Baseline points="2550,1473 2595,1476 2640,1476 2685,1482 2729,1488 2774,1485 2819,1485 2864,1485 2908,1485 2953,1485 2998,1482 3043,1482 3084,1485"/>
                <TextEquiv>
                    <Unicode>von roten</Unicode>
                </TextEquiv>
            </TextLine>
            <TextLine id="tr_2_tl_8" custom="readingOrder {index:7;}">
                <Coords points="535,1584 2376,1552 2407,1365 1710,1470 538,1441"/>
                <Baseline points="557,1548 575,1545 620,1542 665,1542 710,1542 754,1542 799,1539 844,1539 889,1536 933,1536 978,1533 1023,1530 1068,1533 1112,1530 1157,1530 1202,1530 1247,1527 1291,1527 1336,1524 1381,1524 1426,1524 1470,1521 1515,1521 1560,1518 1605,1518 1649,1518 1694,1518 1739,1518 1784,1518 1828,1515 1873,1512 1918,1512 1963,1509 2007,1509 2052,1506 2097,1503 2142,1503 2186,1500 2231,1500 2276,1500 2321,1494 2365,1488 2410,1482"/>
                <TextEquiv>
                    <Unicode>ohne ihn recht anzusehen, ein kleines B</Unicode>
                </TextEquiv>
            </TextLine>
        </TextRegion>
        <TextRegion id="tr_1" custom="readingOrder {index:1;}">
            <Coords points="554,1587 3114,1587 3114,3635 554,3635"/>
            <TextLine id="tr_1_tl_1" custom="readingOrder {index:0;}">
                <Coords points="535,1714 2601,1695 2898,1672 2901,1558 538,1606"/>
                <Baseline points="554,1712 578,1709 623,1706 668,1706 713,1706 757,1703 802,1700 847,1700 892,1697 936,1697 981,1697 1026,1694 1071,1691 1115,1691 1160,1691 1205,1688 1250,1688 1294,1685 1339,1685 1384,1682 1429,1682 1473,1682 1518,1682 1563,1679 1608,1679 1652,1679 1697,1676 1742,1673 1787,1673 1831,1670 1876,1667 1921,1667 1966,1664 2010,1661 2055,1661 2100,1661 2145,1658 2189,1655 2234,1655 2279,1655 2324,1652 2368,1652 2413,1652 2458,1649 2503,1649 2547,1649 2592,1646 2637,1646 2682,1643 2726,1643 2771,1640 2816,1640 2861,1637 2905,1637"/>
                <TextEquiv>
                    <Unicode>Nelken und Reseda entgegen. In seiner Verlegenheit</Unicode>
                </TextEquiv>
            </TextLine>
            <TextLine id="tr_1_tl_2" custom="readingOrder {index:1;}">
                <Coords points="545,1878 3060,1843 3091,1723 2518,1669 548,1777"/>
                <Baseline points="563,1864 590,1864 635,1855 680,1852 725,1849 769,1846 814,1846 859,1843 904,1843 948,1840 993,1840 1038,1837 1083,1834 1127,1834 1172,1831 1217,1831 1262,1831 1306,1828 1351,1825 1396,1825 1441,1822 1485,1822 1530,1822 1575,1822 1620,1819 1664,1819 1709,1816 1754,1816 1799,1816 1843,1814 1888,1811 1933,1811 1978,1811 2022,1808 2067,1808 2112,1808 2157,1805 2201,1805 2246,1805 2291,1805 2336,1802 2380,1799 2425,1799 2470,1799 2515,1799 2559,1799 2604,1799 2649,1799 2694,1796 2738,1793 2783,1793 2828,1793 2873,1793 2917,1790 2962,1790 3007,1787 3052,1787 3096,1781"/>
                <TextEquiv>
                    <Unicode>griff er wie mechanisch nach dem Sträusschen und legte</Unicode>
                </TextEquiv>
            </TextLine>
            <TextLine id="tr_1_tl_3" custom="readingOrder {index:2;}">
                <Coords points="557,2005 2458,2015 3028,1951 3028,1840 561,1926"/>
                <Baseline points="575,2004 620,2001 665,1996 710,1993 754,1993 799,1990 844,1990 889,1990 933,1987 978,1987 1023,1984 1068,1984 1112,1981 1157,1978 1202,1978 1247,1978 1291,1975 1336,1975 1381,1972 1426,1972 1470,1972 1515,1969 1560,1969 1605,1966 1649,1966 1694,1963 1739,1963 1784,1963 1828,1963 1873,1960 1918,1960 1963,1960 2007,1957 2052,1957 2097,1954 2142,1954 2186,1954 2231,1951 2276,1951 2321,1948 2365,1948 2410,1948 2455,1948 2500,1948 2544,1948 2589,1948 2634,1945 2679,1945 2723,1942 2768,1942 2813,1939 2858,1939 2903,1939 2947,1936 2992,1933 3037,1933"/>
                <TextEquiv>
                    <Unicode>es vor sich hin. Während er nach einem Zwanzigheller-</Unicode>
                </TextEquiv>
            </TextLine>
            <TextLine id="tr_1_tl_4" custom="readingOrder {index:3;}">
                <Coords points="554,2144 2962,2132 3009,1986 557,2068"/>
                <Baseline points="572,2136 596,2139 641,2139 686,2136 730,2136 775,2136 820,2133 865,2130 909,2130 954,2133 999,2130 1044,2127 1088,2127 1133,2127 1178,2127 1223,2124 1268,2124 1312,2121 1357,2121 1402,2118 1447,2118 1491,2118 1536,2115 1581,2115 1626,2112 1670,2115 1715,2112 1760,2109 1805,2112 1849,2109 1894,2109 1939,2106 1984,2106 2028,2103 2073,2106 2118,2103 2163,2100 2207,2100 2252,2100 2297,2100 2342,2100 2386,2100 2431,2100 2476,2097 2521,2097 2565,2094 2610,2094 2655,2091 2700,2091 2744,2091 2789,2094 2834,2091 2879,2088 2923,2085 2968,2085 3013,2082"/>
                <TextEquiv>
                    <Unicode>stück suchte, nahm das Mädchen die Blumen vom Tische</Unicode>
                </TextEquiv>
            </TextLine>
            <TextLine id="tr_1_tl_5" custom="readingOrder {index:4;}">
                <Coords points="554,2303 3015,2319 3019,2186 557,2198"/>
                <Baseline points="572,2294 605,2291 650,2288 695,2288 739,2288 784,2285 829,2282 874,2282 918,2279 963,2279 1008,2279 1053,2279 1097,2276 1142,2276 1187,2276 1232,2276 1276,2273 1321,2273 1366,2270 1411,2270 1455,2267 1500,2267 1545,2267 1590,2264 1634,2261 1679,2261 1724,2261 1769,2261 1814,2258 1858,2261 1903,2258 1948,2258 1993,2258 2037,2258 2082,2255 2127,2255 2172,2252 2216,2252 2261,2252 2306,2252 2351,2252 2395,2252 2440,2249 2485,2246 2530,2246 2574,2246 2619,2246 2664,2243 2709,2243 2753,2243 2798,2243 2843,2240 2888,2240 2932,2243 2977,2243 3022,2246"/>
                <TextEquiv>
                    <Unicode>auf und steckte sie ihm ins Knopfloch, immer schweig-</Unicode>
                </TextEquiv>
            </TextLine>
            <TextLine id="tr_1_tl_6" custom="readingOrder {index:5;}">
                <Coords points="561,2474 2968,2455 2971,2319 561,2366"/>
                <Baseline points="578,2437 605,2434 650,2434 695,2434 739,2434 784,2431 829,2428 874,2425 918,2425 963,2425 1008,2422 1053,2419 1097,2419 1142,2419 1187,2416 1232,2416 1276,2416 1321,2413 1366,2410 1411,2410 1455,2410 1500,2407 1545,2407 1590,2407 1634,2404 1679,2404 1724,2404 1769,2404 1814,2404 1858,2404 1903,2401 1948,2401 1993,2401 2037,2401 2082,2398 2127,2398 2172,2401 2216,2401 2261,2398 2306,2395 2351,2395 2395,2392 2440,2392 2485,2392 2530,2392 2574,2392 2619,2389 2664,2389 2709,2389 2753,2389 2798,2389 2843,2389 2888,2389 2932,2389 2977,2389"/>
                <TextEquiv>
                    <Unicode>sam, ohne die Miene zu verziehen, als dachte sie an</Unicode>
                </TextEquiv>
            </TextLine>
            <TextLine id="tr_1_tl_7" custom="readingOrder {index:6;}">
                <Coords points="567,2620 2968,2594 3050,2582 3053,2448 570,2480"/>
                <Baseline points="584,2592 599,2589 644,2589 689,2589 733,2586 778,2586 823,2589 868,2586 912,2580 957,2580 1002,2577 1047,2574 1091,2574 1136,2571 1181,2571 1226,2571 1270,2568 1315,2568 1360,2568 1405,2565 1450,2565 1494,2565 1539,2565 1584,2562 1629,2562 1673,2559 1718,2559 1763,2559 1808,2556 1852,2556 1897,2553 1942,2553 1987,2553 2031,2553 2076,2550 2121,2550 2166,2550 2210,2550 2255,2550 2300,2550 2345,2547 2389,2544 2434,2544 2479,2544 2524,2544 2568,2541 2613,2544 2658,2541 2703,2541 2747,2541 2792,2541 2837,2541 2882,2539 2926,2539 2971,2539 3016,2536 3061,2536"/>
                <TextEquiv>
                    <Unicode>etwas ganz Anderes. Pranz hatte endlich das Geldstück</Unicode>
                </TextEquiv>
            </TextLine>
            <TextLine id="tr_1_tl_8" custom="readingOrder {index:7;}">
                <Coords points="602,2753 2768,2708 2949,2772 2977,2604 605,2610"/>
                <Baseline points="620,2735 659,2729 704,2729 748,2729 793,2729 838,2726 883,2729 927,2723 972,2723 1017,2723 1062,2721 1106,2721 1151,2721 1196,2721 1241,2721 1285,2718 1330,2718 1375,2718 1420,2718 1464,2718 1509,2715 1554,2715 1599,2712 1643,2712 1688,2712 1733,2709 1778,2709 1822,2706 1867,2706 1912,2706 1957,2706 2001,2706 2046,2706 2091,2703 2136,2703 2180,2700 2225,2703 2270,2700 2315,2700 2359,2700 2404,2700 2449,2697 2494,2694 2539,2697 2583,2697 2628,2697 2673,2694 2718,2694 2762,2694 2807,2694 2852,2694 2897,2694 2941,2697 2986,2694"/>
                <TextEquiv>
                    <Unicode>aus dem Sack hervorgeholt,- es war zwar eine Krone,</Unicode>
                </TextEquiv>
            </TextLine>
            <TextLine id="tr_1_tl_9" custom="readingOrder {index:8;}">
                <Coords points="567,2898 2848,2905 2882,2772 570,2759"/>
                <Baseline points="584,2876 605,2879 650,2879 695,2876 739,2876 784,2876 829,2873 874,2873 918,2873 963,2870 1008,2870 1053,2867 1097,2867 1142,2864 1187,2864 1232,2864 1276,2861 1321,2861 1366,2861 1411,2861 1455,2858 1500,2858 1545,2858 1590,2855 1634,2855 1679,2852 1724,2855 1769,2855 1814,2852 1858,2852 1903,2852 1948,2849 1993,2849 2037,2849 2082,2846 2127,2846 2172,2846 2216,2846 2261,2846 2306,2846 2351,2846 2395,2846 2440,2843 2485,2843 2530,2849 2574,2849 2619,2846 2664,2843 2709,2843 2753,2843 2798,2840 2843,2840 2888,2846"/>
                <TextEquiv>
                    <Unicode>aber er schämte sich weiter zu suchen und gab der</Unicode>
                </TextEquiv>
            </TextLine>
            <TextLine id="tr_1_tl_10" custom="readingOrder {index:9;}">
                <Coords points="554,3044 2572,3050 3022,3019 3025,2920 843,2895 554,2990"/>
                <Baseline points="572,3043 617,3040 662,3037 707,3037 751,3037 796,3037 841,3034 886,3034 930,3031 975,3028 1020,3028 1065,3028 1109,3025 1154,3025 1199,3025 1244,3022 1288,3025 1333,3022 1378,3022 1423,3019 1467,3016 1512,3016 1557,3016 1602,3013 1646,3013 1691,3013 1736,3010 1781,3010 1825,3010 1870,3010 1915,3007 1960,3007 2004,3007 2049,3007 2094,3004 2139,3004 2183,3004 2228,3001 2273,3001 2318,3001 2362,3001 2407,3004 2452,3004 2497,3004 2541,3004 2586,3004 2631,3001 2676,2998 2721,2995 2765,2995 2810,2995 2855,2995 2900,2992 2944,2989 2989,2989 3034,2986"/>
                <TextEquiv>
                    <Unicode>Kleinen die Münze. Sie lächelte ein wenig, und Franz</Unicode>
                </TextEquiv>
            </TextLine>
            <TextLine id="tr_1_tl_11" custom="readingOrder {index:10;}">
                <Coords points="608,3183 3050,3183 3050,3057 2407,3022 611,3110"/>
                <Baseline points="629,3177 641,3174 686,3174 730,3174 775,3177 820,3174 865,3174 909,3171 954,3171 999,3171 1044,3171 1088,3171 1133,3168 1178,3171 1223,3168 1268,3165 1312,3165 1357,3165 1402,3165 1447,3162 1491,3162 1536,3162 1581,3162 1626,3162 1670,3162 1715,3159 1760,3159 1805,3156 1849,3156 1894,3153 1939,3153 1984,3153 2028,3153 2073,3156 2118,3153 2163,3153 2207,3153 2252,3153 2297,3153 2342,3153 2386,3147 2431,3150 2476,3150 2521,3147 2565,3150 2610,3144 2655,3144 2700,3144 2744,3144 2789,3144 2834,3144 2879,3144 2923,3144 2968,3144 3013,3144 3058,3147"/>
                <TextEquiv>
                    <Unicode>sah, dass sie viel älter sein musste, als er anfangs</Unicode>
                </TextEquiv>
            </TextLine>
            <TextLine id="tr_1_tl_12" custom="readingOrder {index:11;}">
                <Coords points="576,3339 3107,3345 3107,3215 2746,3158 576,3196"/>
                <Baseline points="593,3317 608,3317 653,3320 698,3320 742,3320 787,3320 832,3320 877,3320 921,3317 966,3317 1011,3317 1056,3317 1100,3317 1145,3314 1190,3314 1235,3314 1279,3311 1324,3311 1369,3311 1414,3314 1458,3311 1503,3311 1548,3308 1593,3305 1637,3305 1682,3305 1727,3305 1772,3305 1816,3305 1861,3308 1906,3305 1951,3305 1996,3305 2040,3308 2085,3311 2130,3308 2175,3305 2219,3305 2264,3302 2309,3302 2354,3305 2398,3302 2443,3302 2488,3302 2533,3296 2577,3296 2622,3296 2667,3296 2712,3293 2756,3290 2801,3290 2846,3290 2891,3296 2935,3296 2980,3296 3025,3296 3070,3293 3114,3293"/>
                <TextEquiv>
                    <Unicode>vermutet hatte. "Küss' die Hand, gnädiger Herr", sagte</Unicode>
                </TextEquiv>
            </TextLine>
            <TextLine id="tr_1_tl_13" custom="readingOrder {index:12;}">
                <Coords points="573,3503 3072,3465 3072,3370 2863,3335 573,3367"/>
                <Baseline points="590,3472 614,3472 659,3472 704,3475 748,3475 793,3472 838,3472 883,3472 927,3469 972,3466 1017,3466 1062,3466 1106,3466 1151,3466 1196,3466 1241,3463 1285,3463 1330,3463 1375,3463 1420,3463 1464,3460 1509,3460 1554,3460 1599,3457 1643,3457 1688,3457 1733,3457 1778,3457 1822,3454 1867,3454 1912,3454 1957,3454 2001,3457 2046,3457 2091,3457 2136,3454 2180,3457 2225,3454 2270,3454 2315,3454 2359,3451 2404,3451 2449,3451 2494,3451 2539,3451 2583,3451 2628,3448 2673,3448 2718,3448 2762,3448 2807,3448 2852,3446 2897,3446 2941,3443 2986,3443 3031,3443 3076,3443"/>
                <TextEquiv>
                    <Unicode>sie, indem sie sich entfernte. Der Klang dieser Worte</Unicode>
                </TextEquiv>
            </TextLine>
            <TextLine id="tr_1_tl_14" custom="readingOrder {index:13;}">
                <Coords points="567,3662 2398,3706 3000,3643 3101,3608 3104,3472 1010,3487 570,3570"/>
                <Baseline points="584,3622 605,3625 650,3625 695,3625 739,3625 784,3625 829,3625 874,3625 918,3622 963,3622 1008,3622 1053,3619 1097,3619 1142,3619 1187,3619 1232,3619 1276,3619 1321,3619 1366,3619 1411,3619 1455,3616 1500,3613 1545,3613 1590,3616 1634,3613 1679,3610 1724,3613 1769,3613 1814,3610 1858,3613 1903,3613 1948,3613 1993,3610 2037,3607 2082,3607 2127,3607 2172,3604 2216,3604 2261,3604 2306,3604 2351,3604 2395,3604 2440,3601 2485,3601 2530,3601 2574,3601 2619,3598 2664,3598 2709,3598 2753,3595 2798,3595 2843,3595 2888,3592 2932,3592 2977,3592 3022,3589 3067,3589 3111,3589"/>
                <TextEquiv>
                    <Unicode>durchbebte ihn... Und wie er jetzt wieder seine Blicke</Unicode>
                </TextEquiv>
            </TextLine>
        </TextRegion>
    </Page>
</PcGts>
