3304 3928
907 377 1895 630 his seem to inform
2413 531 2796 691 wegen began
534 568 2207 765 Franz so sehr, dass ihm die Augen zu
2423 651 2879 768 treit austo
518 710 1984 926 Ein unsäglicherulass grimmte in
528 839 2836 1043 ne Hand und gab dem Wohltäter eine so mächtige Oh!
2719 963 2889 1037 mir
528 1018 2879 1213 feige, dass ihm der Cylinder herunterfiel. Der Her
518 1170 2759 1349 riss zuerst vor Entsetzen den Mund weit auf, dann
522 1305 3003 1481 packte er den erhobenen Arm des Bettlers und fing an,
515 1460 2997 1639 nach der Wache zu schreien. Einige Leute, die aus der
528 1586 2957 1784 Halle kamen, blieben stehen, Kutscher liefen herüber,
540 1765 2963 1941 ein Polizeimann war sofort zur Stelle. "Ist der Kerl
543 1870 3006 2059 verrückt?“ schrie der Wohltäter, indem er seinen Cy-
528 2052 3003 2210 linder aufhob. "Ich habe nämlich zu bemerken", rief
543 2154 2963 2355 in grösster Erregung, ohne die Fähigkeit, seine bis-
577 2315 2960 2515 herige Vornehmheit aufrecht zu erhalten, “dass ich
543 2497 2978 2657 diesem Kerl gestern eine unsumme - zehn Kronen! - ja
552 2629 2944 2793 zehn Kronen!... bitte, Herr Sicherheitswachmann...
549 2778 2972 3006 dabei stülpte er sich den Hut auf den Kopf“.. nie in
552 2920 2126 3151 mir etwas Aehnliches vorgekommen!“
781 3099 2889 3293 Franz atmata tief auf. Er liess den Herrn sch
574 3253 2907 3438 en, befand sich sehr wohl und sprach kein Wort —Une
571 3367 2688 3595 gleichsam erlöst, mit einem heitern Lächeln aus.
1787 3555 2534 3710 die Wache führer
1275 3562 1407 3691 r
577 3552 1185 3771 Lippen, liess
