3400 3944
716 643 2962 881 Er ging, so schnell er konnte; zuweilen lief er
506 840 3054 1024 geradezu. Aber es war ganz vergeblich - ihn fror immer
496 980 2847 1180 heftiger. Seit Anbruch der Dunkelheit schneite es
509 1129 2873 1330 überdies, und die Strassen leuchteten im Laternen-
528 1298 2968 1473 schein. Was sollte er beginnen? Er konnte sich nicht
528 1432 2841 1616 einmal mehr in eine Branntweinbutticke wagen; die
515 1594 2895 1804 letzten paar Heller hatte er nachmittags für einen
251 1549 344 1775 be
512 1766 3070 1896 Kaffee ausgegeben. Er war hungrig geworden, nachdem er
525 1874 3073 2052 den ganzen Tag treppauf treppab gelaufen war. Vor acht
515 2049 2847 2214 Tagen, als die ersten trügerischen Prühjahralüfte
525 2170 3060 2351 wehten, hatte er seinen dicken Rook verkauft, und nun,
528 2316 3076 2497 zu allem andern Elend, schien ein neuer Winter einbre-
534 2497 1250 2682 ehen zu wollen.
716 2618 3076 2806 Die Strasse öffnete sich. Pranz befand sich einem
522 2800 3032 2955 grossen Gebäude gegenüber, vor dem Bogenlampen brann-
541 2933 2895 3130 ten und dessen riesige Fenster in hellem Licht er-
541 3076 3009 3270 strahlten. Wagen näherten sich in geschlossener dich-
531 3239 2946 3458 ter Reihe langsam dem Tor, von verschiedenen Seiten
