3416 4024
412 635 2858 817 Gestalt und den Gang seines Retters einprägen müsse.
2015 754 2245 858 raun
424 773 2902 987 Als er seinen Rlicken entschwunden war, führte er das
428 949 2804 1097 Goldstück mit plötzlicher Angst näher an die Augen,
434 1053 2955 1242 und tief atmete er auf, als er sah, dass er sich nicht
2166 1185 2914 1298 durch die Strassen
1232 1213 1408 1320 Nun
437 1226 2873 1421 getäuscht hatte. Dann lief er eine ganze Veile, ohne
431 1396 2886 1553 an Hunger, Durst und Kälte zu denken. Aber als er an
440 1562 2965 1729 siner Ecke die erleuchteten Fenster eines bescheidenen
437 1707 2924 1984 Gasthauses blinken sah, kam er zur Besinnung und trat
431 1924 638 2065 oin.
666 1952 2807 2194 Das Lokal war sehr spärlich besucht. An einem
431 2135 2955 2367 länglichen Täsch sass eine kleine Gesellschaft von al-
1185 2301 1805 2418 laut redelen
446 2317 2886 2506 teren Leuten, die (Bier tranken,) (rauchten) und sich um
446 2440 2864 2732 den Bintretenden nicht kümmerten. Franz setzte sich
450 2612 2921 2820 an einen grossen runden Tisch in die andere Ecke, be-
465 2798 2851 2968 stellte sich ein Nachtmahl und aas und trank beinah
1386 2902 2128 3018 schmerzlich zu müssen.
682 2930 953 3024 Lastig
453 2936 2833 3131 gedankenlos und mit grösstem Behagen. Als er damit
462 3093 2873 3282 fertig war, schob er den Yoller weg und lehnte sich
459 3203 2911 3386 zurück. Er hatte keine Eile; In das schmutzige Quar-
475 3398 3005 3650 tier, wo er die letzten Nächte verbracht hatte, kam er
