3400 4024
517 628 3017 871 kleines Tischchen am letzten Fenster frei. Nicht weit
536 804 2950 1059 von ihm sassen zwei junge Leute im Prack in Gesell-
548 985 3023 1215 schaft eines hübschen jungen Mädchens mit dunklen un-
548 1113 2902 1317 ruhigen Augen, Der eine Herr sah einen Moment lang
1942 1231 2149 1330 der
545 1244 3052 1464 scharf auf Franz hinüber, und dieser zuckte ausammen.
529 1422 816 1534 dein
555 1425 2985 1607 Er hatte schon geglaubt, den Herrn im Pelz zu erken-
1808 1556 2041 1665 aber
545 1588 3029 1805 nen. Dann ärgerte er sich wieder, dass er so erschrö-
1030 1751 1145 1837 verg
552 1735 3013 1945 eken war, als hätte er nicht das Recht, die gleichen
548 1878 3068 2057 Lokale zu besuchen wie jener Andere. Der tanzte
765 2015 1636 2136 in diesem Arentlick
555 1996 2867 2277 wol noch immer mit schönen Damen durch den hehen,
564 2181 2966 2353 leuchtenden Saal und hatte das stolze Gefühl, einen
580 2344 2962 2506 armen Teufel glücklich gemacht, zu evigem Dank ver-
568 2497 2797 2643 pflichtet zu haben. Franz biss sich in die Lippe
638 2551 3205 2704 Ce véritement dans ce deu Herr die Haus jettussit hebben
577 2669 3020 2803 Ja, wenn es zehnmal so viel gewesen wäre - oder hun-
1515 2749 3128 2854 hatte er. Da wohl du Hand kussersdurch
574 2806 3033 2959 dertaal!.. (ja, dann wäre alles anders gewesen) dann
577 2953 2953 3119 hätte man seine Existenz von Grund auf Ändern, ein
568 3093 3096 3272 neues Leben beginnen, ein Mensch... ein Mensch wie an-
574 3224 3109 3428 dere Menschen verden können!... Aber dieses eine Guld-
2414 3361 3071 3444 eines - uns
1744 3367 2028 3463 & even
2073 3358 2350 3453 made.
2203 3434 2809 3600 reres vermeckte
2838 3437 2981 3562 in
596 3374 1955 3613 stück... has hat es schlieset
577 3571 3052 3740 ihn seine Armut noch bitterer empfinden zu lassen und
