3400 3992
2766 337 2899 540 11
442 613 2994 807 zu den andern Tischen wandte, kam es ihm vor, als sähe
439 769 2810 938 man ihn von überall mit einer gewissen ruhigen und
448 922 2902 1071 selbstverständlichen Hochschätzung an. Unwillkürlich
439 1078 2953 1249 nahm er eine leichtere Haltung an, winkte dem Kellner
448 1230 2867 1395 verlangte Eigaretten und zündete sich eine an. Dann
445 1383 846 1554 ging er.
671 1532 2909 1685 Es schneite noch immer, und die Strassen, durch
461 1682 2950 1837 die er jetzt spazierte, waren menschenleer. Die Kälte
461 1837 2861 1999 empfand er nicht mehr, aber der Boden schwankte ein
461 1980 2953 2146 wenig unter seinen Füssen. Wohinf fragte er sich. Ein
458 2130 2603 2273 verlockender Gedanke fuhr ihm durch den Sinn!
2686 2139 2896 2311 lang
1450 2241 1602 2327 um
461 2282 2889 2444 schauerte zusammen... Hr blieb einen Augenblick ste-
451 2422 2915 2597 hen. Dann stapfte er mit den Füssen durch den Schnee
458 2527 2909 2718 weiter und empfand ein gewisses Vergnügen dauen, den
455 2715 2855 2912 Schritt des Herrn im Pelz nachzuhmen.. Er lachte:
448 2880 2988 3045 dann murmelte er vor sich hin: "Wir sehn uns wieder...
445 3039 2959 3179 heut noch... bald - in der Früh. Nur ein paar Stunden
448 3160 2959 3315 möcht' ich noch schlafen. Ich bin Ihresgleichen, mein
445 3331 2613 3455 Herr, ich habe sogar eine Blume im Knopfloch!“
683 3484 2931 3681 In einer ganz engen Gasse kamen ihm zwei Frauen-
