4792 4711
585 250 3625 581 u scheint des "Baron"erinnen nicht unwert
2426 385 3743 610 Gesellschaft eines
1285 499 1988 679 wohl selbst
876 487 2635 765 der die Berliner bürgerl. Aufklärer befreundete.
585 552 3780 900 Mirabeau mehrt unwert gewesen. Er lebte
606 544 1240 741 und ware
597 700 3719 1096 gerade in der Zeit, in der auch das deutsche
651 888 3592 1248 Bürgertum erwachte und vielleicht die
675 1023 3731 1391 höchste Glüte erreichte, deren es fähig ist.
671 1252 3842 1559 und es war eben sähig, unsere klarsinke Lite¬
1690 1272 1870 1461 door
1399 1411 3003 1612 wie überschätzt die auch sein, mag
626 1456 3735 1804 ratur hervorzubringen. Woran liegt es
691 1608 3915 1964 denn da nun, dass dieser Landgraf nicht so
691 1767 3739 2095 hart wurde, dass geistige Funken aus
741 1890 3891 2246 ihm herausgeschlagen werden konnten.
3641 2123 3907 2258 una
777 2033 3600 2459 Gewin, Adalbert ist kein Feuerstein.
716 2254 3993 2610 Mein Lessing; und Tobias Klenk ist keiner
352 2332 458 2565 G.C.P.
2811 2410 3064 2528 le
810 2381 3911 2741 der besten von Schillers Räubern. Wenn ich
728 2573 3858 2966 törichter wäre, als ich sein mochte, würde ich
4116 2532 4398 2864 M eux
741 2749 4026 3126 sogar fragen: warum haben sie einem so ausge¬
806 2913 3993 3216 Zeitmeten Vertreter des Fürstenstandes in seinen
826 3056 3981 3400 besten Anspraßung von 1780, einer so ausgezeich¬
802 3195 3997 3559 neten Frau (Ausprögung sogar schon von 1830)
810 3375 3768 3756 nicht auch die beste Prägung des Dürger.
871 3539 3760 3858 der Zeit, warum einen Adalbert statt eines
3097 3666 4050 3952 Diegen Sie nicht
822 3772 2835 4120 Wolfgang gegenübergestellt
871 3838 3760 4247 Ihrem Stahl die Spitze ab, bevor er trifft
892 4079 3948 4439 Sie ermessen ohne Zweifel, wie mein ganzer Friedrich
