4860 4696
993 328 3865 602 vielem Nachdenken immer wieder antworten: aus
977 520 3939 739 ästhetischen Gründen. Das hierse dann doch in diesem
977 688 3908 871 Insammentrange dasselbe wie: aus conventionellen,
969 844 3997 1024 aus moralisierenden Gründen; wobei ich das Wort mo-
946 973 3939 1114 ralivierend in einem Sinne gebrauchen möchte, der
946 1055 3939 1219 auch auf die griechischen Pragiker, auf Bernard Thaw
969 1227 3978 1372 und auf den von Ihnen vorgezogenen Schiller mit seiner
965 1329 2817 1524 „ moralischen Anstalt zutrifft.
1153 1368 3896 1637 Ich würde kann wagen, Ihnen meine Zweifel
977 1508 4033 1747 vorzutragen (musste Anrelie sterben, weil sie die Schwäche
957 1696 3849 1852 und die Zweifel Falkenirs erkannte? oder weil sie
977 1774 4013 2020 selbst zu schwach, zu zart war? Hätte sie auch ster¬
969 1930 4009 2149 ben müssen, wenn sie nur Männer wie Max, Wenn
965 2071 4060 2309 sie keine Gysars gekannt hätte? tot sie das Opfer einer
934 2204 4040 2462 Schurkerei Gysars? oder Opfer ihrer eigenen Gysarlichen
965 2372 3997 2595 Neigungen? sind selbst die Gysarlichsten Neigngen so
934 2446 3970 2669 schlimm, dass wahre Liebe kein Heilmittel und
950 2641 3024 2864 dass Storm's Lied nicht wahr wäre:
1274 2751 3794 2954 "Und geht es draussen noch so schlimm
1329 2892 3071 3063 Unehristlich oder christlich
1282 2985 3407 3251 Wir wissen doch, ein rechtes Herz
1321 3118 2907 3329 Ist ewig unverwüstlich.“
946 3173 3997 3454 Ich würde kaum wagen, Ihr Vertrauen auf meine Ju¬
938 3384 4079 3571 rechnungsfähigheit durch meine Zweifel zu untergraben,
977 3544 4064 3693 Wenn nicht das "Lustspiel "Aurelie", nach dem
989 3685 3978 3896 ich mit geistloser Automatik verlange, bereits
1024 3822 4107 4033 - so zusagen - geschrieben worden wäre und zwar von
961 3927 3993 4185 einem Schriftsteller ersten Ranges. Oder halten
4115 2743 4533 2888 24. xx
4193 3103 4568 3282 Theilis
