4936 4536
2192 120 2603 324 I am
1105 265 1309 443 :4: —: —
1956 284 2635 469 WERNER HEGEMANN
1221 403 3370 571 BERLIN-NIXOLASSEE. ALEMANNENSTRASSE 21. FERNSPRECHER: G4 WANNSEE 585.
2047 542 2592 712 12. Juli 1930.
2497 712 2806 923 Cultivateur
1410 774 1672 938 Herrn
1610 883 2853 1065 Dr.Arthur Schnitzler
1105 916 1559 1094 ab xxx xxx
2563 920 3199 1080 W i e n, XVIII.
2570 1043 3221 1149 - - - - --  — —
2544 1105 3293 1265 Sternwartestr.71
931 1098 1839 1276 reresidimab roi fierso.
1745 1305 2523 1494 Hochgeehrter Herr!
1378 1479 3860 1712 Mit Ihren gütigen Zeilen vom 14.Juni haben Sie mir eine große
1029 1690 3922 1825 Geburtstagsfreude gemacht. Ich hätte Ihnen schon längst meinen Dank aus¬
1025 1741 3940 1894 gesprochen, wenn ich nicht die Freude der Entzifferung mancher Zeilen
1036 1887 3922 2017 Ihres Briefes so ernst genommen hätte daß ich erst heute ganz damit fer-
1043 1977 3951 2094 tig wurde. Ich bin gerade mit einem neuen Buch über Friedrich den Großen
1032 2054 3875 2206 beschäftigt und genieße das manchmal auch nicht leichte Entziffern der
1036 2130 3922 2283 Handschriften Friedrich Wilhelms I. oder seines Sohnes viel weniger als
1047 2246 3839 2403 das der Ihren. Keiner der Schriftsteller unseres silbernen Zeitalters
236 2217 483 2385 G.C.P.
1054 2330 3809 2490 ist mir so freundlich entgegengekommen wie Sie und ich genieße einen
1043 2450 3860 2574 Brief von Ihnen wie einen Gruß aus dem ewig jungen Wien und wieeinen
1061 2555 3671 2690 geheimen Anschluß an das geliebte Heilige Reich deutscher Nation.
1410 2617 3955 2755 Ihre optimistischen Worte über die Art, wie ich mich durchgesetzt
1051 2734 3908 2886 hätte, läßt mich fürchten, daß Sie meine Erfolge überschätzen. Vom "Stei-
1054 2817 3889 2966 nernen Berlin" wurden 200 Exemplare verkauft, und wenn ich zu einer mir
1061 2955 3846 3053 wichtig erscheinenden Tagesfrage das Wort ergreifen zu müssen glaube,
1065 3013 3929 3177 kann ich manchmal noch immer lange suchen, bis ich damit irgendwo unter¬
1061 3112 3882 3272 komme. Bei Ihren frühen, sicheren und oft wiederkehrenden Erfolgen kön-
1058 3213 3849 3373 nen Sie die Schwierigkeit meiner Lage vielleicht nur schwer ermessen.
1080 3311 3889 3464 Vielleicht muß ich nach Amerika zurückkehren, um mir wieder als Städte-
1076 3413 2377 3555 bau-Architekt Brot zu verdienen.
1472 3431 3984 3671 Besonders gerne wüßte ich — wenn Sie gelegentlich einmal dazu
1065 3584 3911 3730 Zeit haben — was Sie von den erstaunlichen Büchern Karl Friedrich No¬
1072 3719 3853 3857 wak's denken, der ein so entschlossener Verehrer Ihres Feldmarschalls
1090 3791 3926 3940 Conrad und neuderings Verteidiger Wilhelms II. ist. Die Art wie er Bis-
1087 3875 3889 4068 marck auf die Anklagebank gesetzt hat, erscheint mir viel witziger als
738 4006 2923 4220 In Wien marteten Sie mir Hoffnung, ist
760 4169 2857 4300 werde auch Hofmannsthal noch ein¬
1120 4275 2901 4402 kennen lerntn., Oh, dass es doch
694 4289 1130 4420 mal n
829 4366 1130 4438 war
3955 571 4115 712 G.H.F.P.
3962 658 4573 840 de Votre ami-
3973 811 4133 938 rce
4344 952 4671 1076 G.F.P.P
4446 1076 4798 1214 G.C.H.F.P.S
4260 2592 4555 2741 GUTWSTA
4104 2824 4671 3017 peine et avec
4195 2970 4642 3152 Geschrieben
