4886 4808
748 312 3822 617 WERNER HEGEMANN - ARCHITEET - BERLIN-NICOLASSEE
744 420 3829 818 ALEMANNENSTRASSE 21 - FERNSPRECHER: WANNSEE 851
1739 675 2468 899 22. Dez.ul 926
802 856 2021 1280 Hochgeehrter Herr!
2071 1057 3949 1392 ich wage, Ihnen die Neuanslage
829 1273 3787 1631 meines "Fridericus" zu senden, nicht weil sie
856 1404 3953 1785 vielfach umgewandelt und verschärft ist, son¬
868 1596 3953 1967 dern weil das neue Kapitel "Goethe, Fürsten¬
856 1828 3760 2144 bund, Verlust Belgiens (S. 190 ff) meines
952 1928 4010 2298 brachtens eine gbeachtenswerte Rechtfertigung
1103 2160 3768 2503 Josephs II. enthält. Ich neige heute zu
1018 2329 4022 2699 der Auffassung, daß dieser Kaiser sehr viel
964 2557 4064 2830 ernster genommen werden muß, als meis.
1022 2769 2152 3031 tens geschieht.
1157 2811 4003 3170 Ich bitte Sie, sich nicht mit einer stut¬
937 3077 3914 3447 Wort auf diese Zeiten zu bemühen und
987 3208 3845 3575 bleibe in der Hoffnung, Sie im Jahre 1927
1010 3459 3143 3764 einmal besuchen zu dursen.
1882 3629 3729 3876 Ihr dankbar ergebener
2275 3837 3849 4176 Werner Hagemann
4149 2769 4539 2911 J.CUTWST3
4203 3000 4705 3174 pe ou aIuta
4203 3154 4701 3347 pereilier
