7080 4600
3749 242 6890 504 Theater in der Josefstadt sah. Wie gerne wüsste ich,
3687 427 6989 726 ob Sie dies letztere Stück ernst nehmen. Mir erscheint,
271 459 3252 779 Nämlich auf Seite 125 ff. die bildgenhmüchte
3667 607 4384 828 der Verfasser
4200 595 6894 841 würde hat einer spiessbürgerlichen Inhörer
246 660 3441 956 Schilderung eines sehr verheissungsvollen neven
3699 751 6841 964 schaft, seinen Wein gepanscht (etwa im Stil von
5639 857 6131 1001 für diese
217 861 3293 1050 Theater typs. Ich gestehe aber offen, dass
3605 915 6710 1107 "Le secret du Polichinel") ; wäre es "Kinderlosen
2231 972 2805 1091 (Seite 69 - 8/6)
287 1029 3494 1267 die zu Eingang desselben Heftes, stehende Alrwehr
3658 1025 6697 1288 Heldin nicht höchst empfehlenswert, einmal den
3687 1161 5077 1394 Gemahl zu wechseln.
250 1177 3273 1464 der Anmassungen Oswald Spengler’s von mir mit
3790 1349 6927 1608 Der junge Medardus hat bei mir den lebhaftesten
246 1370 3420 1591 mehr Vergnügen geschrieben wurde als, die Schul¬
3617 1460 6837 1682 Wunsch geweckt, Ihren Josef II. recht bald zu er¬
238 1530 3425 1805 derung des Theaters, die sich ja durch den Anblick
3642 1645 6783 1915 leben. Ihr Joseph wird mir vielleicht die Erklärung
258 1702 2165 1911 der Pläne überflüssig ist wird.
6263 1833 6697 1956 deutschen
3679 1813 6841 2067 für die Entstehung und Notwendigkeit der Me¬
443 1800 3232 2182 ohne die giitige and aus zeichnende Auf¬
5274 1985 5930 2120 "seltsamen
3679 2006 6816 2272 dardustragödie und ihrer "merkwürdigen" Helden.
242 2075 3363 2362 nahme, die Sie mir zu Teil werden liessen, wäre
3671 2145 6517 2403 haftigkeit geben. Wenn die „deutsche Kultus
246 2247 3351 2567 mein Besuch in Wien sehr niederdruckend für
3699 2371 6812 2551 einen Kleinbürgerstand hervorbringen konnte, dessen
221 2457 3318 2715 mich verlaufen. Aber der freundliche Empfang
5902 2530 6144 2629 auct
3605 2498 6644 2699 Söhne des Dettes von Herzoginnen (also der Proches
5939 2658 6939 2813 (d. h. die Kultur, nicht die Herzogin)
246 2662 3371 2924 bei Ihnen, bald darauf die Historie vom jungen
3662 2662 6845 2908 der Götter?) würdig sind, was hat sie, an der orzeu¬
3642 2830 6853 3076 gung lebensfährigen Staatsbürgertums verhindert
217 2809 3215 3043 Medardus im Burgtheater, und während meiner
5077 2973 5586 3101 auf dieze Frage
3662 2932 6771 3318 Meine Berliner Antwort, sucht in Friedrich II. die
234 3010 3457 3232 einsamen Mahlzeiten die Ihre erschütternde Schil¬
3679 3109 6812 3425 Wurzel aller Übel. Wenn Sie, wie Sie andeuteten,
287 3125 3244 3437 derung der tragikomischen Humorlosigkeit
4511 3260 6886 3568 Günserem Joseph allerlei ankreiden müssen
3699 3252 4770 3507 als Wiener
2891 3355 3174 3474 werden
271 3310 3412 3601 der Fabrikanten Friedrich Hofreiter mit
3642 3441 6751 3667 werden Sie mir hoffentlich eines Tages auch die
271 3486 3404 3790 diése Reise in unsere Reichshauptstadt immer
6414 3580 6927 3835 der Geistlosigkeit
3687 3662 6919 3917 eigentümlichen Widerspruche lösen, die ich zwischen,
783 3675 1386 3802 und wertvoll
254 3712 3297 3941 mer kwijrdis Terscheinen lassen. - Wie sehr viel
3699 3753 6681 4032 Josepho und Maria Theresias zu entdecken glaubte
4298 3880 4975 4007 dem Geistesreichtum
238 3904 3322 4159 geistvoller erscheint mir der Ton von. Das weite
3695 3941 6902 4171 und mit denen ich Sie heute nicht langweilen will
201 4048 3310 4319 Land" als der des Stückes „Simée“, das ich im
3712 4101 6644 4290 (ich habe sie auf S. 461, 292/3. 491 und 509 meiner
3765 4245 5020 4462 Iphigenie angedeutet).
5139 4261 6706 4479 Ich kann mir wirklich
