4860 4696
1072 110 1572 428 Hegen
1385 330 3491 500 WASMUTHS MONATsHEFTE FÜR BAUKUNST
1004 470 3825 618 DER STAEDTEBAU / MONATSEFTE FÜR STADTBAUKUNST
1817 618 3012 809 UND SlEDLUNGSWESEN
1161 695 1711 924 SCHRIFTLEITER:
3203 754 4075 966 BERLIN W. 8 12. X. 24
1101 890 1796 987 GUNTHER-WASMUTH
3059 907 3724 1008 MARKGRAFENSTR. 31
1008 979 1855 1114 UND WERNER HEGEMANN
2970 991 3825 1148 TEL.: ZENTRUM 948/949/550
932 1051 2597 1339 Hochgeehrter Herr Doctor
2605 1203 3957 1470 Bitte erlauben Sie mir:
919 1347 4054 1593 Ihnen meinen herzlichen Dank für die Übersen¬
911 1512 4024 1775 dung der "Komödie der Verführung" auszusprechen.
919 1720 3889 1881 Meine Frau hat mir das Buch in ihrem etwas
945 1860 4101 2042 gebrochenen Deutsch vorgelesen und es hat ein neues
928 1974 4020 2177 Band zwischen uns geflochten. Es hat uns vier
907 2182 4118 2389 ntiöne, mit Spannung erwartete Abende genhenkt,
898 2292 4063 2474 Und jedesmal unterbrachen wir nur mit schwerem
847 2453 4067 2665 Herzen die Lektüre, gezwungen von der Fütterstunde
881 2610 4147 2859 Unserer achtmonatlichen Jüngsten und von der Pflicht
4300 2732 4584 2881 UUTWJT3
868 2775 4075 2999 des Schlafens, die für meine 14 Stunden arbeitende Fran¬
843 2931 3902 3109 (wir hatten gerade kein Dienstmädchen) und nach
4266 2953 4685 3148 peut-être.
835 3054 3914 3313 meiner täglichen 10 stündigen Redaktionstätigkeit
4253 3105 4673 3275 Tweepteler
847 3198 2169 3448 besonders dringlich ist.
1080 3368 3952 3626 Wollen Sie mir auch gestatten zu sagen, dass ich
873 3550 4118 3741 dem Schlusse Ihres wunderschönen Stückes mit rat¬
813 3694 4152 3944 loser Beschämung gegenüber stehe. Wenn ich mich frage,
767 3821 4164 4041 : warum lassen Sie Anrelie sterben, dann muss ich nach
