4936 4617
2568 287 3901 479 Berlin-Nikolasses, d; 2.Juli 1927.
2575 425 3404 563 Alemannenstrasse 21.
1021 403 1787 588 Dr. Werner Hegemann
1849 687 2100 875 Herrn
2528 821 3378 1003 Dr.Arthur Schnitzler
2764 1006 3229 1170 Wien XVIII
2706 1152 3436 1311 Sternwartenstr.71.
1740 1500 2470 1722 Hochgeehrter Herr!
1286 1566 3930 1838 Erlauben Sie mir, für die gütige Übersendung der Novelle "Spiel im
1104 1809 2416 2012 Morgengrauen" herzlich zu danken.
1311 1867 4036 2118 Infolge von beruflichen Reisen und dem gerade bevorstehenden Abschluß
1119 1976 4039 2252 eines Buches über Napoléon habe ich die Novelle leider erst in den letzten
1126 2198 2539 2357 Wochen mit meiner Frau lesen können.
1319 2205 3963 2470 Es wirkte auf uns so furchtbar spannend, dass wir uns abendlich ge-
1130 2347 3927 2594 waltsam eine Stunde setzen mussten, zu der wir unbedingt aufhören. Ich
1141 2492 3956 2746 glaube nicht, dass es dem Helden Ihrer Erzählung schwerer geweseh wäre,
1155 2601 4032 2852 sich von seinem verhängnisvollen Spiel loszureissen, als uns jedesmal das
4137 2583 4581 2870 Ce qui a fait
1144 2855 1773 3026 Aufhören wurde
1351 2942 2539 3135 Mit erneutem Danke bleibe ich
4203 2939 4799 3135 est et étude so
2623 2997 3756 3204 Ihr stets dankbar ergebener
4214 3091 4740 3335 ﻿T###
2750 3138 3934 3476 Werner Negemann
