4936 4250
2667 734 4453 944 ich Ihnen mündlich für die Ehre
433 769 2244 999 dass auch Sie eine grosse Bade-
2576 903 4536 1103 und herzliche Freude danken, als die
430 959 2355 1204 wanne und Platz für meinen Brief
2593 1037 4572 1257 ist Ihre Sendung der Wienerischen
450 1111 2285 1275 darin haben? Wenn ich Ihnen
2601 1207 3479 1412 Ophelia=Godiva
4182 1197 4569 1364 empfand
445 1268 2381 1483 Schreibe, obgleich Sie in Ihren letzten
2570 1333 4506 1493 Ich habe das Buch mit meiner Frau,
1553 1389 1746 1513 letzte
468 1445 2431 1690 gütigen Zeilen meine ^ Beichte betreffend
2593 1483 4514 1660 die es mir gleich nach seinem Ein¬
2611 1591 4559 1804 treffen vorlas sehr genossen. Welche
458 1596 2416 1822 "Komödie der Verführung unerwähnt
2606 1725 4529 1933 ungeheuren Schwierigkeiten haben Sie in
491 1771 2302 2004 liessen, so ist der Frühling daran
2591 1885 3987 2075 diesem Buche überwunden.
466 1963 2282 2173 schuld, der hier eingetroffen ist,
2725 1999 4541 2168 Ich bin sicher, dass ich es auch Ihnen
433 2140 2338 2378 und endgültig die Hoffnung per¬
2624 2176 4521 2340 zu verdanken — nur Ihnen, das lehrt
2601 2272 4630 2431 mich das Verhalten der anderen Zeitungen-
488 2297 2340 2527 Stört, Sie im letzten Winter hier
2611 2411 4625 2596 dass ich neulich eine günstige, viel zu gänstigen
486 2479 2282 2702 begonsten zu dürfen. Bei diesem
2624 2497 4460 2707 Desprechung in der Neuen Freien Presse
2649 2636 4557 2780 erhielt. Sie wird hoffentlich den Verleger,
509 2639 2269 2882 Insammentressen, zu dem Le im¬
2654 2760 4460 2902 den ich endlich sand, bewegen, mein
511 2829 2239 3122 Noffnny gegeben hatten, wollte
2636 2877 4559 3094 Buch doch vielleicht noch einmal auf
2583 3206 3155 3446 G.C.F.P.S.
2586 3423 2775 3585 G.C.P.
273 3631 554 3815 G.C.F.P.P
