<?xml version="1.0" encoding="UTF-8" standalone="yes"?>
<PcGts xmlns="http://schema.primaresearch.org/PAGE/gts/pagecontent/2013-07-15" xmlns:xsi="http://www.w3.org/2001/XMLSchema-instance" xsi:schemaLocation="http://schema.primaresearch.org/PAGE/gts/pagecontent/2013-07-15 http://schema.primaresearch.org/PAGE/gts/pagecontent/2013-07-15/pagecontent.xsd">
    <Metadata>
        <Creator>prov=READ-COOP:name=TrHtr:version=2.1.0:model_id=51170:date=25_07_2023_02:28</Creator>
        <Created>2023-05-01T21:54:35.410+02:00</Created>
        <LastChange>2023-07-25T02:28:43.188+02:00</LastChange>
        <TranskribusMetadata docId="1416429" pageId="54945837" pageNr="13" tsid="130580819" status="IN_PROGRESS" userId="64420" imgUrl="https://files.transkribus.eu/Get?id=IQSDIBIQQPCAXFKBVGITORHG&amp;fileType=view" xmlUrl="https://files.transkribus.eu/Get?id=YZDEEABAWJNMLKRUGXTEVHRW" imageId="44449922"/>
    </Metadata>
    <Page imageFilename="1416429_0013.jpg" imageWidth="4841" imageHeight="4808">
        <ReadingOrder>
            <OrderedGroup id="ro_1711832071551" caption="Regions reading order">
                <RegionRefIndexed index="0" regionRef="tr_1"/>
            </OrderedGroup>
        </ReadingOrder>
        <TextRegion id="tr_1" custom="readingOrder {index:0;}">
            <Coords points="89,540 4670,540 4670,4394 89,4394"/>
            <TextLine id="tr_1_tl_1" custom="readingOrder {index:0;}">
                <Coords points="1087,729 2305,700 2574,627 3238,660 3307,639 3319,432 3156,371 2720,521 2203,407 1914,562 1091,615"/>
                <Baseline points="1109,697 1169,691 1258,686 1348,680 1437,680 1527,674 1616,674 1706,674 1795,662 1885,662 1974,656 2063,656 2153,650 2242,638 2332,638 2421,632 2511,626 2600,626 2690,620 2779,614 2869,608 2958,608 3048,602 3137,602 3227,596 3316,590"/>
                <TextEquiv>
                    <Unicode>WASMUTHS MONATsHEFTE FÜR BAUKUNST</Unicode>
                </TextEquiv>
            </TextLine>
            <TextLine id="tr_1_tl_2" custom="readingOrder {index:1;}">
                <Coords points="908,876 1230,941 1482,843 2602,774 3299,835 3445,774 3449,664 3124,611 2403,721 916,741"/>
                <Baseline points="936,841 954,835 1043,835 1133,829 1222,829 1312,829 1401,823 1491,817 1580,817 1670,811 1759,805 1849,799 1938,793 2028,793 2117,787 2207,781 2296,775 2386,769 2475,769 2565,763 2654,757 2744,757 2833,751 2922,745 3012,745 3101,739 3191,739 3280,733 3370,727 3459,733"/>
                <TextEquiv>
                    <Unicode>STÄDTEBAU / MONATSEFTE FÜR STADTBAUKUNST</Unicode>
                </TextEquiv>
            </TextLine>
            <TextLine id="tr_1_tl_3" custom="readingOrder {index:2;}">
                <Coords points="1397,1030 1637,1059 1939,937 2313,965 2525,908 2826,1002 3115,994 3124,798 1405,863"/>
                <Baseline points="1425,948 1431,948 1521,948 1610,942 1700,942 1789,936 1879,930 1968,924 2058,918 2147,912 2236,906 2326,906 2415,900 2505,900 2594,894 2684,888 2773,882 2863,876 2952,876 3042,876 3131,870"/>
                <TextEquiv>
                    <Unicode>STÄDTISCHES VerKEHRS-, PARK. UND</Unicode>
                </TextEquiv>
            </TextLine>
            <TextLine id="tr_1_tl_4" custom="readingOrder {index:3;}">
                <Coords points="1788,1157 2048,1108 2183,1185 2240,1157 2382,1185 2464,1157 2631,1169 2643,924 2452,916 2309,965 2073,916 1979,969 1943,937 1800,945"/>
                <Baseline points="1813,1061 1843,1061 1932,1055 2022,1055 2111,1049 2201,1043 2290,1037 2380,1031 2469,1031 2559,1026 2648,1020"/>
                <TextEquiv>
                    <Unicode>SIEDLUNGSWESEN</Unicode>
                </TextEquiv>
            </TextLine>
            <TextLine id="tr_1_tl_5" custom="readingOrder {index:4;}">
                <Coords points="3010,1153 3087,1161 3136,1148 3185,1161 3299,1136 3344,1157 3425,1140 3429,1067 3401,1067 3319,1022 3278,1051 3258,1034 3225,1051 3120,986 3099,998 3083,981 3018,994"/>
                <Baseline points="3036,1133 3078,1133 3167,1133 3257,1127 3346,1121 3435,1115"/>
                <TextEquiv>
                    <Unicode>BERLIN WS</Unicode>
                </TextEquiv>
            </TextLine>
            <TextLine id="tr_1_tl_6" custom="readingOrder {index:5;}">
                <Coords points="2904,1214 2969,1246 3030,1214 3372,1226 3401,1205 3539,1197 3539,1144 3453,1116 3344,1157 3327,1136 3018,1173 2904,1157"/>
                <Baseline points="2928,1210 3012,1210 3101,1204 3191,1199 3280,1193 3370,1193 3459,1187 3549,1187"/>
                <TextEquiv>
                    <Unicode>MARKGRAFENSTR. 31</Unicode>
                </TextEquiv>
            </TextLine>
            <TextLine id="tr_1_tl_7" custom="readingOrder {index:6;}">
                <Coords points="937,1246 1043,1258 1144,1238 1173,1258 1214,1238 1470,1226 1478,1067 1413,1096 1360,1087 1332,1108 1311,1091 1226,1120 1189,1100 1091,1112 1038,1087 945,1100"/>
                <Baseline points="960,1234 1037,1228 1127,1228 1216,1222 1306,1222 1395,1216 1485,1210"/>
                <TextEquiv>
                    <Unicode>SCHRIFTLEITER</Unicode>
                </TextEquiv>
            </TextLine>
            <TextLine id="tr_1_tl_8" custom="readingOrder {index:7;}">
                <Coords points="2851,1328 2924,1299 3075,1372 3238,1307 3307,1360 3360,1315 3425,1344 3502,1315 3563,1332 3620,1311 3625,1193 3376,1226 3026,1214 2973,1246 2855,1193"/>
                <Baseline points="2875,1288 2917,1282 3006,1282 3095,1276 3185,1276 3274,1270 3364,1264 3453,1264 3543,1258 3632,1252"/>
                <TextEquiv>
                    <Unicode>TEL: ZENTRUM 948 / 949 / 950</Unicode>
                </TextEquiv>
            </TextLine>
            <TextLine id="tr_1_tl_9" custom="readingOrder {index:8;}">
                <Coords points="1853,1405 2032,1413 2175,1356 2354,1372 2488,1307 2627,1324 2635,1165 2492,1157 2411,1201 2329,1161 2248,1193 2142,1185 2069,1226 1971,1201 1861,1218"/>
                <Baseline points="1879,1306 1926,1306 2016,1300 2105,1294 2195,1294 2284,1288 2374,1282 2463,1270 2553,1270 2642,1264"/>
                <TextEquiv>
                    <Unicode>22. Nov. 1 925</Unicode>
                </TextEquiv>
            </TextLine>
            <TextLine id="tr_1_tl_10" custom="readingOrder {index:9;}">
                <Coords points="888,1328 1161,1324 1185,1299 1214,1332 1328,1299 1556,1299 1560,1218 1193,1242 1124,1267 1079,1242 941,1271 888,1254"/>
                <Baseline points="912,1306 936,1306 1026,1300 1115,1300 1204,1294 1294,1288 1383,1288 1473,1282 1562,1276"/>
                <TextEquiv>
                    <Unicode>WERNER HEGEMANN</Unicode>
                </TextEquiv>
            </TextLine>
            <TextLine id="tr_1_tl_11" custom="readingOrder {index:10;}">
                <Coords points="4093,1352 4121,1360 4138,1360 4146,1352 4158,1364 4187,1352 4195,1360 4223,1352 4227,1360 4272,1372 4280,1271 4260,1267 4244,1250 4219,1246 4191,1267 4174,1258 4146,1283 4101,1279"/>
                <Baseline points="4121,1336 4193,1330 4283,1324"/>
                <TextEquiv>
                    <Unicode>G.H.F.P.</Unicode>
                </TextEquiv>
            </TextLine>
            <TextLine id="tr_1_tl_12" custom="readingOrder {index:11;}">
                <Coords points="806,1409 896,1393 973,1442 1096,1462 1177,1421 1214,1454 1311,1442 1372,1486 1539,1429 1613,1442 1621,1283 806,1344"/>
                <Baseline points="829,1383 912,1377 1002,1377 1091,1377 1181,1372 1270,1366 1360,1360 1449,1360 1539,1348 1628,1348"/>
                <TextEquiv>
                    <Unicode>UND GONTHER WASMUTH.</Unicode>
                </TextEquiv>
            </TextLine>
            <TextLine id="tr_1_tl_13" custom="readingOrder {index:12;}">
                <Coords points="782,1710 1124,1751 1336,1674 1417,1719 1515,1670 2134,1649 2142,1421 1820,1385 1421,1499 1242,1438 790,1425"/>
                <Baseline points="805,1634 894,1640 984,1634 1073,1634 1163,1628 1252,1628 1342,1628 1431,1622 1521,1622 1610,1616 1700,1616 1789,1616 1879,1604 1968,1604 2058,1604 2147,1598"/>
                <TextEquiv>
                    <Unicode>Hochgeehrter Herr,</Unicode>
                </TextEquiv>
            </TextLine>
            <TextLine id="tr_1_tl_14" custom="readingOrder {index:13;}">
                <Coords points="2138,1804 2545,1837 2794,1763 3054,1853 3303,1780 3734,1788 3828,1755 3832,1637 3588,1666 3132,1556 2977,1629 2142,1653"/>
                <Baseline points="2159,1801 2225,1807 2314,1807 2404,1795 2493,1795 2582,1789 2672,1789 2761,1789 2851,1783 2940,1777 3030,1771 3119,1777 3209,1771 3298,1765 3388,1765 3477,1759 3567,1753 3656,1747 3746,1741 3835,1741"/>
                <TextEquiv>
                    <Unicode>durch die gütige Übersen¬</Unicode>
                </TextEquiv>
            </TextLine>
            <TextLine id="tr_1_tl_15" custom="readingOrder {index:14;}">
                <Coords points="782,2057 3791,1963 3832,1751 3181,1865 2786,1767 1413,1894 790,1837"/>
                <Baseline points="805,1998 882,1998 972,1998 1061,1998 1151,1992 1240,1992 1330,1986 1419,1986 1509,1980 1598,1974 1688,1968 1777,1968 1867,1962 1956,1956 2046,1956 2135,1950 2225,1950 2314,1944 2404,1938 2493,1938 2582,1926 2672,1926 2761,1920 2851,1920 2940,1914 3030,1914 3119,1914 3209,1908 3298,1902 3388,1896 3477,1890 3567,1890 3656,1885 3746,1879 3835,1885"/>
                <TextEquiv>
                    <Unicode>dung von „ Die Fran des Richters haben Gre¬</Unicode>
                </TextEquiv>
            </TextLine>
            <TextLine id="tr_1_tl_16" custom="readingOrder {index:15;}">
                <Coords points="741,2264 3849,2134 3881,1963 2688,1926 749,2126"/>
                <Baseline points="769,2195 847,2195 936,2189 1026,2189 1115,2183 1204,2177 1294,2177 1383,2177 1473,2171 1562,2159 1652,2159 1741,2147 1831,2141 1920,2141 2010,2135 2099,2135 2189,2129 2278,2129 2368,2117 2457,2117 2547,2105 2636,2111 2726,2105 2815,2093 2905,2093 2994,2087 3084,2081 3173,2075 3262,2069 3352,2063 3441,2058 3531,2058 3620,2058 3710,2052 3799,2052 3889,2058"/>
                <TextEquiv>
                    <Unicode>mir eine herzliche Freude gemacht. Meine</Unicode>
                </TextEquiv>
            </TextLine>
            <TextLine id="tr_1_tl_17" custom="readingOrder {index:16;}">
                <Coords points="786,2448 1438,2346 1930,2427 2236,2321 3115,2382 3356,2256 3889,2293 3893,2191 2839,2114 2590,2244 2008,2167 1340,2301 798,2244"/>
                <Baseline points="811,2362 858,2362 948,2356 1037,2350 1127,2350 1216,2350 1306,2344 1395,2344 1485,2338 1574,2332 1664,2326 1753,2326 1843,2320 1932,2314 2022,2314 2111,2314 2201,2308 2290,2302 2380,2302 2469,2296 2559,2290 2648,2278 2738,2278 2827,2272 2917,2266 3006,2260 3095,2254 3185,2242 3274,2236 3364,2236 3453,2231 3543,2225 3632,2225 3722,2231 3811,2242 3901,2248"/>
                <TextEquiv>
                    <Unicode>Frau und ich haben das Duch zusammen</Unicode>
                </TextEquiv>
            </TextLine>
            <TextLine id="tr_1_tl_18" custom="readingOrder {index:17;}">
                <Coords points="700,2639 3946,2541 3983,2427 3694,2321 2602,2427 2264,2321 2048,2431 705,2476"/>
                <Baseline points="727,2541 763,2541 853,2529 942,2529 1031,2517 1121,2517 1210,2511 1300,2511 1389,2505 1479,2505 1568,2499 1658,2499 1747,2493 1837,2487 1926,2487 2016,2487 2105,2481 2195,2481 2284,2475 2374,2475 2463,2475 2553,2469 2642,2469 2732,2469 2821,2463 2911,2463 3000,2457 3090,2451 3179,2445 3268,2445 3358,2445 3447,2439 3537,2439 3626,2439 3716,2445 3805,2457 3895,2481 3984,2499"/>
                <TextEquiv>
                    <Unicode>mit atemloser Spannung gelesen und unsere</Unicode>
                </TextEquiv>
            </TextLine>
            <TextLine id="tr_1_tl_19" custom="readingOrder {index:18;}">
                <Coords points="65,2606 98,2615 167,2606 195,2623 212,2606 244,2610 273,2590 326,2623 346,2623 350,2464 281,2444 236,2480 195,2472 151,2488 130,2476 110,2488 69,2476"/>
                <Baseline points="89,2582 172,2582 262,2576 351,2576"/>
                <TextEquiv>
                    <Unicode>Le dernier a</Unicode>
                </TextEquiv>
            </TextLine>
            <TextLine id="tr_1_tl_20" custom="readingOrder {index:19;}">
                <Coords points="794,2741 1104,2688 1670,2814 2468,2708 2794,2810 3103,2757 3107,2549 2847,2602 2676,2525 2158,2627 794,2570"/>
                <Baseline points="817,2690 876,2690 966,2690 1055,2684 1145,2678 1234,2672 1324,2672 1413,2672 1503,2666 1592,2666 1682,2666 1771,2666 1861,2666 1950,2666 2040,2666 2129,2666 2219,2666 2308,2660 2398,2660 2487,2660 2576,2660 2666,2660 2755,2654 2845,2654 2934,2648 3024,2642 3113,2636"/>
                <TextEquiv>
                    <Unicode>Dewundering was einstimmig</Unicode>
                </TextEquiv>
            </TextLine>
            <TextLine id="tr_1_tl_21" custom="readingOrder {index:20;}">
                <Coords points="863,2973 3702,2871 3779,2696 2782,2810 872,2729"/>
                <Baseline points="888,2881 924,2887 1014,2887 1103,2881 1193,2881 1282,2881 1372,2875 1461,2875 1550,2875 1640,2869 1729,2869 1819,2869 1908,2863 1998,2863 2087,2857 2177,2857 2266,2857 2356,2851 2445,2851 2535,2851 2624,2851 2714,2851 2803,2851 2893,2845 2982,2839 3072,2833 3161,2827 3251,2821 3340,2815 3430,2809 3519,2809 3608,2803 3698,2809 3787,2809"/>
                <TextEquiv>
                    <Unicode>Sie werden wir nicht verargen, dass Ihr</Unicode>
                </TextEquiv>
            </TextLine>
            <TextLine id="tr_1_tl_22" custom="readingOrder {index:21;}">
                <Coords points="3999,2891 4085,2904 4187,2867 4207,2891 4252,2891 4333,2928 4419,2883 4451,2887 4463,2680 4325,2647 4276,2688 4256,2667 4219,2688 4150,2688 4052,2635 4015,2639"/>
                <Baseline points="4020,2887 4104,2887 4193,2875 4283,2869 4372,2869 4462,2857"/>
                <TextEquiv>
                    <Unicode>cret. qui.riv.sra</Unicode>
                </TextEquiv>
            </TextLine>
            <TextLine id="tr_1_tl_23" custom="readingOrder {index:22;}">
                <Coords points="757,3120 3506,2977 3869,3050 3906,2814 3453,2912 762,2957"/>
                <Baseline points="781,3054 870,3054 960,3048 1049,3048 1139,3048 1228,3042 1318,3042 1407,3036 1497,3036 1586,3030 1676,3030 1765,3030 1855,3024 1944,3024 2034,3024 2123,3018 2213,3012 2302,3006 2392,3006 2481,3006 2571,3006 2660,3000 2749,3000 2839,2994 2928,2994 3018,2994 3107,2988 3197,2988 3286,2982 3376,2976 3465,2970 3555,2970 3644,2976 3734,2982 3823,2994 3913,3000"/>
                <TextEquiv>
                    <Unicode>schönes Durch auch ausserhalb seines streng</Unicode>
                </TextEquiv>
            </TextLine>
            <TextLine id="tr_1_tl_24" custom="readingOrder {index:23;}">
                <Coords points="713,3319 1197,3209 3857,3201 3897,3042 3506,2981 2480,3124 2024,3022 1169,3144 1022,3054 721,3152"/>
                <Baseline points="739,3227 769,3221 858,3221 948,3215 1037,3215 1127,3209 1216,3209 1306,3203 1395,3197 1485,3191 1574,3191 1664,3185 1753,3185 1843,3179 1932,3173 2022,3173 2111,3167 2201,3167 2290,3167 2380,3167 2469,3167 2559,3161 2648,3155 2738,3155 2827,3149 2917,3143 3006,3137 3095,3131 3185,3125 3274,3119 3364,3119 3453,3113 3543,3113 3632,3113 3722,3125 3811,3137 3901,3143"/>
                <TextEquiv>
                    <Unicode>Münstlerischen Rahmens in meine friderigia-</Unicode>
                </TextEquiv>
            </TextLine>
            <TextLine id="tr_1_tl_25" custom="readingOrder {index:24;}">
                <Coords points="4003,3160 4162,3148 4235,3172 4305,3152 4472,3205 4553,3148 4659,3132 4667,2928 4614,2924 4488,3014 4386,3010 4313,3038 4268,3010 4138,3071 4052,3026 4007,3042"/>
                <Baseline points="4026,3143 4044,3143 4133,3131 4223,3131 4312,3131 4402,3125 4491,3119 4581,3119 4670,3119"/>
                <TextEquiv>
                    <Unicode>präs. ot. a/m.a 8</Unicode>
                </TextEquiv>
            </TextLine>
            <TextLine id="tr_1_tl_26" custom="readingOrder {index:25;}">
                <Coords points="4028,3319 4484,3278 4565,3348 4635,3364 4643,3152 4553,3152 4472,3205 4305,3152 4195,3177 4158,3148 4130,3168 4032,3156"/>
                <Baseline points="4050,3274 4110,3268 4199,3262 4289,3262 4378,3257 4467,3257 4557,3251 4646,3251"/>
                <TextEquiv>
                    <Unicode>&amp;c: ryggepztay :</Unicode>
                </TextEquiv>
            </TextLine>
            <TextLine id="tr_1_tl_27" custom="readingOrder {index:26;}">
                <Coords points="713,3437 2134,3433 2839,3315 3401,3376 3706,3315 3714,3185 1690,3274 1205,3205 721,3319"/>
                <Baseline points="739,3376 745,3382 835,3382 924,3382 1014,3376 1103,3376 1193,3370 1282,3364 1372,3358 1461,3358 1550,3364 1644,3362 1644,3362 1664,3376 1753,3376 1843,3370 1926,3340 2016,3334 2105,3328 2195,3322 2284,3322 2374,3322 2463,3316 2553,3316 2642,3310 2732,3310 2821,3304 2911,3298 3000,3298 3090,3298 3179,3286 3268,3280 3358,3274 3447,3268 3537,3268 3626,3262 3716,3262"/>
                <TextEquiv>
                    <Unicode>nische kleine Welt hinein, in die ich noch</Unicode>
                </TextEquiv>
            </TextLine>
            <TextLine id="tr_1_tl_28" custom="readingOrder {index:27;}">
                <Coords points="4056,3409 4077,3409 4130,3441 4174,3445 4199,3441 4235,3405 4280,3413 4280,3295 4227,3295 4178,3327 4113,3331 4089,3356 4056,3360"/>
                <Baseline points="4080,3388 4169,3394 4259,3388 4289,3388"/>
                <TextEquiv>
                    <Unicode>G.H.F.P.</Unicode>
                </TextEquiv>
            </TextLine>
            <TextLine id="tr_1_tl_29" custom="readingOrder {index:28;}">
                <Coords points="766,3629 2472,3490 2879,3580 3299,3453 3910,3478 3918,3323 774,3482"/>
                <Baseline points="793,3555 882,3555 972,3549 1061,3549 1151,3543 1240,3543 1330,3537 1419,3537 1509,3531 1598,3531 1688,3531 1777,3525 1867,3519 1956,3507 2046,3501 2135,3495 2225,3489 2314,3489 2404,3489 2493,3489 2582,3489 2672,3483 2761,3477 2851,3477 2940,3471 3030,3471 3119,3465 3209,3459 3298,3453 3388,3447 3477,3447 3567,3447 3656,3447 3746,3447 3835,3453 3925,3453"/>
                <TextEquiv>
                    <Unicode>immer starre, mit viel zu denken giebt und dass</Unicode>
                </TextEquiv>
            </TextLine>
            <TextLine id="tr_1_tl_30" custom="readingOrder {index:29;}">
                <Coords points="766,3734 3942,3661 3950,3539 3299,3458 3083,3576 2741,3498 770,3629"/>
                <Baseline points="787,3728 823,3728 912,3722 1002,3716 1091,3716 1181,3716 1270,3716 1360,3716 1449,3704 1539,3704 1628,3698 1717,3698 1807,3686 1896,3680 1986,3674 2075,3668 2165,3662 2254,3662 2344,3662 2433,3656 2523,3650 2612,3644 2702,3644 2791,3638 2881,3638 2970,3638 3060,3632 3149,3626 3239,3620 3328,3614 3418,3614 3507,3614 3597,3614 3686,3620 3776,3632 3865,3644 3954,3650"/>
                <TextEquiv>
                    <Unicode>es mir Fragen stellt, mit denen Sie wahrschein¬</Unicode>
                </TextEquiv>
            </TextLine>
            <TextLine id="tr_1_tl_31" custom="readingOrder {index:30;}">
                <Coords points="733,3946 3824,3783 3832,3649 741,3759"/>
                <Baseline points="757,3883 793,3883 882,3883 972,3883 1061,3877 1151,3877 1240,3871 1330,3865 1419,3859 1509,3853 1598,3841 1688,3841 1777,3835 1867,3835 1956,3829 2046,3823 2135,3823 2225,3817 2314,3811 2404,3805 2493,3799 2582,3799 2672,3799 2761,3793 2851,3787 2940,3776 3030,3776 3119,3770 3209,3764 3298,3764 3388,3764 3477,3764 3567,3764 3656,3764 3746,3764 3835,3764"/>
                <TextEquiv>
                    <Unicode>lich nichts zu tun haben wollen. Kast</Unicode>
                </TextEquiv>
            </TextLine>
            <TextLine id="tr_1_tl_32" custom="readingOrder {index:31;}">
                <Coords points="2900,3897 3034,3918 3164,3853 3254,3877 3604,3832 3991,3861 3991,3767 3934,3739 3828,3800 3388,3771 3344,3804 2904,3804"/>
                <Baseline points="2928,3865 3018,3859 3107,3847 3197,3841 3286,3841 3376,3835 3465,3829 3555,3829 3644,3829 3734,3829 3823,3829 3913,3835 4002,3847"/>
                <TextEquiv>
                    <Unicode>wenn auch nicht seinen besten</Unicode>
                </TextEquiv>
            </TextLine>
            <TextLine id="tr_1_tl_33" custom="readingOrder {index:32;}">
                <Coords points="757,4072 3600,4032 3963,3991 3971,3865 762,3914"/>
                <Baseline points="781,4038 847,4044 936,4044 1026,4044 1115,4044 1204,4032 1294,4026 1383,4014 1473,4014 1562,4008 1652,4002 1741,3996 1831,3990 1920,3996 2010,3990 2099,3990 2189,3984 2278,3984 2368,3978 2457,3972 2547,3972 2636,3972 2726,3954 2815,3954 2905,3949 2994,3949 3084,3943 3173,3943 3262,3943 3352,3937 3441,3931 3531,3931 3620,3925 3710,3925 3799,3925 3889,3925 3978,3931"/>
                <TextEquiv>
                    <Unicode>Eberhardt VIII., den Sie seinen Annen so ähnlich</Unicode>
                </TextEquiv>
            </TextLine>
            <TextLine id="tr_1_tl_34" custom="readingOrder {index:33;}">
                <Coords points="778,4215 2855,4227 3323,4130 3637,4211 3938,4150 3946,3979 782,4064"/>
                <Baseline points="799,4205 823,4211 912,4199 1002,4199 1091,4193 1181,4187 1270,4187 1360,4181 1449,4175 1539,4169 1628,4163 1717,4157 1807,4151 1896,4145 1986,4145 2075,4139 2165,4139 2254,4133 2344,4133 2433,4127 2523,4127 2612,4121 2702,4121 2791,4116 2881,4104 2970,4104 3060,4104 3149,4104 3239,4098 3328,4098 3418,4098 3507,4098 3597,4092 3686,4092 3776,4092 3865,4092 3954,4098"/>
                <TextEquiv>
                    <Unicode>werden lassen, macht doch eigentlich in der</Unicode>
                </TextEquiv>
            </TextLine>
            <TextLine id="tr_1_tl_35" custom="readingOrder {index:34;}">
                <Coords points="912,4411 1356,4488 1511,4394 1780,4463 2513,4349 3873,4398 3877,4162 3323,4130 2802,4292 2325,4187 2048,4317 916,4203"/>
                <Baseline points="936,4372 1020,4378 1109,4378 1199,4378 1288,4384 1377,4384 1467,4378 1556,4378 1646,4372 1735,4366 1825,4366 1914,4366 2004,4360 2093,4360 2183,4360 2272,4360 2362,4354 2451,4354 2541,4348 2630,4348 2720,4348 2809,4342 2899,4342 2988,4336 3078,4336 3167,4336 3257,4330 3346,4330 3435,4330 3525,4330 3614,4324 3704,4330 3793,4330 3883,4336"/>
                <TextEquiv>
                    <Unicode>zahlung einen ausgezeichneten Eindruck,</Unicode>
                </TextEquiv>
            </TextLine>
        </TextRegion>
    </Page>
</PcGts>
