6312 4568
1739 225 4783 491 nichts Wichtigères vorstellen als dass Sie uns
1763 356 5045 630 Historien schreiben und eins unsere grossen Schick
1743 565 4116 802 salsvätsel aufdecken und deuten.
5593 630 5814 781 sso:8
1984 675 4955 961 Da Sie für meine eigenen kleinen Bemühungen
5167 642 5458 900 G.O.
5589 769 5822 929 G.H.F.
5621 896 5859 1056 G.H.P.
1812 896 4971 1113 Teilnahme bekundeten, muss ich leider sagen, dass
5585 1006 5834 1191 soe :es
1800 1031 4897 1231 sich meine Aussichten, totgeschwiegen zu werden, in
5585 1133 5830 1305 890:9
1792 1215 5040 1391 nichts verringert haben. Doch scheint die mir
1763 1416 5053 1567 von Bahr und Wassermann gegebene Erklärung, unsere
1792 1526 4991 1751 Journalisten seien einfach zu feige, ein politiert uner¬
1792 1661 4803 1874 wünschtes Zeit zu loben, recht ungenügend. Ich
1804 1874 5040 2078 glaube lieber, dass es nur sehr wenige giebt, die sich
1829 1972 4885 2193 den Problemen, die mein Buch anrührt, seelisch
2119 2111 3662 2238 und die wenigen haben wenig Bedürfnis zu reden.
1821 2156 4971 2393 gewachsen fühlen. Noch hoffe ich, dass vielleicht
1076 2156 1309 2381 cette derniere
1780 2283 4983 2532 Stricke meines Lustspiels Iphigenie (ich denke be-
3298 2451 5004 2672 Akt) bühnenfährig sind, so
2365 2471 3314 2639 s den fr letzten;
1788 2492 2377 2684 sonders an
2365 2582 3310 2721 es sind ja fünf binakte
5585 2528 5805 2696 sse.S
1788 2627 4873 2811 dass sie den Bann des Schwergens brächen. - Ich
5143 2655 5454 2852 Opprwasre
5580 2676 5826 2852 838.9
1800 2741 4975 2983 brauche Ihnen nicht ausdrücklich zu sagen, dass
5576 2835 5834 2970 844.64
1792 2913 4869 3142 ich — falls he je fest zum Weiterlesen in meinem
5008 2893 5850 3113 yhä oi „lwaa soe’ee
1784 3048 4946 3310 überdischen Buche sänden — jedes persönliche Wort
5143 3044 5507 3236 Geschreibung
5572 3060 5838 3253 220'3.
1841 3199 4983 3404 der Kritik und des Kates von Ihnen mit tiefer
1841 3347 3760 3600 Dankbarheit begrüssen würde.
2021 3457 4950 3707 Ich würde mich glücklich schätzen, wenn sie sich
5609 3608 5781 3739 G.C.F.P.
1857 3637 5024 3870 erinnern wollen, dass Sie mich von Ihrem nächsten
1886 3788 4959 4001 Beriner Besuch in Kenntnis setzen wollten. Die
1919 3948 4905 4087 dahin verbleibe ich in verehrungsvoller Dankbar
3645 4042 4725 4255 Ihr sehr ergeben
1698 4005 3191 4234 P.S. Wenn Ihr in Berlin weilender
1665 4173 3302 4349 Sohn je Lust hat, sich auf dem Lande
3805 4165 4664 4423 Werner Weg
1710 4263 3306 4406 etwas ausprachen, würden meine Fran¬
1686 4361 3351 4480 und ich uns sehr freuen, ihm zu begrüßen. All
