3736 4916
2812 551 2965 773 68
1007 770 3071 1040 Gusti: Nein, sag das nicht. Du hast nicht
1018 947 3036 1163 gezweifelt. Du hast immer geglaubt.-Du
1007 1114 3038 1338 warst meiner sicher. Aber du hast dich
999 1297 3019 1463 getäuscht. Es ist mir gelungen dich zu
1007 1471 1502 1641 täuschen.
1016 1622 1949 1802 Franz: Mich - zu -
1021 1725 3052 1938 Gusti: Nicht zu betrügen. Nein,nein,so
1021 1837 3074 2078 darfst du das nicht auffassen. Ich habe
1010 1996 3052 2206 auch keinen Andern lieb gehabt. Es ist
1018 2176 3210 2364 sehr möglich, dass ich überhaupt nie jeman-
1029 2329 3104 2544 den lieb haben werde. Vielleicht ist es
1024 2473 3069 2678 mir nicht gegeben. Ich hab es schon ge-
1026 2648 3077 2826 fürchtet. Ich habe noch immer Grund es.
1035 2787 3175 2976 zu fürchten. Denn auch für dich,mein lie¬
1035 2968 3104 3140 ber Franz,, auch für dich habe ich nicht
1010 3134 2304 3314 das Geringste empfunden.
