3659 4920
2885 595 3044 790 71
919 779 2522 966 schuldig. Darauf bestehe ich.
933 941 3125 1153 Gusti: Gibt's denn da wirklich noch etwas
933 1109 3136 1262 aufzuklären? Ist das etwas so Unbegreifli-
952 1223 3055 1427 ches, dass sich ein junger Mensch einbil-
947 1427 3005 1569 det es liebt ihn eine bis zum Wahnsinn,
969 1519 3108 1726 und er erfährt dann,dass sie nur ein bis-
963 1673 2295 1885 serl verliebt in ihn war?
955 1810 3206 2080 Franz: Immerhin doch. Du bist ja zu freund-
969 2052 1254 2200 lich.
980 2133 2988 2390 Gusti: Und es wär ja auch wirklich gar
966 2326 3044 2488 nicht notwendig gewesen heut darüber zu
983 2435 3172 2625 reden,wenn du nicht dran wärst aus
983 2586 3133 2787 unserer hübschen kleinen Liebschaft Kon¬
983 2756 3058 2971 sequenzen zu ziehen als wären wir Romeo
994 2885 2896 3108 und Julia. Oder Ferdinand und Luise,
1003 2988 3178 3264 Franz: Aber warum - warum hast du bis heu¬
1011 3181 3161 3404 te die Luise gespielt? Ich will es wissen.
983 3348 3075 3546 Sonst hilft dir alles nichts.Sonst fahr
1005 3505 3116 3703 ich doch mit dir. Einfach um mich zu rä-
1005 3650 3038 3912 chen, um die Leute vor dir zu Warnen,um
