3675 4884
2693 673 2873 832 34
1499 734 2269 911 das weiss ich
765 804 3098 1005 mit ihm steht habeich ja schon lang
1270 938 2126 1057 ageadnay rorhed
573 978 2924 1182 Und Dass er sich mit irgend welchen Gedanken
792 1164 2949 1359 trägt, mit Plänen bedenklicher Art, das war
783 1310 2958 1447 ihm allzu deutlich anzumerken. (ganz leise
795 1474 3010 1654 lächelnd) Sogar meinem Mann ist die Verän-
1161 1572 1816 1682 in seinem Weser
783 1578 3025 1761 derung nicht antgangen. Und in der vorigen
1261 1733 1764 1840 der Frau
801 1773 2934 1950 Nacht,wie er bis zwei Uhr Früh an seinem
783 1870 3025 2087 Schreibtisch gesessen und ge schrieben hat.
829 2078 3077 2251 (auf einen fragenden Blick Gustis) Ich habe
801 2227 2988 2434 eben auch nicht geschla fen,mein Kind - da
801 2367 2867 2538 hab ich eine solche Angst bekommen, dass
804 2522 3019 2711 ich mir einach nicht mehrhelfen konnte.Die
801 2656 3092 2885 Wahrheit zu sagen,meine Befürchtungen waren
813 2796 2897 3010 ja noch schlimmer. ginzer ja noch werde
819 2991 3263 3186 Gusti: Noch schlimmer. weiter: „Kann untheil noch
963 3110 2394 3226 was arpes geben als - mit mir
795 3110 3037 3339 Fr. Arthaber (ihren Arm berührend) Verzeihen
795 3275 3110 3457 Sie. Sie wissen ja, wie das gemeint ista
801 3461 3001 3607 Auch hatte ich Sie ja noch nicht gekannt,
807 3610 1672 3796 liebes Fräulein.
798 3756 3007 3975 Gusti: (ungeduldig) Also, was k t'e mit dem
