3651 4916
2894 546 3052 817 63
1010 774 2992 956 eben wirklich Coulissenschieber. Aber
1002 953 3006 1113 im Personalstand Eueres Theaters werd
1018 1086 2973 1262 ich figurieren,da verlass dich drauf.
1018 1265 2373 1436 Gusti: Das wirst du nicht.
1005 1425 1914 1594 Franz: Ich werde.
1005 1550 2986 1719 Gusti: Bu wirst nicht. Weder als Cou¬
999 1713 2970 1849 lissenschieber noch als Schauspieler.
1005 1895 3133 2053 Und auch wenn du ein Genie bist wirst du
999 2020 3065 2172 nicht in Linz Theater spielen. Und wenn
1005 2150 3084 2348 der Direktor dich auch engagieram will,
1005 2327 3084 2492 und wenn er dir sogar Gage zahlen will.
994 2487 3130 2677 Ich - ich dulde es nicht! Dann lass dich
988 2653 2970 2826 wo anders engagieren,dort wo ich bin.
986 2810 1330 2965 nicht.
994 2929 1724 3139 Franz: Gusti!
999 3082 3147 3247 Gusti: Absolut nicht.Nie und nimmer! Das
994 3250 3171 3421 fehlet mir grad mir auf Schritt und Tritt
980 3388 1920 3589 aufpassen lassen.
988 3568 1724 3752 Franz: Gusti!
999 3701 2959 3912 Gusti: Das wär' ja - da könnt' ich ja
