3752 4868
910 727 3031 892 nachtmahlen. Du und ich allein selbstver-
1988 821 2836 936 die Gesellschaft
907 865 3031 1078 ständlich. Denn auf den Verkehr mit dei¬
913 1010 2936 1235 ner Kollegen und Kolleginnen verzichte
919 1214 1232 1391 ich.
1362 1214 1778 1391 Na-ne.
945 1303 2957 1515 Gusti: Ich bitt dich, mit einer solchen
930 1503 2103 1678 Verachtung brauchst du
927 1660 3045 1861 Franz: Und wenn sich einer von den Komö-
930 1822 3057 1991 dianten unterstehen sollte dir xyz einen
614 1908 2986 2147 einen wirklichen Kuss auf der Bühne zu geben,
930 2091 2909 2310 so spring ich hinauf-und erwürge ihn.
936 2215 3093 2446 Gusti: Das kann ja (wirklich) schön werden.
1391 2390 1805 2487 Brauchet
936 2393 3131 2599 Franz: Du wirst dich ehen nicht küssen  -
936 2576 2889 2732 lassen.Sag's diesen Subjekten g leich,
930 2709 2791 2918 dass du dir's nicht gefallen lässt.
1173 2856 1548 2957 Cbeleedist
945 2874 2945 3060 Gusti: Subjekte - (ich weiss gar nicht,
945 3001 2954 3228 was du hast) Verdienen sich grad so an-
930 3140 3066 3361 ständig ihr Geld wie andere Leut. Manche
916 3329 3119 3536 müssen sich'shalt verdienen,es geht schon
945 3524 1698 3707 nicht anders..
942 3621 3087 3869 Franz: Das soll wohl eine Anspielung auf
925 3760 3084 4038 meine „sorgenlose Existenz“ sein? Dauert
