3736 4888
2844 621 3012 802 52
936 744 3020 979 hab warten lassen. Es ist eine Dame, die
928 918 3007 1126 sich die Wohnung angesehen hat.Wir ver¬
934 1065 3060 1276 mieten sie ja möbliert für die Zeit, dass
936 1265 2793 1469 wir fortgehen. Willst du dich nicht
928 1450 1351 1586 setzen?
947 1570 3023 1728 Erika (den Hut erblickend) Von der Geor¬
944 1784 1284 1905 gette?
939 1883 1872 2092 Gusti: Fasch,was?
947 1990 2579 2226 Erika: Setz dir ihn einmal auf.
939 2180 1691 2402 Gusti(tut es).
942 2298 3023 2501 Erika: Steht dir gut. Kannst ihn gleich
947 2458 3060 2662 aufbehalten. Ich komm nämlich dich abho-
952 2638 1190 2833 len.
950 2798 1776 2983 Gusti: Abholen?
939 2932 3090 3132 Erika: Ich bin so frei dich im Namen von
947 3098 2977 3306 Jean Frederique xxx zu einem frugalen
958 3290 2766 3437 Nachtmahl bei Sacher einzuladen.
950 3373 3079 3590 Gusti: Bedauere sehr, ich nachtmahl heute
939 3582 2975 3777 zuhaus. Die Mutter wird gleich da sein.
960 3708 3076 3959 Erika: So lass ihr halt ein Brieferl da.
