3720 4920
2872 496 3028 638 74
844 548 3036 855 worden, ich weiss nicht mehr wer angefangen
833 819 2998 951 hat,ob wir es auch im Leben zusammenbrin-
849 940 2836 1134 gen-könnten irgendwem vorzuspielen,was
838 1126 2924 1299 wir wollen. Und dass das eigentlich doch
838 1255 2937 1438 noch viel interessanter wäre, als auf der
825 1436 2973 1586 Bühne eingelernte Rollen daherzuplappern.
844 1540 2937 1718 Und der Schluss von der Unterredung war,
836 1734 2893 1860 dass sich sowohl die Linke als ich die
838 1847 2948 2022 Neumann war schon verlobt - einen jungen
825 2014 2877 2162 Menschen ausgesucht haben oder vielmehr
838 2214 2956 2348 jede hat der andern einen ausgesucht,dem
830 2329 2984 2524 wir die Komödie der Liebe vorspielen wol-
830 2480 2830 2672 len. Und da du in der Garderobe gerade
819 2658 2940 2800 neben mir gestanden bist,so ist die Wahl
814 2784 1797 2973 auf dich gefallen.
817 2921 2693 3115 Franz: Die Wahl von Fräulein Linke?
814 3110 2880 3258 Gusti: Ich war natürlich einverstanden.
803 3233 3006 3455 Ein Opfer hätte es natürlich nicht kosten
797 3428 1208 3639 dürfen.
