3675 4884
3004 717 3174 860 33
944 872 2467 1054 von Ihnen nicht los.
950 1030 1851 1230 Gusti: Ja ubher -
926 1135 3327 1308 Fr. Arthabers Ich kann ihn Sollt ich meinen Sohn
1326 1305 2078 1389 nicht keinen. -
944 1329 3034 1499 Gusti: Sie wissen - Sie glauben,gnädige
926 1451 3165 1625 Frau,dass er mit mir - Sie glauben,er will
932 1669 1759 1819 mir nachfahren?
938 1762 3177 1971 Fr. Arthaber (lächelnd) Allerdings glaub ich
923 1962 1281 2129 das
2204 2025 2482 2147 sondern
932 2066 2801 2284 Gusti: Er hat mit Ihnen/gesprochen?
944 2258 2670 2443 Fr.Arthaber (schüttelt den Kopf).
944 2371 3168 2580 Gusti: Also, er hat Ihnen - Sie ha ben schon
923 2553 1696 2732 den Briefschen.
1526 2655 1714 2756 at.
938 2664 3094 2912 Fr.Arthaber: Sie wissen von diesem Brief?
932 2870 2974 3046 Gusti: Sie haben ihn schon gelesen? Ja,
923 3016 2081 3186 wie ist denn das-? —
932 3145 3213 3318 Fr.Arthaber: Ich hab ihn etwas früher gele-
932 3297 2628 3473 sen als es Franzens Absicht war.
938 3455 2186 3655 Gusti: (verstehend) Ah!
914 3640 3231 3810 Fr.Arthaber: Sie werden das einer besorgten
920 3799 3064 3981 Mutter und Gattin zu Gute halten. Wie es
