3736 4868
2906 698 3082 845 32
931 861 3152 1034 Frau? Das wär doch das weitaus Einfachere.
931 1021 3046 1200 Sie hätten sich sogar einen Weg erspart.
928 1149 3171 1331 Ich halt’ ihn nicht. Ich werd ihnn nicht zum
925 1315 3066 1488 Ungehorsam gegen seine Eltern aufhetzen.
906 1462 3194 1725 (Wenn er mich lassen will, wenn er nich las-
928 1654 1472 1802 sen kann.-
931 1805 3155 1949 Fr.Arthaber: Er kann nicht. Ohne Ihre Mit-
918 1939 3146 2090 hilfe wird er es nie können. Darum bin ich
931 2070 2685 2256 ja da. Nur von Ihnen hängt es ab -
931 2218 3200 2406 Gusti: Nur von ihm! Reden sie doch mit ihm.
922 2397 3114 2579 Fragen Sie ihn doch, was ich ihm erst heut
918 2509 3222 2742 gesagt hab. Ich will keinen Unfrieden in Ih
912 2720 3232 2902 re Familie bringen.) Nur auf ihn kommt es an.
864 2845 3248 2989 (Und wenn ich (verbissen) daran zugrund gehen
3091 2934 3338 3062 mod.
918 3011 1901 3184 ich muckse nicht.)
893 3091 3053 3299 Fr. Arthaber: Damit ist nichts getan. Gar
381 3136 646 3309 Is to
3056 3200 3328 3370 in Ham
381 3267 858 3546 misaifte
928 3290 3200 3488 nichts.) Damit, dass Sie ihm sagen: bleib da -
2320 3395 3011 3501 aller in him
925 3482 3373 3590 oder damit, dass Sie ihnen wieder nach Haus
1370 3571 2410 3686 ever as bei ihnen in dieser
608 3571 3184 3821 schicken - damit ist nichts getan. So lang
2627 3706 2845 3811 glaub
899 3770 3066 3942 er sich von Ihnen geliebt weiss, kommt er
