3675 4888
891 509 2401 710 Kleugel). Gusti. An Eusichon er...
972 527 3108 737 Fr. A. Raine lutbar.. was into a 20 s. as he is at
312 603 756 783 9.12.1912
845 689 3006 850 eine Forme da - die sich die Wohnung auscht will.
934 780 2632 937 Gusli.. (koppitilleleur) - nein zweite %.
934 904 2317 1085 Aber was tun wir, senn er -
985 1044 2998 1260 Fr.Arthaber: Das lassen Sie dann meine
977 1222 1588 1343 Sorge sein.
993 1348 3098 1472 Gusti (ab)kommt sehr bald wieder[: Er ist
2207 1440 2694 1547 Bekannt
988 1480 3049 1720 es nicht. Es ist eine Freundin von mir.
982 1663 2958 1862 Fr.Arthaber: So will ich nicht weiter
977 1827 3046 1930 stören. Ich habe ihnen ja nicht mehr zu
993 1954 3052 2191 sagen. Glauben Sie, dass Sie an mir eine
982 2094 2164 2312 Freundin haben werden.
977 2253 3006 2465 Gusti: Sie meinen doch nicht wirklich,
982 2438 1747 2608 gnädige Frau -
977 2454 3068 2767 Fr.Arthaber: Ich weiss, ich bin ganz ru-
974 2759 1230 2907 hig.
993 2847 2977 3046 (Fr.Arthaber fruher: Sagan sie,es ist
988 3068 3014 3256 eine Dame da die die Wohnung anschauen
982 3141 1294 3326 will)
982 3305 3133 3480 Gusti (begleitet Fr. Arthaber ins Vorzimmer
982 3474 3098 3684 kommt sehr bald mit Erika wieder herein)
982 3676 3143 3867 Sei nicht böse, dass ich dich einen Moment
