3752 4884
2833 595 2995 789 22
882 732 1639 978 Gusti. -Mutter.
877 912 3047 1099 Mutter: Besuchen will er dich? Nach Linz
904 1071 3072 1312 will er kommen? Soll lieber in seine Vor-
893 1260 1713 1430 lesungen gehen.
899 1397 3099 1576 Gusti(hat ein Paket geöffnet und knuspert
899 1556 3039 1729 an einem Mahe).Die Vorlesungen fangen ja
904 1718 1910 1882 erst im Oktober an.
1734 1808 1984 1918 dein
899 1866 3036 2025 Mutter: Will er am End gleich jetzt kon-
901 2011 1836 2203 men? heufahren.
926 2178 3083 2351 Gusti: Was weiss denn ich? Ich kann's ihm
904 2307 2995 2496 ja nicht verbieten. (sie hat wieder ein
901 2482 3080 2652 Paket geöffnet) Glaubst du,in Linz kriegt
893 2644 1882 2814 man keine Seifen?
893 2792 2998 2973 Mutter: So billig gewiss nicht. Und noch
891 2943 3088 3132 dazu mit zwanzig Perzent Rabatt. Das hal-
899 3121 3041 3250 be Kilo um eine Krone. Und riecht
910 3230 3041 3398 sie nicht prachtvoll? Ueberhaupt,red mir
901 3373 3096 3562 nichts drein in solche Sachen. Ich red dir
904 3573 3036 3746 auch in deine Roblen nichts drein. Und -
901 3713 2176 3896 und zu verschiedene ausste.
899 3740 3052 4052 Gusti: Mutter, ich bitt dich -nicht schon
