3683 4888
2883 504 3077 674 79
2883 695 3047 811 43
850 856 3080 1005 Ihr Herr Sohn dann noch auf meine Hand re-
838 996 2972 1184 flektieren wird- nach den Irrfahrten,die
844 1139 2561 1315 Sie ja für unvermeidlich halten.
850 1270 2883 1464 Fr.Arthaber: Und Sie selbst,Gusti? Ich
850 1461 3086 1610 merke ja sehr gut, dass ich Ihnen heute gar
853 1616 2972 1765 nichts anderes gesagt habe, als Dinge.die
862 1750 3142 1908 Ihnen selbst schon oft genug durch den Kopf
2212 1860 2522 1959 gous jul
850 1905 3017 2084 gegangen sind. Sie wissen, es wäre ein Un-
862 2021 3023 2221 glück, wenn der Bub Ihnen nachreiste - (auf
850 2167 3026 2403 eine Bewegung von ihr) - geradeso gut wie
865 2316 3086 2534 ich wissen Sie das. Und Sie wissens muss
874 2486 2984 2683 geschieden sein, auch wenn das Herz Ihnen
2427 2615 2880 2704 Schineer
865 2650 3098 2859 blutet. Im übrigen,, so ein blutendes Herz.
868 2817 2984 2975 wenn Sie wirklich Talent haben,woran ich
868 2922 3172 3148 immer weniger zweifle,für Ihre
856 3074 3256 3327 künstlerische Entwicklung wird das xxxx
862 3285 1994 3464 lieh von Nutzen sein.
868 3387 3050 3649 Gusti: Es ist jetzt nur noch die Frage, ob
865 3601 3163 3804 die Linzer imstande sein werden dieses Opfer
862 3780 1520 3959 zu würdigen.
