4019 5038
2863 858 3075 1027 14
923 1011 1498 1215 geblieben?
940 1147 3127 1392 Franz (hat ihrdie Rechnung aus der Hand ge-
937 1329 2852 1542 nommen) Wieviel war dann ausgemacht?
923 1506 2165 1664 Gusti: Achtzehn Gulden.
923 1648 2901 1806 Franz: Also um zwei Gulden handelt es
934 1768 2841 1967 sich im Ganzen, und deswegen soll das
923 1945 2882 2119 Fräulein diese Riesenschachtel wieder
923 2105 1642 2299 zurücktragen?
923 2223 3064 2443 Marie: Oh, das tät nichts machen. Aber ich
923 2402 2991 2588 glaub nicht, dass die Frau Georgette was
923 2560 2890 2754 nachlassen wird. Bitt schön Fräulein,
923 2710 3048 2906 schaun sie sich nur das Band an. So dis¬
929 2868 2835 3072 kret und elegant. Wir hätten ja eine
912 3015 2955 3198 billigere Qualität nehmen können. Aber
929 3181 3034 3342 da hätt' das Hüterl gleich anders ausge-
910 3372 1264 3514 sehen.
915 3522 1708 3699 Franz: Hüterl!!
921 3658 2909 3824 Marie: Er steht dem Fräulein wirklich
907 3723 2993 4020 grossartig. (mit Augen auf Franz) Nicht
921 3996 1209 4118 wahr?
