3736 4888
309 628 766 763 12.12.1912
2817 614 2977 793 58
944 822 2684 1005 Gusti (ab,kommt mit Franz wieder).
947 976 2277 1144 Franz: Oh,Fräulein Erika.
947 1051 2798 1264 Erika: Guten Tag,Herr von Arthaber.
939 1250 3048 1460 Aber ich will jetzt nicht weiter stören.
952 1418 2809 1575 Ich war sowieso grad im Fortgehen.
958 1559 2905 1774 Franz: Clückliche Reise, sie fahren ja
966 1753 2024 1878 bald nach Frankfurt.
958 1873 2285 2096 Erika: In ein paar Tagen.
966 1992 2867 2189 Franz: Meine Empfehlung dem Prinzen.
995 2144 2881 2349 (unerwartet) War's hübsch neulich im
971 2367 1367 2551 Prater?
966 2514 1873 2649 Erika: Im Prater?
968 2612 3099 2841 Franz: Ja, im dritten Caféhaus. Die Gusti
960 2814 1966 2982 hat mir ja erzählt.
958 2971 3030 3144 Erika: Na freilich,es war doch kein Ge-
960 3107 3096 3341 heimnis. Im übrigen - vielleicht hab ich
960 3253 3035 3429 bei Ihnen mehr Glück als bei der Gusti.
952 3373 3070 3604 Ich bin nur heraufgekommen, um Sie Beide
958 3567 2990 3761 im Namen von Jean Fréderique für heute
952 3721 1936 3939 Abend einzuladen.
