3720 4920
2902 559 3077 743 70
937 696 3113 956 aussiehst? Kannst du die Liebe spielen,so
934 907 2688 1151 kannst du auch den Hass spielen.
962 1091 1603 1285 Gusti: Hass!
967 1189 2699 1419 Franz: Oder die Gleichgültigkeit.
956 1362 3143 1584 Gusti: Da hast du freilich recht. Aber ich
956 1485 3129 1726 wüsste wirklich keinen Grund, dass ich dir
967 1702 2540 1880 jetzt etwas vorspielen sollte.
989 1855 1951 2033 Franz: Und früher?
981 1987 2929 2140 Gusti: Da hat es schon einen gegeben.
978 2102 3083 2334 Franz: Ja welchen,welchen? Mitleid viel-
989 2285 3132 2507 leicht? Das kann's ja nicht sein. Du hast
986 2471 1839 2647 ja jetzt keines.
989 2570 3110 2778 Gusti (plötzlich seine Hände nehmend) Sag
986 2759 1537 2973 das nicht.
967 2863 3173 3099 Franz (entwindet ihr seine Hände) Ich will
978 2978 3156 3283 auch keines. Ich verbiet es mir. Ich will
989 3220 3028 3417 überhaupt gar nichts mehr von dir. Gar
981 3406 1381 3546 nichts.
1003 3499 3083 3699 Gusti: Na, dann wär ja alles in Ordnung.
986 3685 3017 3874 Franz: Nur Aufklärung. Die bist du mir
