3554 4868
2879 670 3055 856 13
949 824 2042 1032 Bitt schön,Fräulein.
949 986 2986 1215 Gusti: Ah so.-Was? Das ist ja mehr als
957 1175 2941 1353 ich mit der Frau Georgette ausgemacht
954 1343 1250 1492 habe.
962 1438 2770 1611 Marie: Bitt schön, ich weiss nicht.
954 1622 3076 1808 Gusti: Also,sagen S' der Frau Georgette,
973 1803 2404 1944 ich komm morgen selber hin.
965 1885 3108 2124 Marie: Bitt schön,Fräulein,wie's beliebt.
1614 2045 1803 2151 gul
970 2074 2871 2247 Gusti: Also schön.Auf was warten S'
973 2244 3020 2406 denn noch? Ah so.- (sie nimmt ihr Porte-
960 2382 3066 2598 monnaie heraus und gibt ihr eine Silber.
957 2576 1340 2691 münze.)
968 2669 2890 2869 Marie: Dank schön.Fräulein. Aber ich
968 2861 2247 3028 wart wegen der Rechnung.
965 3004 2677 3193 Gusti: Ja,Sie hören doch schon,-
984 3124 3063 3318 Marie: Ja, sie ist saldiert Fräulein,und
986 3345 3039 3451 ich muss den Hut halt wieder mitnehmen,
965 3480 2765 3619 wenn er nicht gleich bezahlt wird.
970 3589 3100 3810 Gusti: Da hört sich aber doch alles auf.
965 3762 3063 3930 Bin ich Ihnen schon einmal was schuldig
