3720 4872
2992 583 3180 721 42
884 841 3111 1076 noch heute müssen Sie's ihm sagen.
891 1022 3164 1261 Gusti: Dass ich - daß ich ihn nicht liebe?
888 1164 3102 1396 Das verlangen Sie im Ernst von mir? Ich -
897 1352 2989 1559 ich soll mich selber schlecht machen vor
897 1505 1151 1716 ihm?
881 1656 3205 1791 Fr. Arthaber: Aber Schlecht - wer sont den do
906 1788 3052 1970 Gusti: Ich soll ihm die Erinnerungen ver-
884 1935 3143 2161 giften,unser ganzes Glück,das Wunderschöne,
900 2101 3067 2315 was wir miteinander erlebt haben soll ich
884 2280 2747 2453 zerstören,  - Das ist ja -
903 2443 3146 2606 Fr.Arthaber: Dass es nicht leicht ist weiss
2252 2503 3334 2641 Le... Aber ein unerlegen
913 2543 3042 2703 ich. Das es Ein Opfer ist weiss ich. Und
1781 2678 2158 2804 gemple
1176 2691 1603 2873 utudies
1433 2729 3180 2910 das kleinste,das Ihnen in dieser
897 2760 1135 2879 doch
884 2904 3117 3033 Sache auferlegt sein kann. Für jedes Glück
2324 2973 2653 3077 konnt
897 3014 3055 3237 ist ein Preis zu zahlen. Es wir kein Tag
888 3111 3406 3321 mehr in Ihrer Existenz kommen,Gusti,an dem diesen
1154 3293 1593 3412 verteheilen
558 3312 841 3447 billig
906 3343 2782 3469 er niederer angesetzt ist als heute.
1518 3422 3017 3538 Billis!.. Wenn ich ihn seel, wo
405 3403 847 3572 in richten
903 3519 3023 3660 Gusti: Es-ist ja nicht möglich,er wird's
897 3597 3193 3845 mir nicht glauben Er wird es ja nicht ertra-
897 3754 2547 4005 gen. Er — er bringt mich ja-um.
