3691 4884
914 864 3184 1039 Fr. Arthaber: Das scheint Ihnen so.Innerlich
1894 968 2145 1061 une
914 999 3040 1191 sind Sie###s schon. Denn Sie sehen ja ein,
914 1137 2695 1349 dass es keine andere Lösung gibt.
931 1318 3003 1502 Gusti: Aber ich sehe nicht ein,warum es
929 1496 2148 1629 eine Lösung geben muss.
937 1586 3014 1821 Fr.Arthaber: Fräulein Gusti! Siehaben ja
934 1778 3068 1931 alles angehört, was ich Ihnen gesagt habe.
926 1891 3110 2120 Und ich habe Sie gesehen, während Sie mich
929 2058 2975 2261 angehört haben. Also warum jetzt - wir
1550 2199 2012 2317 verstanden
929 2247 3164 2408 sind ja ein - Lassen sie mich beruhigt aus
946 2362 3105 2588 diesem Zimmer gehen,ganz beruigt.) Erspa-
940 2518 3167 2715 ren Sie es mir Dinge auszusprechen,die ei-
946 2690 2955 2865 nen falschen Ton in unsere Unterredung
940 2842 3023 3043 brächten, die mein Bitten zum Flehen und
934 3012 3096 3206 meine Mahnungen zu Drohungen herabwürdig-
946 3167 3204 3316 ten. Ehe ich Sie gekannt habe war ich nicht
946 3291 2969 3452 so gewiss,ob ich auf beides verzichten
957 3446 3088 3607 könnte, jetzt aber weiss ich, dass Sie gut
957 3559 3119 3788 und klug sind. Und auch das bischen Komö-
948 3779 3006 3966 diespiel, das Ihnen notwendig sein wird,
