3736 4888
2925 593 3089 784 53
982 719 3143 974 Gusti: Geht nicht. Heut am letzten Abend.
988 972 2550 1141 Und übrigens kommt der Franz.
993 1065 2979 1304 Erika: Ah so.Warum sagst du das nicht
988 1299 2928 1441 gleich? Im übrigen,er könnt' ja mit¬
977 1444 1379 1589 kommen.
998 1575 3135 1769 Gusti: Ob der Prince damit einverstanden
982 1761 1302 1895 wäre -
977 1871 3070 2061 Erika: Wenn ich's tu,ist er einverstan-
993 2015 2890 2185 den. Es wird ihm sogar ein Vergnügen
2805 2091 3352 2238 Moglichter
982 2209 3119 2329 sein. Besonders,wenn es die einzige Ge-
961 2300 3027 2517 genheit ist, dass du auch mitkommst. Er
1001 2461 2689 2657 ist nämlich verschossen in dich.
982 2622 2912 2834 Gusti: Wird schon nicht so arg sein.
988 2805 2912 2976 Erika: Na so arg,wie es halt bei ihm
980 2949 3022 3143 sein kann. Die eigentliche bleib doch
982 3108 1530 3304 immer ich.
985 3186 3145 3419 Gusti: Und dafür bleibt auch er der eigent
969 3387 1726 3596 liche bei dir.
969 3543 3022 3749 Erika: Aber natürlich.-Also, dürfen wir
977 3714 1763 3950 Euch erwarten?
