3752 4868
872 672 3033 904 ja nicht mehr lang, mein Kind (So bald ich
872 836 3104 1087 die Stadt verlassen habe, das kannet du dir
875 1018 3057 1209 wohl denken, bin ich auf mich angewiesen.
887 1206 3060 1400 Gusti: Darauf bin ich ja wirklich-neugie-
878 1334 2689 1528 rig,wovon du in Linz leben willst.
884 1516 2860 1681 Franz: Ich - ich hab mir was erspart.
893 1660 2495 1866 Gusti: Von deinem Taschen geld?
890 1800 3021 2009 Franz: Ja, einen Gehalt bezieh ich leider
872 1961 3272 2143 nach nicht. ich bin eben Studiosus Juris
2430 2057 2773 2158 leider
878 2134 3122 2301 und Der Kollegienbesuch wird nicht bezahlt.
898 2257 2919 2460 Gusti: Und das Schwänzen noch weniger).
1278 2391 1501 2487 Aber
884 2376 2982 2585 Franz: Und mit meinen Ersparnissen kann
890 2582 3015 2797 ich jedenfalls fünf-sechs Wochen auskom-
884 2743 1134 2922 men.
1749 2722 2119 2913 To dan
904 2904 3057 3066 Gusti: und dann reist der junge Hern wie.
890 3027 2039 3224 der nach wien zurück.
890 3119 3086 3364 Franz: Und soll dich allein dort lassen?
875 3325 3140 3537 nicht einen Tag. Ich werd mich schon fort-
890 3510 3000 3669 bringen. Das wär nicht übel.Schlimmsten-
898 3642 2209 3860 falls geb ich Lektionen.
