3736 4900
2854 520 3015 760 65
986 719 2645 997 Franz: Was soll denn das alles?
986 907 3037 1128 Gusti: Es wird wohl nicht so schwer zu
1008 1057 3119 1305 verstehen sein. Aus! Meine - meine Frei_
994 1256 3160 1463 heit will ich haben. Ich will in der Aus-
1008 1405 3200 1618 übung meines Berufes nicht gestört werden.
1021 1544 3179 1768 Ich bin eine Künstlerin. Ich brauche mei¬
1038 1702 3105 1923 ne Freiheit. Ich muss was erleben - was
659 1792 997 1898 Les heurs
624 1888 844 2005 da-
1030 1879 2092 2092 Wirkliches mein ich.
1040 2035 1738 2223 Franz: Gusti!
1032 2154 3004 2381 Gusti: Von meiner Mutter will ich gar
1040 2293 3064 2519 nicht reden und auch von deinen Eltern
1043 2473 3045 2683 nicht,aber ich ich - meine Carrière!
1040 2653 2541 2827 Es wär ja der Ruin für mich.
1062 2716 3037 2983 Franz: Der Ruin für dich - Ja,hast du
1070 2947 3042 3124 denn alles - hast du alles vergessen?
1046 3081 3042 3304 Gusti: Nichts,gar nichts. Es war sehr
1068 3241 2950 3435 hübsch. Und ich habe wirklich allen
1054 3397 3138 3590 Grund dir dankbar zu sein - aber - aber
1062 3565 1822 3759 es ist genug
