<?xml version="1.0" encoding="UTF-8" standalone="yes"?>
<PcGts xmlns="http://schema.primaresearch.org/PAGE/gts/pagecontent/2013-07-15" xmlns:xsi="http://www.w3.org/2001/XMLSchema-instance" xsi:schemaLocation="http://schema.primaresearch.org/PAGE/gts/pagecontent/2013-07-15 http://schema.primaresearch.org/PAGE/gts/pagecontent/2013-07-15/pagecontent.xsd">
    <Metadata>
        <Creator>prov=READ-COOP:name=TrHtr:version=2.1.0:model_id=51170:date=15_08_2023_01:19</Creator>
        <Created>2023-05-10T15:01:54.323+02:00</Created>
        <LastChange>2023-08-15T01:19:26.909+02:00</LastChange>
        <TranskribusMetadata docId="1428747" pageId="55429051" pageNr="69" tsid="132836206" status="IN_PROGRESS" userId="64420" imgUrl="https://files.transkribus.eu/Get?id=NSTXGZNWQQODVXHQDYAKVNAD&amp;fileType=view" xmlUrl="https://files.transkribus.eu/Get?id=DIHJEYROZUDUZEKRCXKHGWBI" imageId="44703124"/>
    </Metadata>
    <Page imageFilename="1428747_0069.jpg" imageWidth="3736" imageHeight="4920">
        <ReadingOrder>
            <OrderedGroup id="ro_1711807443747" caption="Regions reading order">
                <RegionRefIndexed index="0" regionRef="tr_1"/>
                <RegionRefIndexed index="1" regionRef="tr_2"/>
            </OrderedGroup>
        </ReadingOrder>
        <TextRegion id="tr_1" custom="readingOrder {index:0;}">
            <Coords points="328,672 3164,672 3164,2368 328,2368"/>
            <TextLine id="tr_1_tl_1" custom="readingOrder {index:0;}">
                <Coords points="2794,836 2816,841 2834,830 2847,841 2871,841 2889,825 2945,823 2950,604 2937,604 2913,627 2889,614 2871,622 2852,604 2800,604"/>
                <Baseline points="2812,728 2866,722 2955,722"/>
                <TextEquiv>
                    <Unicode>69</Unicode>
                </TextEquiv>
            </TextLine>
            <TextLine id="tr_1_tl_2" custom="readingOrder {index:1;}">
                <Coords points="314,780 345,775 390,807 453,807 501,783 583,820 699,838 765,823 762,717 741,725 662,685 583,709 527,688 459,701 419,685 401,704 377,685 356,701 311,688"/>
                <Baseline points="328,758 417,758 507,764 597,764 686,764 770,770"/>
                <TextEquiv>
                    <Unicode>17.12.1912.</Unicode>
                </TextEquiv>
            </TextLine>
            <TextLine id="tr_1_tl_3" custom="readingOrder {index:2;}">
                <Coords points="1031,981 2383,931 2489,910 2494,772 1036,812"/>
                <Baseline points="1044,961 1062,955 1152,949 1241,949 1331,949 1421,943 1510,937 1600,937 1689,931 1779,925 1868,925 1958,919 2048,919 2137,913 2227,913 2316,907 2406,901 2495,901"/>
                <TextEquiv>
                    <Unicode>Franz: Nicht das geringste?</Unicode>
                </TextEquiv>
            </TextLine>
            <TextLine id="tr_1_tl_4" custom="readingOrder {index:3;}">
                <Coords points="1036,1128 2122,1112 2357,1070 2362,970 1859,928 1590,946 1408,1044 1039,1036"/>
                <Baseline points="1050,1116 1110,1110 1200,1110 1289,1104 1379,1104 1468,1098 1558,1092 1647,1092 1737,1086 1827,1080 1916,1074 2006,1074 2095,1068 2185,1062 2274,1062 2364,1068"/>
                <TextEquiv>
                    <Unicode>Gusti: So gut wie nichts.</Unicode>
                </TextEquiv>
            </TextLine>
            <TextLine id="tr_1_tl_5" custom="readingOrder {index:4;}">
                <Coords points="1041,1268 1698,1236 1972,1371 2544,1379 2913,1260 3140,1279 3150,1062 1969,1178 1547,1094 1268,1202 1047,1149"/>
                <Baseline points="1056,1265 1092,1259 1182,1253 1271,1253 1361,1253 1450,1247 1540,1247 1630,1241 1719,1235 1809,1235 1898,1230 1988,1224 2077,1224 2167,1218 2256,1218 2346,1218 2436,1206 2525,1206 2615,1206 2704,1200 2794,1194 2883,1194 2973,1188 3063,1182 3152,1188"/>
                <TextEquiv>
                    <Unicode>Franz: Ich - ich versteh nicht - das ist</Unicode>
                </TextEquiv>
            </TextLine>
            <TextLine id="tr_1_tl_6" custom="readingOrder {index:5;}">
                <Coords points="1047,1426 1112,1460 1147,1453 1176,1429 1252,1416 1366,1453 1368,1366 1313,1331 1252,1321 1205,1360 1123,1355 1091,1334 1049,1331"/>
                <Baseline points="1062,1415 1104,1415 1194,1415 1283,1409 1373,1409"/>
                <TextEquiv>
                    <Unicode>doch -</Unicode>
                </TextEquiv>
            </TextLine>
            <TextLine id="tr_1_tl_7" custom="readingOrder {index:6;}">
                <Coords points="1036,1576 2955,1545 3150,1503 3153,1418 2961,1431 2760,1339 2615,1424 2457,1376 2064,1484 1041,1431"/>
                <Baseline points="1050,1564 1098,1564 1188,1564 1277,1564 1367,1564 1456,1552 1546,1552 1636,1546 1725,1540 1815,1540 1904,1534 1994,1534 2083,1528 2173,1522 2262,1522 2352,1516 2442,1516 2531,1510 2621,1504 2710,1504 2800,1498 2889,1498 2979,1498 3069,1492 3158,1498"/>
                <TextEquiv>
                    <Unicode>Gusti: Es ist genau wie ich es dir sage.</Unicode>
                </TextEquiv>
            </TextLine>
            <TextLine id="tr_1_tl_8" custom="readingOrder {index:7;}">
                <Coords points="1054,1745 1426,1782 1642,1700 2823,1658 2982,1716 3019,1521 2207,1526 1874,1640 1060,1632"/>
                <Baseline points="1068,1719 1140,1713 1230,1713 1319,1713 1409,1707 1498,1707 1588,1701 1677,1701 1767,1695 1856,1689 1946,1683 2036,1683 2125,1677 2215,1671 2304,1671 2394,1671 2483,1665 2573,1659 2663,1659 2752,1659 2842,1653 2931,1647 3021,1653"/>
                <TextEquiv>
                    <Unicode>Warum sollt ich dir's denn sagen,wenn</Unicode>
                </TextEquiv>
            </TextLine>
            <TextLine id="tr_1_tl_9" custom="readingOrder {index:8;}">
                <Coords points="1044,1877 1463,1903 1524,1866 2048,1840 2183,1874 2238,1869 2241,1779 2067,1743 1998,1790 1840,1753 1748,1795 1642,1748 1558,1787 1479,1758 1226,1801 1120,1764 1047,1801"/>
                <Baseline points="1062,1868 1080,1868 1170,1868 1259,1868 1349,1862 1438,1856 1528,1856 1618,1850 1707,1844 1797,1844 1886,1839 1976,1839 2065,1833 2155,1833 2245,1833"/>
                <TextEquiv>
                    <Unicode>es nicht genau so wär?</Unicode>
                </TextEquiv>
            </TextLine>
            <TextLine id="tr_1_tl_10" custom="readingOrder {index:9;}">
                <Coords points="1060,2027 3098,1953 3098,1895 2932,1859 1677,1961 1065,1906"/>
                <Baseline points="1074,2024 1134,2018 1224,2018 1313,2018 1403,2012 1492,2012 1582,2006 1671,2000 1761,1994 1850,1994 1940,1988 2030,1988 2119,1988 2209,1982 2298,1982 2388,1976 2477,1976 2567,1970 2657,1964 2746,1958 2836,1952 2925,1952 3015,1952 3104,1946"/>
                <TextEquiv>
                    <Unicode>Franz: Aber warum hast du - Aber nein -</Unicode>
                </TextEquiv>
            </TextLine>
            <TextLine id="tr_1_tl_11" custom="readingOrder {index:10;}">
                <Coords points="1054,2175 2375,2135 2499,2193 3158,2120 3164,1977 2175,2083 1656,2006 1495,2101 1057,2106"/>
                <Baseline points="1068,2173 1104,2173 1194,2179 1283,2173 1373,2173 1462,2167 1552,2161 1641,2155 1731,2155 1821,2149 1910,2143 2000,2137 2089,2137 2179,2131 2268,2131 2358,2131 2448,2125 2537,2125 2627,2125 2716,2119 2806,2113 2895,2107 2985,2107 3075,2101 3164,2095"/>
                <TextEquiv>
                    <Unicode>es ist - Ah,ich versteh schon. Du willst</Unicode>
                </TextEquiv>
            </TextLine>
            <TextLine id="tr_1_tl_12" custom="readingOrder {index:11;}">
                <Coords points="1052,2365 1247,2338 1281,2357 1321,2317 1376,2349 1445,2317 1516,2346 1616,2323 1706,2344 1708,2185 1653,2212 1563,2180 1458,2249 1363,2265 1149,2241 1110,2257 1057,2230"/>
                <Baseline points="1068,2328 1086,2322 1176,2328 1265,2322 1355,2316 1444,2316 1534,2310 1624,2310 1713,2316"/>
                <TextEquiv>
                    <Unicode>mich prüfen.</Unicode>
                </TextEquiv>
            </TextLine>
            <TextLine id="tr_1_tl_13" custom="readingOrder {index:12;}">
                <Coords points="2220,2370 2251,2367 2278,2378 2296,2367 2309,2375 2330,2359 2370,2359 2399,2378 2454,2378 2454,2262 2404,2257 2359,2280 2328,2265 2304,2275 2267,2265 2220,2280"/>
                <Baseline points="2233,2358 2322,2358 2412,2358 2460,2358"/>
                <TextEquiv>
                    <Unicode>dich</Unicode>
                </TextEquiv>
            </TextLine>
        </TextRegion>
        <TextRegion id="tr_2" custom="readingOrder {index:1;}">
            <Coords points="1074,2368 3194,2368 3194,3891 1074,3891"/>
            <TextLine id="tr_2_tl_1" custom="readingOrder {index:0;}">
                <Coords points="1065,2507 2283,2512 2586,2431 2905,2491 2953,2365 1429,2320 1223,2425 1068,2381"/>
                <Baseline points="1080,2489 1164,2477 1253,2477 1343,2471 1433,2471 1522,2465 1612,2465 1701,2460 1791,2460 1880,2454 1970,2448 2059,2442 2149,2442 2239,2436 2328,2436 2418,2436 2507,2430 2597,2430 2686,2424 2776,2418 2866,2418 2955,2418"/>
                <TextEquiv>
                    <Unicode>Gusti: Warum sollte ich denn prüfen</Unicode>
                </TextEquiv>
            </TextLine>
            <TextLine id="tr_2_tl_2" custom="readingOrder {index:1;}">
                <Coords points="1060,2671 2636,2623 2897,2589 2900,2526 2584,2462 1787,2504 1682,2573 1550,2491 1363,2573 1062,2565"/>
                <Baseline points="1074,2633 1116,2633 1206,2633 1295,2627 1385,2627 1474,2621 1564,2621 1653,2615 1743,2615 1833,2609 1922,2603 2012,2603 2101,2597 2191,2597 2280,2597 2370,2591 2460,2591 2549,2585 2639,2579 2728,2579 2818,2573 2907,2573"/>
                <TextEquiv>
                    <Unicode>wollen? Ich wüsste wirklich nicht -</Unicode>
                </TextEquiv>
            </TextLine>
            <TextLine id="tr_2_tl_3" custom="readingOrder {index:2;}">
                <Coords points="1070,2805 1663,2816 2009,2758 2446,2797 2473,2620 2365,2602 2220,2692 2011,2721 1766,2673 1215,2729 1076,2665"/>
                <Baseline points="1086,2788 1128,2788 1218,2782 1307,2782 1397,2782 1486,2776 1576,2770 1665,2764 1755,2764 1844,2758 1934,2758 2024,2752 2113,2752 2203,2746 2292,2746 2382,2740 2471,2752"/>
                <TextEquiv>
                    <Unicode>Franz: Also warum - warum?</Unicode>
                </TextEquiv>
            </TextLine>
            <TextLine id="tr_2_tl_4" custom="readingOrder {index:3;}">
                <Coords points="1086,3016 2715,2881 2892,2934 3148,2829 2805,2765 2449,2837 1706,2787 1371,2879 1091,2847"/>
                <Baseline points="1104,2943 1182,2937 1271,2937 1361,2937 1450,2931 1540,2925 1630,2919 1719,2919 1809,2913 1898,2913 1988,2907 2077,2907 2167,2901 2256,2895 2346,2895 2436,2889 2525,2889 2615,2889 2704,2883 2794,2883 2883,2877 2973,2877 3063,2871 3152,2866"/>
                <TextEquiv>
                    <Unicode>Gusti: Was kanndich das noch weiter in-</Unicode>
                </TextEquiv>
            </TextLine>
            <TextLine id="tr_2_tl_5" custom="readingOrder {index:4;}">
                <Coords points="1089,3111 2884,3040 3082,3100 3087,2929 2773,2987 2452,2929 2101,3024 1946,2958 1091,3011"/>
                <Baseline points="1104,3092 1122,3086 1212,3086 1301,3086 1391,3086 1480,3080 1570,3075 1659,3075 1749,3069 1839,3069 1928,3063 2018,3063 2107,3063 2197,3057 2286,3051 2376,3051 2465,3045 2555,3045 2645,3045 2734,3045 2824,3039 2913,3039 3003,3033 3092,3027"/>
                <TextEquiv>
                    <Unicode>teressieren? Es hat mir eben Spass ge-</Unicode>
                </TextEquiv>
            </TextLine>
            <TextLine id="tr_2_tl_6" custom="readingOrder {index:5;}">
                <Coords points="1070,3269 1105,3279 1163,3250 1210,3282 1250,3253 1315,3250 1368,3269 1426,3258 1426,3108 1352,3111 1334,3127 1302,3100 1276,3119 1197,3132 1128,3106 1070,3127"/>
                <Baseline points="1086,3248 1176,3242 1265,3242 1355,3242 1433,3248"/>
                <TextEquiv>
                    <Unicode>macht.</Unicode>
                </TextEquiv>
            </TextLine>
            <TextLine id="tr_2_tl_7" custom="readingOrder {index:6;}">
                <Coords points="1086,3427 1679,3380 1851,3438 2607,3345 3058,3422 3185,3393 3190,3264 1874,3190 1537,3293 1091,3293"/>
                <Baseline points="1104,3403 1134,3403 1224,3391 1313,3391 1403,3391 1492,3391 1582,3379 1671,3379 1761,3379 1850,3379 1940,3373 2030,3367 2119,3361 2209,3361 2298,3355 2388,3355 2477,3349 2567,3349 2657,3343 2746,3337 2836,3337 2925,3331 3015,3331 3104,3325 3194,3337"/>
                <TextEquiv>
                    <Unicode>Franz: Das istja nicht - du spielst Ko-</Unicode>
                </TextEquiv>
            </TextLine>
            <TextLine id="tr_2_tl_8" custom="readingOrder {index:7;}">
                <Coords points="1057,3583 3040,3630 3103,3620 3111,3411 2381,3390 1716,3482 1065,3419"/>
                <Baseline points="1074,3558 1146,3552 1235,3546 1325,3546 1415,3546 1504,3540 1594,3540 1683,3540 1773,3534 1862,3528 1952,3522 2042,3516 2131,3516 2221,3516 2310,3510 2400,3510 2489,3510 2579,3504 2668,3504 2758,3498 2848,3492 2937,3492 3027,3486 3116,3486"/>
                <TextEquiv>
                    <Unicode>mödie, Gusti. Jetzt spielst du Komödie.</Unicode>
                </TextEquiv>
            </TextLine>
            <TextLine id="tr_2_tl_9" custom="readingOrder {index:8;}">
                <Coords points="1097,3722 1424,3712 1619,3767 1874,3693 2668,3672 2671,3612 1853,3583 1582,3641 1099,3598"/>
                <Baseline points="1110,3707 1152,3707 1241,3707 1331,3707 1421,3707 1510,3701 1600,3695 1689,3695 1779,3689 1868,3684 1958,3678 2048,3678 2137,3672 2227,3672 2316,3666 2406,3666 2495,3660 2585,3660 2674,3660"/>
                <TextEquiv>
                    <Unicode>Custi (starr): Seh ich so aus?</Unicode>
                </TextEquiv>
            </TextLine>
            <TextLine id="tr_2_tl_10" custom="readingOrder {index:9;}">
                <Coords points="1086,3923 1397,3952 1872,3841 2088,3886 2702,3812 3063,3870 3132,3849 3137,3696 2855,3649 1091,3783"/>
                <Baseline points="1104,3881 1170,3863 1259,3857 1349,3857 1438,3857 1528,3851 1618,3845 1707,3845 1797,3839 1886,3833 1976,3833 2065,3827 2155,3827 2245,3821 2334,3821 2424,3821 2513,3815 2603,3815 2692,3809 2782,3809 2871,3797 2961,3797 3051,3797 3140,3803"/>
                <TextEquiv>
                    <Unicode>Franz: Ist denn darauf zu geben,wie du</Unicode>
                </TextEquiv>
            </TextLine>
        </TextRegion>
    </Page>
</PcGts>
