3651 4916
2765 565 2936 808 64
938 792 1367 938 gleich -
941 922 2552 1126 Franz: Was könntest du gleich?
969 1115 2851 1276 Justi: Also,es würd nicht geschehen.
941 1232 3047 1409 Du wirst - du wirst überhaupt nicht hin-
944 1411 3017 1630 reisen. Weder als Schauspieler noch als
952 1553 1539 1730 Privatmann.
944 1713 1647 1904 Franz: Gusti!
963 1849 3058 2053 Gusti: Weder morgen, noch übermorgen,noch
952 1987 3000 2208 in acht Tagen. Es ist ja ein Glück, dass
360 2029 888 2200 Et Westawder
938 2186 2917 2341 du mir deine Absichten jetzt verraten
327 2184 822 2391 to has been
465 2291 725 2482 dap.
927 2275 3000 2488 hast. Von Linz aus hätte ich dir ja ge-
390 2430 861 2593 in recevend
933 2471 2469 2673 schrieben oder telegraphiert.
952 2635 3058 2803 Franz: Was hättest du mir telegraphiert?
933 2770 2964 2939 Gusti: Dass du absolut nicht hinkommen
927 2931 2947 3111 darfst. Dass ich's nicht will, Dass es
933 3083 2986 3224 ein Unsinn wäre, dass es ein unglüsk wä-
919 3252 2787 3412 re,dass es - dass es aus sein muss.
933 3385 3158 3587 Franz (immer erstarrter) Aus - sein - muss -
927 3553 2981 3747 Gusti: Dass es überhaupt schon aus ist.
924 3703 2117 3905 Länger als du glaubst.
