<?xml version="1.0" encoding="UTF-8" standalone="yes"?>
<PcGts xmlns="http://schema.primaresearch.org/PAGE/gts/pagecontent/2013-07-15" xmlns:xsi="http://www.w3.org/2001/XMLSchema-instance" xsi:schemaLocation="http://schema.primaresearch.org/PAGE/gts/pagecontent/2013-07-15 http://schema.primaresearch.org/PAGE/gts/pagecontent/2013-07-15/pagecontent.xsd">
    <Metadata>
        <Creator>prov=READ-COOP:name=TrHtr:version=2.1.0:model_id=51170:date=15_08_2023_01:19</Creator>
        <Created>2023-05-10T15:01:47.798+02:00</Created>
        <LastChange>2023-08-15T01:19:12.260+02:00</LastChange>
        <TranskribusMetadata docId="1428747" pageId="55428759" pageNr="23" tsid="132836160" status="IN_PROGRESS" userId="64420" imgUrl="https://files.transkribus.eu/Get?id=RSYHHJAJSSMPYWGNLQKJLLQK&amp;fileType=view" xmlUrl="https://files.transkribus.eu/Get?id=TAMLEOWQEGACLDZIULOGKFJJ" imageId="44702832"/>
    </Metadata>
    <Page imageFilename="1428747_0023.jpg" imageWidth="3736" imageHeight="4868">
        <ReadingOrder>
            <OrderedGroup id="ro_1711807311921" caption="Regions reading order">
                <RegionRefIndexed index="0" regionRef="tr_1"/>
                <RegionRefIndexed index="1" regionRef="tr_2"/>
            </OrderedGroup>
        </ReadingOrder>
        <TextRegion id="tr_1" custom="readingOrder {index:0;}">
            <Coords points="960,689 3126,689 3126,2312 960,2312"/>
            <TextLine id="tr_1_tl_1" custom="readingOrder {index:0;}">
                <Coords points="2872,758 2901,752 2925,776 2941,776 2971,752 2990,763 2998,755 3014,768 3030,766 3030,591 2984,588 2952,618 2896,591 2872,591"/>
                <Baseline points="2887,739 2976,739 3036,739"/>
                <TextEquiv>
                    <Unicode>23</Unicode>
                </TextEquiv>
            </TextLine>
            <TextLine id="tr_1_tl_2" custom="readingOrder {index:1;}">
                <Coords points="946,929 2823,954 2847,760 2458,715 2289,776 2111,701 1886,776 948,733"/>
                <Baseline points="960,918 972,918 1061,918 1151,918 1240,918 1330,918 1419,918 1509,918 1598,918 1688,912 1777,912 1867,918 1956,912 2046,906 2135,906 2225,906 2314,900 2404,900 2493,900 2583,900 2672,894 2762,900 2851,900"/>
                <TextEquiv>
                    <Unicode>wieder. Ich bin auch ein bisl nervös.</Unicode>
                </TextEquiv>
            </TextLine>
            <TextLine id="tr_1_tl_3" custom="readingOrder {index:2;}">
                <Coords points="2071,1005 2136,999 2176,1010 2197,991 2251,1007 2265,994 2307,1002 2326,989 2391,997 2393,924 2332,908 2313,924 2283,924 2259,946 2192,943 2149,919 2074,940"/>
                <Baseline points="2087,990 2129,984 2219,984 2308,978 2398,978"/>
                <TextEquiv>
                    <Unicode>miner.</Unicode>
                </TextEquiv>
            </TextLine>
            <TextLine id="tr_1_tl_4" custom="readingOrder {index:3;}">
                <Coords points="946,1074 2888,1085 3038,1061 3041,911 2678,911 2490,1005 1759,924 948,970"/>
                <Baseline points="960,1073 984,1073 1073,1073 1163,1073 1252,1073 1342,1073 1431,1067 1521,1073 1610,1067 1700,1067 1789,1067 1879,1067 1968,1061 2058,1061 2147,1061 2237,1061 2326,1061 2416,1055 2505,1055 2595,1049 2684,1049 2774,1049 2863,1049 2953,1043 3042,1055"/>
                <TextEquiv>
                    <Unicode>Mutter: Ja. Wenn ich nur nervös gewesen</Unicode>
                </TextEquiv>
            </TextLine>
            <TextLine id="tr_1_tl_5" custom="readingOrder {index:4;}">
                <Coords points="964,1246 3119,1214 2923,1074 967,1085"/>
                <Baseline points="978,1228 1067,1228 1157,1228 1246,1228 1336,1228 1425,1228 1515,1228 1604,1228 1694,1222 1783,1222 1873,1217 1962,1217 2052,1217 2141,1217 2231,1211 2320,1211 2410,1211 2499,1211 2589,1211 2678,1205 2768,1205 2857,1205 2947,1205 3036,1205 3126,1199"/>
                <TextEquiv>
                    <Unicode>wär.Na ja.-Also, da hat mir die Frau Wipp-</Unicode>
                </TextEquiv>
            </TextLine>
            <TextLine id="tr_1_tl_6" custom="readingOrder {index:5;}">
                <Coords points="964,1429 2992,1383 3033,1222 2367,1241 2254,1319 1735,1330 1504,1238 967,1276"/>
                <Baseline points="978,1378 1067,1378 1157,1378 1246,1378 1336,1378 1425,1378 1515,1378 1604,1378 1694,1372 1783,1372 1873,1372 1962,1366 2052,1366 2141,1366 2231,1366 2320,1360 2410,1360 2499,1360 2589,1360 2678,1360 2768,1360 2857,1354 2947,1354 3036,1360"/>
                <TextEquiv>
                    <Unicode>linger, der ihr Schwager dort wohnt,ein</Unicode>
                </TextEquiv>
            </TextLine>
            <TextLine id="tr_1_tl_7" custom="readingOrder {index:6;}">
                <Coords points="964,1553 3097,1510 3038,1432 2829,1456 2584,1373 2222,1469 2055,1394 1813,1477 1571,1475 1496,1402 964,1418"/>
                <Baseline points="978,1539 1043,1533 1133,1533 1222,1533 1312,1527 1401,1527 1491,1527 1580,1527 1670,1527 1759,1527 1849,1521 1938,1521 2028,1521 2117,1521 2207,1515 2296,1515 2386,1515 2475,1515 2565,1515 2654,1515 2744,1509 2833,1509 2923,1509 3012,1503 3102,1497"/>
                <TextEquiv>
                    <Unicode>paar Hotels aufgeschrieben. Beim Krebsen</Unicode>
                </TextEquiv>
            </TextLine>
            <TextLine id="tr_1_tl_8" custom="readingOrder {index:7;}">
                <Coords points="997,1631 1077,1633 1107,1614 1131,1625 1152,1617 1220,1657 1246,1633 1284,1636 1289,1545 1244,1542 1206,1561 1187,1545 1174,1553 1152,1545 1136,1558 1088,1539 1056,1558 1037,1542 1002,1545"/>
                <Baseline points="1014,1616 1026,1616 1115,1610 1205,1610 1294,1604"/>
                <TextEquiv>
                    <Unicode>kriest</Unicode>
                </TextEquiv>
            </TextLine>
            <TextLine id="tr_1_tl_9" custom="readingOrder {index:8;}">
                <Coords points="954,1722 1980,1730 2187,1668 2839,1727 3065,1671 3065,1585 1918,1622 1746,1545 1228,1652 956,1631"/>
                <Baseline points="972,1682 1014,1688 1103,1688 1193,1688 1282,1688 1372,1682 1461,1682 1551,1682 1640,1676 1730,1682 1819,1676 1909,1676 1998,1676 2087,1670 2177,1670 2266,1670 2356,1670 2445,1670 2535,1664 2624,1664 2714,1664 2803,1664 2893,1664 2982,1664 3072,1664"/>
                <TextEquiv>
                    <Unicode>soll man schon ein ganz anständiges Zim-</Unicode>
                </TextEquiv>
            </TextLine>
            <TextLine id="tr_1_tl_10" custom="readingOrder {index:9;}">
                <Coords points="956,1864 3001,1827 2896,1727 2821,1784 2654,1725 2033,1784 956,1719"/>
                <Baseline points="972,1837 1038,1837 1127,1837 1217,1837 1306,1837 1395,1831 1485,1831 1574,1831 1664,1831 1753,1831 1843,1831 1932,1837 2022,1831 2111,1825 2201,1825 2290,1825 2380,1825 2469,1825 2559,1825 2648,1825 2738,1819 2827,1819 2917,1813 3006,1813"/>
                <TextEquiv>
                    <Unicode>mer für einen Gulden zwanzig und in der</Unicode>
                </TextEquiv>
            </TextLine>
            <TextLine id="tr_1_tl_11" custom="readingOrder {index:10;}">
                <Coords points="964,2017 2966,1977 2966,1878 2665,1918 2474,1827 2297,1888 967,1870"/>
                <Baseline points="978,1992 1002,1992 1091,1992 1181,1992 1270,1992 1360,1992 1449,1986 1539,1986 1628,1986 1718,1986 1807,1986 1897,1980 1986,1980 2076,1980 2165,1980 2255,1980 2344,1980 2434,1980 2523,1980 2612,1974 2702,1974 2791,1974 2881,1968 2970,1968"/>
                <TextEquiv>
                    <Unicode>„Weintrauben“ soll“s noch billiger und</Unicode>
                </TextEquiv>
            </TextLine>
            <TextLine id="tr_1_tl_12" custom="readingOrder {index:11;}">
                <Coords points="2729,2085 2753,2095 2826,2066 2912,2076 2931,2066 2947,2074 2974,2055 3017,2063 3022,1974 2939,1982 2912,1969 2842,2001 2799,1969 2764,1988 2737,1980"/>
                <Baseline points="2744,2064 2756,2064 2845,2058 2935,2046 3024,2046"/>
                <TextEquiv>
                    <Unicode>funden</Unicode>
                </TextEquiv>
            </TextLine>
            <TextLine id="tr_1_tl_13" custom="readingOrder {index:12;}">
                <Coords points="1631,2076 1647,2076 1655,2085 1682,2085 1690,2076 1725,2068 1749,2066 1762,2076 1786,2068 1805,2071 1805,2004 1778,2004 1759,1996 1738,2009 1722,2001 1700,2017 1671,2007 1631,2009"/>
                <Baseline points="1646,2064 1736,2064 1813,2064"/>
                <TextEquiv>
                    <Unicode>sein</Unicode>
                </TextEquiv>
            </TextLine>
            <TextLine id="tr_1_tl_14" custom="readingOrder {index:13;}">
                <Coords points="956,2165 2931,2168 3027,2146 3030,2058 1502,2101 1198,2001 959,2025"/>
                <Baseline points="972,2147 978,2147 1067,2147 1157,2147 1246,2153 1336,2147 1425,2141 1515,2147 1604,2147 1694,2147 1783,2141 1873,2135 1962,2135 2052,2129 2141,2129 2231,2129 2320,2135 2410,2135 2499,2129 2589,2129 2678,2123 2768,2117 2857,2123 2947,2123 3036,2117"/>
                <TextEquiv>
                    <Unicode>auch ganz gut, Aber hoffentlich kriegen</Unicode>
                </TextEquiv>
            </TextLine>
            <TextLine id="tr_1_tl_15" custom="readingOrder {index:14;}">
                <Coords points="956,2318 2396,2324 2581,2302 2581,2144 2431,2187 956,2165"/>
                <Baseline points="972,2296 978,2302 1067,2302 1157,2302 1246,2296 1336,2296 1425,2296 1515,2296 1604,2296 1694,2296 1783,2290 1873,2290 1962,2290 2052,2290 2141,2290 2231,2290 2320,2284 2410,2290 2499,2284 2589,2284"/>
                <TextEquiv>
                    <Unicode>wir recht bald ein Privatlogis.</Unicode>
                </TextEquiv>
            </TextLine>
        </TextRegion>
        <TextRegion id="tr_2" custom="readingOrder {index:1;}">
            <Coords points="954,2384 3114,2384 3114,3857 954,3857"/>
            <TextLine id="tr_2_tl_1" custom="readingOrder {index:0;}">
                <Coords points="964,2469 2976,2490 3111,2458 3111,2283 964,2313"/>
                <Baseline points="978,2457 1055,2451 1145,2457 1234,2457 1324,2457 1413,2451 1503,2451 1592,2451 1682,2445 1771,2445 1861,2445 1950,2445 2040,2439 2129,2439 2219,2439 2308,2439 2398,2439 2487,2439 2577,2439 2666,2439 2756,2439 2845,2434 2935,2434 3024,2434 3114,2434"/>
                <TextEquiv>
                    <Unicode>Gusti: Und wenn wir schon acht Tag im Ho-</Unicode>
                </TextEquiv>
            </TextLine>
            <TextLine id="tr_2_tl_2" custom="readingOrder {index:1;}">
                <Coords points="956,2646 2971,2608 3019,2469 959,2528"/>
                <Baseline points="972,2607 1055,2607 1145,2607 1234,2607 1324,2607 1413,2607 1503,2607 1592,2601 1682,2601 1771,2601 1861,2601 1950,2601 2040,2601 2129,2595 2219,2595 2308,2595 2398,2595 2487,2595 2577,2595 2666,2595 2756,2595 2845,2589 2935,2589 3024,2583"/>
                <TextEquiv>
                    <Unicode>tel wohnen, ohne Wirtschaft, wär wirklich</Unicode>
                </TextEquiv>
            </TextLine>
            <TextLine id="tr_2_tl_3" custom="readingOrder {index:2;}">
                <Coords points="951,2775 1002,2794 1037,2767 1271,2791 1445,2775 1523,2799 1569,2772 1601,2791 1660,2772 1660,2694 1528,2708 1408,2622 1332,2614 1198,2654 1117,2630 951,2641"/>
                <Baseline points="966,2762 1055,2762 1145,2762 1234,2762 1324,2762 1413,2762 1503,2756 1592,2756 1664,2762"/>
                <TextEquiv>
                    <Unicode>kein Malheur.</Unicode>
                </TextEquiv>
            </TextLine>
            <TextLine id="tr_2_tl_4" custom="readingOrder {index:3;}">
                <Coords points="956,2941 2689,2904 2998,2974 3019,2783 2539,2718 1972,2745 1690,2861 956,2855"/>
                <Baseline points="972,2917 1055,2917 1145,2917 1234,2917 1324,2917 1413,2917 1503,2911 1592,2911 1682,2911 1771,2911 1861,2911 1950,2911 2040,2905 2129,2905 2219,2905 2308,2899 2398,2899 2487,2899 2577,2899 2666,2899 2756,2899 2845,2899 2935,2893 3024,2893"/>
                <TextEquiv>
                    <Unicode>Mutter: Du hast leicht reden.Mit peiner</Unicode>
                </TextEquiv>
            </TextLine>
            <TextLine id="tr_2_tl_5" custom="readingOrder {index:4;}">
                <Coords points="956,3078 2834,3078 2896,2968 2584,3001 2383,2912 1819,3022 1400,3022 959,2944"/>
                <Baseline points="972,3072 1020,3072 1109,3072 1199,3072 1288,3072 1378,3072 1467,3066 1557,3066 1646,3066 1736,3066 1825,3066 1914,3060 2004,3066 2093,3060 2183,3060 2272,3060 2362,3054 2451,3054 2541,3054 2630,3054 2720,3054 2809,3048 2899,3048"/>
                <TextEquiv>
                    <Unicode>Gage von achtzig Gulden. Wenn man</Unicode>
                </TextEquiv>
            </TextLine>
            <TextLine id="tr_2_tl_6" custom="readingOrder {index:5;}">
                <Coords points="951,3256 3084,3275 3087,3041 954,3078"/>
                <Baseline points="966,3227 1032,3227 1121,3227 1211,3221 1300,3221 1390,3221 1479,3221 1568,3221 1658,3215 1747,3215 1837,3221 1926,3215 2016,3215 2105,3215 2195,3215 2284,3215 2374,3215 2463,3209 2553,3209 2642,3209 2732,3209 2821,3209 2911,3209 3000,3203 3090,3203"/>
                <TextEquiv>
                    <Unicode>dir's überlassen möcht,du stiegst gleich</Unicode>
                </TextEquiv>
            </TextLine>
            <TextLine id="tr_2_tl_7" custom="readingOrder {index:6;}">
                <Coords points="1910,3291 1923,3291 1953,3318 2004,3288 2020,3301 2036,3291 2063,3304 2066,3229 1980,3229 1972,3223 1953,3232 1950,3226 1913,3221"/>
                <Baseline points="1926,3287 1980,3287 2070,3281"/>
                <TextEquiv>
                    <Unicode>me</Unicode>
                </TextEquiv>
            </TextLine>
            <TextLine id="tr_2_tl_8" custom="readingOrder {index:7;}">
                <Coords points="946,3377 3060,3363 2925,3266 2305,3250 1880,3331 1711,3256 948,3312"/>
                <Baseline points="960,3376 1008,3376 1097,3382 1187,3376 1276,3376 1366,3376 1455,3376 1545,3370 1634,3370 1724,3370 1813,3376 1903,3370 1992,3364 2082,3364 2171,3364 2260,3364 2350,3364 2439,3358 2529,3358 2618,3358 2708,3358 2797,3358 2887,3352 2976,3352 3066,3358"/>
                <TextEquiv>
                    <Unicode>in einem Hotel ab, met die Amerikaner hin</Unicode>
                </TextEquiv>
            </TextLine>
            <TextLine id="tr_2_tl_9" custom="readingOrder {index:8;}">
                <Coords points="940,3546 1512,3567 1644,3508 1843,3538 1870,3530 1878,3401 1434,3379 1045,3422 948,3377"/>
                <Baseline points="954,3537 984,3537 1073,3537 1163,3531 1252,3531 1342,3525 1431,3519 1521,3507 1610,3501 1700,3501 1789,3501 1879,3519"/>
                <TextEquiv>
                    <Unicode>kommen. 20hnen</Unicode>
                </TextEquiv>
            </TextLine>
            <TextLine id="tr_2_tl_10" custom="readingOrder {index:9;}">
                <Coords points="951,3710 2700,3704 2941,3677 2944,3549 2756,3618 2211,3559 2138,3621 1964,3551 1859,3602 1768,3543 954,3589"/>
                <Baseline points="966,3692 978,3686 1067,3686 1157,3692 1246,3692 1336,3692 1425,3686 1515,3680 1604,3680 1694,3674 1783,3674 1873,3674 1962,3674 2052,3680 2141,3674 2231,3674 2320,3674 2410,3668 2499,3668 2589,3668 2678,3668 2768,3668 2857,3662 2947,3680"/>
                <TextEquiv>
                    <Unicode>Gusti: Von denen soll’s ja wimmeln in</Unicode>
                </TextEquiv>
            </TextLine>
            <TextLine id="tr_2_tl_11" custom="readingOrder {index:10;}">
                <Coords points="954,3863 1002,3868 1018,3882 1037,3860 1074,3871 1120,3855 1160,3882 1201,3852 1249,3871 1246,3806 1195,3774 1131,3769 1101,3755 1069,3777 951,3769"/>
                <Baseline points="966,3841 1055,3847 1145,3847 1234,3847 1252,3847"/>
                <TextEquiv>
                    <Unicode>Linz.</Unicode>
                </TextEquiv>
            </TextLine>
        </TextRegion>
    </Page>
</PcGts>
