3667 4884
2845 700 3006 868 31
859 839 3081 1069 Fr.Arthaber: Sondern als Freundin. (ernst)
862 1046 3162 1193 Sogar in einem bessern Sinn als Sie in die-
873 1176 3030 1326 ser Stunde - als Sie wenigstens im ersten
865 1343 2730 1493 Augenblick werden begreifen können.
882 1433 2952 1623 Gusti: Also, das ist mir zu hoch.gnädige
876 1649 2998 1793 Frau. Ich bin nämlich eine ganz einfache
1196 1758 1643 1859 Und darin
885 1784 2995 1960 Person. Es wär vielleicht das Allerbeste,
819 1926 1260 2064 gnadtje F
871 1905 3087 2122 Sie würden mir ohne viel umschweife sagen,
865 2049 2900 2286 was Sie eigentlich von mir wollen (Dann so
2430 2176 3067 2289 in slaud his
879 2251 3174 2439 wird's sich ja zeigen,ob ich/s begreifen
882 2424 3041 2597 oder nicht. Aber sagen Sie's grad heraus,
876 2560 1597 2761 gnädige Frau.
879 2704 3076 2894 Fr.Arthaber: Sie können sich’s ja denken,
1090 2816 1980 2929 warum ich dabei (euf
882 2874 3205 3012 Fräulein Gusti, Ich möchte, dass Sie ihn frei
876 3030 1216 3220 geben.
896 3133 3168 3349 Gusti: Frei geben? Ich - ihn -  Glauben Sie
386 3133 703 3355 I don't
902 3303 3208 3468 denn wirklich, gnädige Frau – (wchau ich viel-
352 3286 724 3468 allendies ne
891 3456 2983 3667 leicht aus, als wenn ich xxx Sie
885 3612 3090 3779 wenden sich an die falsche Adresse. Wapum
2271 3733 2531 3816 ihn
885 3802 3159 3989 reden sie denn nicht mit Ihren,gnädige
