<?xml version="1.0" encoding="UTF-8" standalone="yes"?>
<PcGts xmlns="http://schema.primaresearch.org/PAGE/gts/pagecontent/2013-07-15" xmlns:xsi="http://www.w3.org/2001/XMLSchema-instance" xsi:schemaLocation="http://schema.primaresearch.org/PAGE/gts/pagecontent/2013-07-15 http://schema.primaresearch.org/PAGE/gts/pagecontent/2013-07-15/pagecontent.xsd">
    <Metadata>
        <Creator>prov=READ-COOP:name=TrHtr:version=2.1.0:model_id=51170:date=15_08_2023_01:19</Creator>
        <Created>2023-05-10T15:01:49.673+02:00</Created>
        <LastChange>2023-08-15T01:19:16.631+02:00</LastChange>
        <TranskribusMetadata docId="1428747" pageId="55428854" pageNr="37" tsid="132836174" status="IN_PROGRESS" userId="64420" imgUrl="https://files.transkribus.eu/Get?id=FFLFHMFIYOTBHJTXWYQXMJFU&amp;fileType=view" xmlUrl="https://files.transkribus.eu/Get?id=YIAVROZXIECIVWQGANRXGFRM" imageId="44702927"/>
    </Metadata>
    <Page imageFilename="1428747_0037.jpg" imageWidth="3752" imageHeight="4868">
        <ReadingOrder>
            <OrderedGroup id="ro_1711807348901" caption="Regions reading order">
                <RegionRefIndexed index="0" regionRef="tr_2"/>
                <RegionRefIndexed index="1" regionRef="tr_1"/>
            </OrderedGroup>
        </ReadingOrder>
        <TextRegion id="tr_2" custom="readingOrder {index:0;}">
            <Coords points="399,743 3287,743 3287,2235 399,2235"/>
            <TextLine id="tr_2_tl_1" custom="readingOrder {index:0;}">
                <Coords points="2931,834 2971,834 2997,825 3043,831 3051,822 3100,834 3100,708 3080,713 3054,693 3037,696 3020,682 3011,688 2994,673 2960,682 2931,676"/>
                <Baseline points="2947,799 3036,793 3108,799"/>
                <TextEquiv>
                    <Unicode>37</Unicode>
                </TextEquiv>
            </TextLine>
            <TextLine id="tr_2_tl_2" custom="readingOrder {index:1;}">
                <Coords points="897,1026 3143,1008 3149,814 900,902"/>
                <Baseline points="912,1002 1002,996 1091,990 1181,990 1270,990 1360,990 1449,990 1539,990 1628,984 1718,984 1807,984 1897,984 1986,978 2076,972 2165,972 2255,966 2344,966 2434,960 2523,960 2612,960 2702,960 2791,954 2881,954 2970,954 3060,948 3149,948"/>
                <TextEquiv>
                    <Unicode>Sie kennen ihn ja. Nie und nimmer wäre er</Unicode>
                </TextEquiv>
            </TextLine>
            <TextLine id="tr_2_tl_3" custom="readingOrder {index:2;}">
                <Coords points="920,1172 1086,1232 1381,1143 2048,1195 3152,1120 3154,991 923,1020"/>
                <Baseline points="936,1151 1008,1151 1097,1151 1187,1145 1276,1145 1366,1139 1455,1139 1545,1133 1634,1133 1724,1133 1813,1133 1903,1133 1992,1127 2082,1127 2171,1127 2260,1121 2350,1121 2439,1121 2529,1115 2618,1115 2708,1109 2797,1109 2887,1109 2976,1103 3066,1097 3155,1103"/>
                <TextEquiv>
                    <Unicode>dem Ernst der Situation gewachsen,in die er</Unicode>
                </TextEquiv>
            </TextLine>
            <TextLine id="tr_2_tl_4" custom="readingOrder {index:3;}">
                <Coords points="920,1324 3017,1315 3057,1135 1834,1198 1665,1146 1074,1238 923,1169"/>
                <Baseline points="936,1306 1002,1306 1091,1300 1181,1300 1270,1294 1360,1294 1449,1294 1539,1294 1628,1288 1718,1288 1807,1288 1897,1282 1986,1282 2076,1276 2165,1276 2255,1276 2344,1270 2434,1270 2523,1270 2612,1264 2702,1264 2791,1264 2881,1258 2970,1258 3060,1270"/>
                <TextEquiv>
                    <Unicode>sich begeben will. Er würde es natürlich</Unicode>
                </TextEquiv>
            </TextLine>
            <TextLine id="tr_2_tl_5" custom="readingOrder {index:4;}">
                <Coords points="920,1467 2730,1478 3120,1424 3123,1347 2796,1281 923,1369"/>
                <Baseline points="936,1461 978,1461 1067,1461 1157,1455 1246,1455 1336,1449 1425,1449 1515,1443 1604,1443 1694,1443 1783,1443 1873,1443 1962,1437 2052,1437 2141,1431 2231,1425 2320,1425 2410,1425 2499,1419 2589,1425 2678,1419 2768,1419 2857,1419 2947,1407 3036,1407 3126,1407"/>
                <TextEquiv>
                    <Unicode>bald selbst merken, aus falschen Stolzes es</Unicode>
                </TextEquiv>
            </TextLine>
            <TextLine id="tr_2_tl_6" custom="readingOrder {index:5;}">
                <Coords points="3011,1521 3048,1516 3068,1527 3109,1507 3129,1518 3169,1516 3194,1533 3215,1521 3243,1544 3286,1541 3269,1401 3203,1432 3172,1432 3123,1410 3106,1427 3086,1430 3063,1415 3060,1424 3040,1418 3000,1432"/>
                <Baseline points="3018,1467 3108,1479 3197,1485 3287,1503"/>
                <TextEquiv>
                    <Unicode>gurd</Unicode>
                </TextEquiv>
            </TextLine>
            <TextLine id="tr_2_tl_7" custom="readingOrder {index:6;}">
                <Coords points="925,1653 3045,1607 3146,1590 3149,1481 931,1470"/>
                <Baseline points="942,1616 1002,1610 1091,1610 1181,1610 1270,1604 1360,1598 1449,1598 1539,1598 1628,1598 1718,1592 1807,1592 1897,1592 1986,1592 2076,1592 2165,1586 2255,1586 2344,1580 2434,1580 2523,1580 2612,1574 2702,1568 2791,1568 2881,1568 2970,1563 3060,1563 3149,1574"/>
                <TextEquiv>
                    <Unicode>sich nicht eingestehen wollen,und dann kam</Unicode>
                </TextEquiv>
            </TextLine>
            <TextLine id="tr_2_tl_8" custom="readingOrder {index:7;}">
                <Coords points="1117,1696 1166,1713 1329,1679 1404,1708 1438,1679 1527,1673 1624,1682 1690,1719 1739,1682 1808,1690 1811,1607 1705,1590 1645,1633 1559,1636 1312,1610 1249,1630 1166,1604 1120,1633"/>
                <Baseline points="1133,1694 1193,1688 1282,1676 1372,1676 1461,1670 1551,1676 1640,1676 1730,1676 1819,1670"/>
                <TextEquiv>
                    <Unicode>Abétais</Unicode>
                </TextEquiv>
            </TextLine>
            <TextLine id="tr_2_tl_9" custom="readingOrder {index:8;}">
                <Coords points="1696,1808 1811,1828 1991,1753 2243,1805 2349,1739 2547,1730 3120,1759 3126,1602 2258,1596 2157,1667 1699,1693"/>
                <Baseline points="1712,1765 1789,1765 1883,1761 1883,1761 1968,1741 2058,1736 2147,1741 2237,1741 2326,1741 2416,1736 2505,1730 2595,1730 2684,1730 2774,1724 2863,1724 2953,1718 3042,1724 3131,1724"/>
                <TextEquiv>
                    <Unicode>immer als wir es heute uns</Unicode>
                </TextEquiv>
            </TextLine>
            <TextLine id="tr_2_tl_10" custom="readingOrder {index:9;}">
                <Coords points="381,1811 473,1831 547,1793 599,1785 607,1796 711,1799 745,1785 756,1708 731,1696 650,1699 639,1687 619,1699 553,1685 519,1650 478,1650 461,1665 453,1653 404,1650"/>
                <Baseline points="399,1801 489,1783 578,1771 668,1759 757,1753"/>
                <TextEquiv>
                    <Unicode>gelden</Unicode>
                </TextEquiv>
            </TextLine>
            <TextLine id="tr_2_tl_11" custom="readingOrder {index:10;}">
                <Coords points="931,1782 1192,1785 1306,1756 1324,1771 1453,1771 1453,1702 1352,1702 1326,1679 1295,1702 1243,1690 1129,1708 1037,1647 931,1659"/>
                <Baseline points="948,1765 1014,1765 1103,1759 1193,1759 1282,1759 1372,1753 1461,1765"/>
                <TextEquiv>
                    <Unicode>es sehlimmä</Unicode>
                </TextEquiv>
            </TextLine>
            <TextLine id="tr_2_tl_12" custom="readingOrder {index:11;}">
                <Coords points="1117,1834 1169,1822 1232,1836 1286,1819 1332,1834 1461,1811 1541,1834 1576,1799 1602,1805 1604,1776 1564,1759 1536,1782 1521,1765 1473,1779 1349,1759 1229,1765 1189,1788 1120,1773"/>
                <Baseline points="1133,1819 1187,1819 1276,1813 1366,1807 1459,1799 1459,1799 1521,1813 1612,1787"/>
                <TextEquiv>
                    <Unicode>schlieneu,</Unicode>
                </TextEquiv>
            </TextLine>
            <TextLine id="tr_2_tl_13" custom="readingOrder {index:12;}">
                <Coords points="407,1911 510,1928 530,1911 633,1894 670,1905 690,1888 748,1897 771,1879 839,1888 848,1811 725,1785 653,1802 607,1836 527,1834 513,1816 476,1831 415,1825"/>
                <Baseline points="423,1909 489,1903 578,1897 668,1879 757,1873 847,1867"/>
                <TextEquiv>
                    <Unicode>noter ciuehi</Unicode>
                </TextEquiv>
            </TextLine>
            <TextLine id="tr_2_tl_14" custom="readingOrder {index:13;}">
                <Coords points="937,1928 2266,1922 2404,1908 2407,1791 1931,1782 1536,1845 940,1819"/>
                <Baseline points="954,1914 978,1914 1067,1914 1157,1914 1246,1914 1336,1909 1425,1909 1515,1903 1604,1903 1694,1903 1783,1903 1873,1897 1962,1897 2052,1897 2141,1891 2231,1891 2320,1885 2410,1891"/>
                <TextEquiv>
                    <Unicode>überhaupt vorstellen können.</Unicode>
                </TextEquiv>
            </TextLine>
            <TextLine id="tr_2_tl_15" custom="readingOrder {index:14;}">
                <Coords points="407,2046 458,2066 478,2048 519,2069 622,2028 711,2063 765,2060 768,1905 690,1920 653,1902 633,1914 616,1897 553,1925 530,1914 501,1931 487,1914 467,1917 410,1948"/>
                <Baseline points="423,2016 507,2004 596,2004 686,2004 775,2004"/>
                <TextEquiv>
                    <Unicode>the Brief.</Unicode>
                </TextEquiv>
            </TextLine>
            <TextLine id="tr_2_tl_16" custom="readingOrder {index:15;}">
                <Coords points="937,2080 2455,2077 2556,2051 2561,1905 940,1951"/>
                <Baseline points="954,2064 1043,2070 1133,2070 1222,2070 1312,2064 1401,2064 1491,2058 1580,2058 1670,2052 1759,2052 1849,2046 1938,2046 2028,2040 2117,2040 2207,2040 2296,2040 2386,2040 2475,2034 2565,2040"/>
                <TextEquiv>
                    <Unicode>Gusti: Aber wie soll ich denn -</Unicode>
                </TextEquiv>
            </TextLine>
            <TextLine id="tr_2_tl_17" custom="readingOrder {index:16;}">
                <Coords points="928,2289 3091,2235 3091,2143 2882,2060 931,2154"/>
                <Baseline points="948,2219 1038,2225 1127,2219 1217,2219 1306,2219 1395,2213 1485,2207 1574,2213 1664,2207 1753,2207 1843,2207 1932,2201 2022,2201 2111,2195 2201,2195 2290,2189 2380,2189 2469,2189 2559,2183 2648,2183 2738,2183 2827,2177 2917,2177 3006,2177 3096,2177"/>
                <TextEquiv>
                    <Unicode>Fr.Arthaber: Das werden sie gleich hören.</Unicode>
                </TextEquiv>
            </TextLine>
        </TextRegion>
        <TextRegion id="tr_1" custom="readingOrder {index:1;}">
            <Coords points="930,2276 3239,2276 3239,3935 930,3935"/>
            <TextLine id="tr_1_tl_1" custom="readingOrder {index:0;}">
                <Coords points="931,2407 1997,2421 2407,2346 3097,2407 3146,2232 934,2292"/>
                <Baseline points="948,2380 1002,2374 1091,2374 1181,2374 1270,2368 1360,2368 1449,2368 1539,2362 1628,2362 1718,2362 1807,2356 1897,2356 1986,2350 2076,2350 2165,2344 2255,2344 2344,2344 2434,2344 2523,2338 2612,2338 2702,2332 2791,2332 2881,2326 2970,2326 3060,2326 3149,2326"/>
                <TextEquiv>
                    <Unicode>Es muss Ihnen nur vorerst über allen Zwei-</Unicode>
                </TextEquiv>
            </TextLine>
            <TextLine id="tr_1_tl_2" custom="readingOrder {index:1;}">
                <Coords points="928,2573 2862,2530 2994,2487 2997,2387 934,2409"/>
                <Baseline points="948,2529 1032,2529 1121,2523 1211,2523 1300,2523 1390,2517 1479,2517 1568,2517 1658,2511 1747,2511 1837,2511 1926,2505 2016,2505 2105,2505 2195,2505 2284,2499 2374,2493 2463,2493 2553,2487 2642,2487 2732,2487 2821,2481 2911,2475 3000,2481"/>
                <TextEquiv>
                    <Unicode>fel klar sein,dass diese Flucht aus dem</Unicode>
                </TextEquiv>
            </TextLine>
            <TextLine id="tr_1_tl_3" custom="readingOrder {index:2;}">
                <Coords points="920,2705 2985,2687 3117,2667 3120,2558 2235,2504 923,2607"/>
                <Baseline points="936,2684 978,2684 1067,2684 1157,2678 1246,2678 1336,2678 1425,2672 1515,2666 1604,2666 1694,2666 1783,2660 1873,2660 1962,2654 2052,2654 2141,2660 2231,2654 2320,2648 2410,2648 2499,2642 2589,2642 2678,2636 2768,2636 2857,2636 2947,2636 3036,2630 3126,2630"/>
                <TextEquiv>
                    <Unicode>Elternhause nur die kläglichsteh,oder gar</Unicode>
                </TextEquiv>
            </TextLine>
            <TextLine id="tr_1_tl_4" custom="readingOrder {index:3;}">
                <Coords points="925,2856 2673,2808 2788,2879 3014,2831 3017,2685 928,2713"/>
                <Baseline points="942,2833 966,2827 1055,2827 1145,2833 1234,2827 1324,2827 1413,2821 1503,2821 1592,2821 1682,2821 1771,2815 1861,2815 1950,2809 2040,2809 2129,2809 2219,2803 2308,2797 2398,2797 2487,2797 2577,2791 2666,2791 2756,2791 2845,2785 2935,2785 3024,2791"/>
                <TextEquiv>
                    <Unicode>die schrecklichsten Folgen für ihn nach</Unicode>
                </TextEquiv>
            </TextLine>
            <TextLine id="tr_1_tl_5" custom="readingOrder {index:4;}">
                <Coords points="920,2988 3183,2974 3203,2865 923,2902"/>
                <Baseline points="936,2988 972,2988 1061,2982 1151,2982 1240,2982 1330,2976 1419,2970 1509,2970 1598,2970 1688,2970 1777,2964 1867,2964 1956,2964 2046,2958 2135,2953 2225,2953 2314,2947 2404,2947 2493,2941 2583,2941 2672,2941 2762,2941 2851,2941 2941,2935 3030,2935 3120,2935 3209,2935"/>
                <TextEquiv>
                    <Unicode>sich ziehen würde. Und nicht für ihn allein.</Unicode>
                </TextEquiv>
            </TextLine>
            <TextLine id="tr_1_tl_6" custom="readingOrder {index:5;}">
                <Coords points="931,3169 3152,3100 3154,2968 2960,2951 2424,3025 937,2994"/>
                <Baseline points="948,3137 1008,3137 1097,3137 1187,3137 1276,3131 1366,3126 1455,3131 1545,3126 1634,3126 1724,3126 1813,3126 1903,3126 1992,3114 2082,3114 2171,3108 2260,3108 2350,3102 2439,3102 2529,3096 2618,3096 2708,3096 2797,3096 2887,3096 2976,3090 3066,3096 3155,3090"/>
                <TextEquiv>
                    <Unicode>Ich will Ihnen ja jetzt nicht vorspiegeln,</Unicode>
                </TextEquiv>
            </TextLine>
            <TextLine id="tr_1_tl_7" custom="readingOrder {index:6;}">
                <Coords points="937,3306 2942,3306 3011,3298 3014,3134 940,3192"/>
                <Baseline points="954,3287 960,3287 1049,3287 1139,3287 1228,3287 1318,3281 1407,3281 1497,3281 1586,3281 1676,3275 1765,3275 1855,3269 1944,3269 2034,3263 2123,3263 2213,3263 2302,3257 2392,3251 2481,3251 2571,3251 2660,3251 2750,3245 2839,3245 2929,3245 3018,3251"/>
                <TextEquiv>
                    <Unicode>mein liebes Kind, dass mir Ihr schicksal</Unicode>
                </TextEquiv>
            </TextLine>
            <TextLine id="tr_1_tl_8" custom="readingOrder {index:7;}">
                <Coords points="928,3507 3235,3432 3237,3300 3057,3289 1834,3355 934,3303"/>
                <Baseline points="948,3460 1002,3448 1091,3442 1181,3442 1270,3436 1360,3436 1449,3430 1539,3430 1628,3430 1718,3424 1807,3424 1897,3424 1986,3418 2076,3418 2165,3418 2255,3412 2344,3412 2434,3406 2523,3406 2612,3406 2702,3406 2791,3400 2881,3400 2970,3394 3060,3394 3149,3388 3239,3388"/>
                <TextEquiv>
                    <Unicode>geradeso am Herzen liegt,wie das seine. Aber</Unicode>
                </TextEquiv>
            </TextLine>
            <TextLine id="tr_1_tl_9" custom="readingOrder {index:8;}">
                <Coords points="945,3613 3229,3576 3235,3429 948,3498"/>
                <Baseline points="960,3603 1002,3597 1091,3591 1181,3585 1270,3585 1360,3591 1449,3585 1539,3585 1628,3579 1718,3585 1807,3579 1897,3573 1986,3567 2076,3567 2165,3561 2255,3561 2344,3555 2434,3555 2523,3549 2612,3549 2702,3549 2791,3543 2881,3543 2970,3543 3060,3543 3149,3537 3239,3531"/>
                <TextEquiv>
                    <Unicode>Sie sind mir sympathisch, Nicht nur, weil Sie</Unicode>
                </TextEquiv>
            </TextLine>
            <TextLine id="tr_1_tl_10" custom="readingOrder {index:9;}">
                <Coords points="1593,3656 3174,3644 3206,3555 2369,3558 1836,3624 1593,3590"/>
                <Baseline points="1610,3656 1688,3656 1777,3645 1867,3651 1956,3645 2046,3633 2135,3627 2225,3621 2314,3621 2404,3621 2493,3615 2583,3615 2672,3609 2762,3609 2851,3609 2941,3609 3030,3609 3120,3609 3209,3615"/>
                <TextEquiv>
                    <Unicode>sem. ja ist hie überzeugt - sein beste</Unicode>
                </TextEquiv>
            </TextLine>
            <TextLine id="tr_1_tl_11" custom="readingOrder {index:10;}">
                <Coords points="954,3690 1023,3682 1057,3699 1083,3682 1123,3699 1286,3676 1352,3693 1384,3670 1461,3676 1461,3596 1415,3593 1390,3616 1347,3601 1306,3627 1243,3621 1215,3598 1169,3624 1135,3593 991,3621 957,3610"/>
                <Baseline points="972,3674 1020,3674 1109,3674 1199,3668 1288,3668 1378,3668 1467,3662"/>
                <TextEquiv>
                    <Unicode>meinem Soh</Unicode>
                </TextEquiv>
            </TextLine>
            <TextLine id="tr_1_tl_12" custom="readingOrder {index:11;}">
                <Coords points="957,3759 2143,3799 2965,3707 3114,3770 3152,3633 1776,3687 1501,3610 1355,3693 960,3696"/>
                <Baseline points="972,3746 1008,3746 1097,3746 1187,3746 1276,3740 1366,3740 1455,3740 1545,3734 1634,3728 1724,3734 1813,3734 1903,3728 1992,3722 2082,3722 2171,3722 2260,3722 2350,3716 2439,3716 2529,3716 2618,3710 2708,3704 2797,3704 2887,3698 2976,3698 3066,3698 3155,3704"/>
                <TextEquiv>
                    <Unicode>ein Jugendglück gegeben haben,</Unicode>
                </TextEquiv>
            </TextLine>
            <TextLine id="tr_1_tl_13" custom="readingOrder {index:12;}">
                <Coords points="914,3977 2756,3885 3129,3954 3169,3765 917,3825"/>
                <Baseline points="930,3925 936,3925 1026,3919 1115,3919 1205,3919 1294,3913 1384,3907 1473,3907 1563,3907 1652,3907 1741,3907 1831,3901 1920,3895 2010,3895 2099,3889 2189,3889 2278,3889 2368,3895 2457,3895 2547,3889 2636,3889 2726,3883 2815,3883 2905,3877 2994,3877 3084,3877 3173,3871"/>
                <TextEquiv>
                    <Unicode>das er nie vergessen wird, sondern einfach</Unicode>
                </TextEquiv>
            </TextLine>
        </TextRegion>
    </Page>
</PcGts>
