3643 4868
2712 769 2893 928 18
802 878 1458 1125 er gewartet.
796 1038 3003 1265 Franz: War das bevor du ihn kennen gelernt
802 1246 1834 1433 hast? Oder nachher?
815 1405 2816 1598 Gusti: Meinerseel, das weiss ich nicht.
796 1562 2877 1699 Ueberhaupt - kennen geleent! Einmal hab
802 1705 2830 1886 ich ihn g'sprochen oder zweimal, wie er
807 1850 2786 2048 die Erika vom Konservatorium abgeholt
807 2015 1040 2193 hat.
813 2119 2874 2372 Franz: Da ist ist aber dann mit Euch gegan-
826 2352 1068 2512 gen?
826 2421 2775 2635 Gusti: Ich hab's dir doch erzählt.Was
813 2608 2948 2811 hast du denn? Bist du vielleicht auf den
815 2786 1529 2965 eifersüchtig?
818 2923 2756 3132 Franz: Ich weiss nicht, die Erika und
815 3074 2778 3253 der Prinz - es ist halt keine Gesell-
804 3250 1688 3429 schaft für dich.
824 3368 2956 3588 Gusti: Sie ist ganz ein nettes einfaches
815 3568 2976 3741 Mädel. Dass er ein Prinz ist,ist der rei-
826 3725 2871 3906 ne Zufall.Wenn er ein Student wär,hätt
