3752 4868
2959 643 3140 836 35
919 807 2215 1011 Brief? Wiese haben Sie
919 982 3180 1140 Fr.Arthaber: Einer meiner Schlüssel öffnet
916 1103 3163 1307 auch seinen Schreibtisch.Das weiss ich na-
925 1255 3232 1448 türlich erst seit heute morgen. Im Allgemei-
1810 1408 3232 1583 che zu meinen Gewohnheiten,
939 1419 1341 1611 nen gehö
2241 1554 2723 1683 war es wich
931 1574 3206 1824 Custi: Es war nicht Recht, was Sie getan ha-
925 1752 1838 1925 ben,gnädige Frau.
919 1890 3097 2045 Fr.Arthaber: Gewiss nicht. Aber trotzdem,
925 2025 3010 2220 Fräulein Custi,ich bereue es nicht, dass
939 2223 3165 2373 ich'sgetan habe. Ja, ich wäreschantsskks
925 2364 3223 2531 imstande gewesen die Lade zu erbrechen,wenn
939 2496 2422 2697 kein Schlüssel gepasst hätte
2192 2594 2617 2737 präfli
925 2654 3131 2850 Gusti: Auch nicht sehr gescheidt war, es -
934 2795 3165 2985 Sie verzeihen schon - gnädige Frau. Er ist
1149 2944 1574 3065 emppudled
916 2953 2669 3148 sehr stolz. Wenn er drauf kommt -
925 3071 3122 3280 Fr.Arthaber: Das wird er nicht. Der Brief
1448 3249 2287 3364 an rememalter that
945 3255 3143 3433 ist wieder xxxwar. Er war ja noch nicht
945 3441 3229 3573 verschlossen, noch nicht einmal beendet. Und
2298 3553 2513 3651 ever
1385 3562 1861 3677 ; aussi not
931 3550 3065 3746 er soll ihn  nicht beenden, nie! Darum bin
919 3726 3223 3961 ich hier. Zwischen Ihnen und mir muss diese
