3736 4900
959 791 2640 967 Franz: Träum ich oder wach ich?
2813 780 3135 956 Tufft —
959 953 2970 1126 Gusti: Der Traum ist vorbei. (Ah,es ist
956 1126 2827 1272 doch gut, dass ich dir's sagen kann.-
975 1209 2824 1382 Schreiben hätt sich nicht lassen.
978 1396 3055 1561 Franz: Was denn, was denn? Wie siehst du
956 1514 3047 1692 mich denn an? Was ist denn das für ein
962 1681 3039 1912 Blick?) (Ich kenn dich ja gar nicht mehr.)
970 1863 2558 2033 Du bist ja - komm doch zu dir.
986 2022 1877 2173 Gusti: Ich bin’s.
953 2173 2976 2366 Franz: Was hätte sich nicht schreiben
495 2256 931 2475 Travs Vorbe
992 2330 3094 2486 lassen? Was has.t du mir denn noch zu sa-
1256 2443 1514 2533 Allerle
423 2434 852 2621 We prit
992 2426 3058 2662 gen? Dass es aus ist, ist das noch nicht
423 2618 659 2769 no
992 2646 1349 2819 genug?
981 2731 3127 2934 Gusti: Es könnte wohl genug sein. Aber -)
984 2934 3198 3118 Mir ist, als glaubtest du mir's nicht recht.
986 3044 3074 3228 Franz: Ich glaub’s auch wirklich nicht.
975 3201 3094 3371 Es kann ja nicht aus sein. Was zwischen
973 3368 3011 3583 uns war, Gusti, das kann ja nie aus wer-
986 3553 2399 3734 den. Besinn dich doch nur.
984 3701 3132 3857 Gusti: Das mag schon stimmen. Was einmal
