3651 4868
774 763 2906 957 ja keine Philister. Es verkehren doch so
797 886 2979 1102 viel Künstler bei uns im Haus. Und dann -
771 1041 2948 1282 meine Mutter ist ja selber Sängerin gewe-
777 1240 2912 1386 sen. Sie war doch sogar hier in der Oper
788 1402 1344 1579 angagiert.
224 1512 603 1694 F. E. he
785 1526 2827 1731 Gusti: Das is gar nimmer wahr. Das war
278 1661 631 1792 for his
799 1719 3049 1874 doch lang eh sie geheiratet hat.An die Zeit
283 1756 682 1899 in der Ope
839 1840 1021 1947 6,3
783 1818 2909 2014 hat sie doch selbst schon längst verges-
802 2031 2836 2194 sen. Wenn du glaubst,dass sie deswegen
808 2222 1130 2334 eher -
802 2255 2884 2471 Franz: Nicht gerade deswegen - aber, ich
799 2516 1574 2637 kenn sie doch.
819 2544 3007 2791 Gusti: Weisst du,was geschehen wird? Nach
957 2760 1201 2861 ately
813 2780 2785 2940 reisen werden sie dir. Plötzlich wird
813 2900 2788 3111 dein Herr Papa dastehen. Es wird einen
802 3077 1826 3254 Mordsskandal geben.
797 3262 2956 3397 Franz: Also also, das wird keineswegs der
808 3327 3066 3546 Fall sein. Darauf kannst du dich verlassen.
794 3534 2836 3773 Gusti: Na weiset du wie ich mir deinen
825 3731 1579 3916 Vater vorstell
816 3846 2844 4070 Franz. Aber ich sag dir ja schon.Meine
830 4003 1534 4205 Mutterwird
