3752 4868
289 528 721 724 23./10.1912
914 806 2375 1005 Mutter wird's ihm erklären.
974 939 3185 1228 Gusti: Sie doch sicher jetzt schon
1566 1129 1863 1291 adiren
944 1222 1222 1340 was.
994 1247 3157 1470 Franz: Gott, dass ich irgendwie verbandelt
2502 1382 3223 1533 wahrschewilich
1742 1431 2040 1539 werde.
556 1343 727 1618 Aug
991 1497 2948 1624 bin, das-, das können sie sich natürlich
2786 1563 2984 1685 ter
991 1624 3185 1778 denken.die Mutter mein ich sein Vater
994 1773 3168 1946 weiss absolut nichts,ganz ausgeschlossen.
994 1913 3006 2089 Gusti: Und warum glaubst du,dass deine
988 2141 1418 2252 Mutter -
996 2136 3069 2450 Franz: Das spürt man so. Weisst du,wenn
1010 2345 3083 2560 ich nachhaus komm oder bei Tisch wie
994 2519 3174 2695 sie mich anschaut, das gewisse Lächeln und
1005 2631 3193 2871 wie sie mir manchmal übers Haar streicht,
969 2846 3171 3006 die ahnt sicher was. Aber natürlich nicht
996 3047 2981 3171 das Richtige. Ich meine, dass es so was
1005 3080 3058 3306 Ernstes ist, etwas fürs Leben. (er nimmt
1010 3270 3165 3540 ihre Hände) Das kann sie selbstverständ -
999 3509 3083 3617 lich nicht ahnen. Woher auch. Einem jun¬
999 3570 3212 3848 gen Menschen von einundzwanzig traut mans
1016 3820 3152 3961 doch nicht zu, dass er sowas ernst nimmt.
