<?xml version="1.0" encoding="UTF-8" standalone="yes"?>
<PcGts xmlns="http://schema.primaresearch.org/PAGE/gts/pagecontent/2013-07-15" xmlns:xsi="http://www.w3.org/2001/XMLSchema-instance" xsi:schemaLocation="http://schema.primaresearch.org/PAGE/gts/pagecontent/2013-07-15 http://schema.primaresearch.org/PAGE/gts/pagecontent/2013-07-15/pagecontent.xsd">
    <Metadata>
        <Creator>prov=READ-COOP:name=TrHtr:version=2.1.0:model_id=51170:date=15_08_2023_01:19</Creator>
        <Created>2023-05-10T15:01:45.612+02:00</Created>
        <LastChange>2023-08-15T01:19:04.678+02:00</LastChange>
        <TranskribusMetadata docId="1428747" pageId="55428645" pageNr="7" tsid="132836144" status="IN_PROGRESS" userId="64420" imgUrl="https://files.transkribus.eu/Get?id=FRDMVHUFUCYXUYNBSDLOZOCO&amp;fileType=view" xmlUrl="https://files.transkribus.eu/Get?id=ZPUSVYGCBFPISJQSBIUDXTGV" imageId="44702718"/>
    </Metadata>
    <Page imageFilename="1428747_0007.jpg" imageWidth="3651" imageHeight="4868">
        <ReadingOrder>
            <OrderedGroup id="ro_1711807264955" caption="Regions reading order">
                <RegionRefIndexed index="0" regionRef="tr_2"/>
                <RegionRefIndexed index="1" regionRef="tr_1"/>
            </OrderedGroup>
        </ReadingOrder>
        <TextRegion id="tr_2" custom="readingOrder {index:0;}">
            <Coords points="882,755 3131,755 3131,1698 882,1698"/>
            <TextLine id="tr_2_tl_1" custom="readingOrder {index:0;}">
                <Coords points="1158,862 1197,848 1228,817 1382,817 1441,794 1497,828 1497,722 1460,730 1424,699 1402,699 1379,719 1320,702 1284,727 1262,722 1220,741 1161,727"/>
                <Baseline points="1175,817 1234,811 1324,805 1413,811 1503,805"/>
                <TextEquiv>
                    <Unicode>lacht)</Unicode>
                </TextEquiv>
            </TextLine>
            <TextLine id="tr_2_tl_2" custom="readingOrder {index:1;}">
                <Coords points="887,996 1206,971 1312,926 1371,948 1474,906 1589,951 1860,915 1863,828 1589,834 1441,794 1225,820 1172,862 1130,817 968,864 892,845"/>
                <Baseline points="906,924 972,924 1061,918 1151,918 1240,918 1330,906 1419,906 1509,900 1598,900 1688,894 1777,894 1867,888"/>
                <TextEquiv>
                    <Unicode>Gusti: Aber Franz!</Unicode>
                </TextEquiv>
            </TextLine>
            <TextLine id="tr_2_tl_3" custom="readingOrder {index:2;}">
                <Coords points="867,1091 2949,1035 2971,853 2728,923 1785,912 1623,993 870,982"/>
                <Baseline points="882,1079 912,1073 1002,1073 1091,1073 1181,1073 1270,1067 1360,1061 1449,1055 1539,1055 1628,1055 1718,1049 1807,1049 1897,1049 1986,1043 2076,1038 2165,1038 2255,1038 2344,1032 2434,1026 2523,1026 2612,1020 2702,1020 2791,1014 2881,1014 2970,1020"/>
                <TextEquiv>
                    <Unicode>Franz: Und wenn ich nicht gleich welche</Unicode>
                </TextEquiv>
            </TextLine>
            <TextLine id="tr_2_tl_4" custom="readingOrder {index:3;}">
                <Coords points="2126,1144 2190,1136 2213,1147 2283,1116 2322,1141 2381,1113 2392,1119 2411,1102 2428,1105 2434,1055 2330,1052 2297,1069 2258,1052 2188,1080 2151,1046 2134,1046"/>
                <Baseline points="2141,1127 2165,1127 2255,1121 2344,1109 2434,1097"/>
                <TextEquiv>
                    <Unicode>lasser</Unicode>
                </TextEquiv>
            </TextLine>
            <TextLine id="tr_2_tl_5" custom="readingOrder {index:4;}">
                <Coords points="876,1248 3077,1220 3125,1141 2951,1063 2157,1150 2028,1088 881,1141"/>
                <Baseline points="894,1228 984,1228 1073,1228 1163,1228 1252,1222 1342,1222 1431,1217 1521,1217 1610,1211 1700,1205 1789,1205 1879,1199 1968,1199 2058,1193 2147,1187 2237,1187 2326,1187 2416,1187 2505,1181 2595,1175 2684,1175 2774,1175 2863,1175 2953,1169 3042,1169 3131,1175"/>
                <TextEquiv>
                    <Unicode>krieg,so ganz im Stich werden sie mich ja</Unicode>
                </TextEquiv>
            </TextLine>
            <TextLine id="tr_2_tl_6" custom="readingOrder {index:5;}">
                <Coords points="881,1410 1038,1460 1726,1374 1852,1455 2316,1343 2999,1368 3105,1337 3111,1234 2635,1273 2409,1197 1978,1292 884,1304"/>
                <Baseline points="900,1384 966,1378 1055,1384 1145,1378 1234,1378 1324,1372 1413,1372 1503,1366 1592,1360 1682,1360 1771,1360 1861,1360 1950,1354 2040,1348 2129,1348 2219,1342 2308,1342 2398,1342 2487,1336 2577,1336 2666,1330 2756,1324 2845,1324 2935,1318 3024,1318 3114,1318"/>
                <TextEquiv>
                    <Unicode>nicht lassen von zuhaus. Die Mutter gewiss</Unicode>
                </TextEquiv>
            </TextLine>
            <TextLine id="tr_2_tl_7" custom="readingOrder {index:6;}">
                <Coords points="878,1564 2946,1522 2985,1413 881,1444"/>
                <Baseline points="894,1539 930,1533 1020,1533 1109,1533 1199,1533 1288,1527 1378,1527 1467,1521 1557,1515 1646,1515 1736,1515 1825,1515 1914,1509 2004,1509 2093,1503 2183,1497 2272,1497 2362,1491 2451,1491 2541,1485 2630,1485 2720,1485 2809,1479 2899,1473 2988,1479"/>
                <TextEquiv>
                    <Unicode>nicht. Also, dass du mich etwa von deiner</Unicode>
                </TextEquiv>
            </TextLine>
            <TextLine id="tr_2_tl_8" custom="readingOrder {index:7;}">
                <Coords points="876,1746 2921,1673 2926,1547 881,1617"/>
                <Baseline points="894,1688 960,1688 1049,1688 1139,1688 1228,1682 1318,1682 1407,1682 1497,1676 1586,1670 1676,1664 1765,1664 1855,1664 1944,1658 2034,1658 2123,1652 2213,1652 2302,1652 2392,1646 2481,1646 2571,1640 2660,1640 2750,1634 2839,1634 2929,1640"/>
                <TextEquiv>
                    <Unicode>Gage unterstützen müsstest,da brauchst</Unicode>
                </TextEquiv>
            </TextLine>
        </TextRegion>
        <TextRegion id="tr_1" custom="readingOrder {index:1;}">
            <Coords points="900,1757 3287,1757 3287,4012 900,4012"/>
            <TextLine id="tr_1_tl_1" custom="readingOrder {index:0;}">
                <Coords points="884,1858 2171,1841 2171,1768 1936,1720 1485,1732 1343,1790 1220,1729 887,1746"/>
                <Baseline points="900,1837 924,1837 1014,1843 1103,1837 1193,1837 1282,1837 1372,1831 1461,1831 1551,1825 1640,1819 1730,1819 1819,1819 1909,1819 1998,1813 2087,1807 2177,1807"/>
                <TextEquiv>
                    <Unicode>du keine Angst zu haben.</Unicode>
                </TextEquiv>
            </TextLine>
            <TextLine id="tr_1_tl_2" custom="readingOrder {index:1;}">
                <Coords points="895,2070 1485,1983 2923,1995 2968,1880 1360,1844 901,1913"/>
                <Baseline points="912,1998 918,1998 1008,1998 1097,1992 1187,1986 1276,1986 1366,1980 1455,1980 1545,1980 1634,1974 1724,1968 1813,1968 1903,1968 1992,1962 2082,1962 2171,1956 2260,1956 2350,1950 2439,1950 2529,1944 2618,1944 2708,1944 2797,1938 2887,1938 2976,1950"/>
                <TextEquiv>
                    <Unicode>Gusti: und du bildest dir wirklich ein,</Unicode>
                </TextEquiv>
            </TextLine>
            <TextLine id="tr_1_tl_3" custom="readingOrder {index:2;}">
                <Coords points="898,2174 3100,2129 3102,2045 2739,1992 901,2079"/>
                <Baseline points="912,2153 960,2147 1049,2141 1139,2141 1228,2141 1318,2135 1407,2135 1497,2135 1586,2129 1676,2129 1765,2117 1855,2117 1944,2117 2034,2117 2123,2117 2213,2105 2302,2105 2392,2099 2481,2105 2571,2099 2660,2093 2750,2093 2839,2099 2929,2099 3018,2087 3108,2087"/>
                <TextEquiv>
                    <Unicode>dass deine Mutter Franz, überleg dir’s gut.</Unicode>
                </TextEquiv>
            </TextLine>
            <TextLine id="tr_1_tl_4" custom="readingOrder {index:3;}">
                <Coords points="1673,2199 3259,2193 3279,2062 3010,2132 1673,2134"/>
                <Baseline points="1688,2195 1765,2183 1855,2183 1944,2183 2034,2177 2123,2171 2213,2165 2302,2165 2392,2159 2481,2159 2571,2153 2660,2153 2750,2153 2839,2159 2929,2159 3018,2159 3108,2159 3197,2165 3287,2171"/>
                <TextEquiv>
                    <Unicode>Ich kan deit dort wicht allen lassen.</Unicode>
                </TextEquiv>
            </TextLine>
            <TextLine id="tr_1_tl_5" custom="readingOrder {index:4;}">
                <Coords points="898,2328 2725,2311 3066,2260 3069,2174 901,2196"/>
                <Baseline points="912,2302 924,2302 1014,2302 1103,2302 1193,2302 1282,2296 1372,2290 1461,2290 1551,2284 1640,2278 1730,2278 1819,2278 1909,2272 1998,2272 2087,2266 2177,2266 2266,2266 2356,2266 2445,2260 2535,2260 2624,2255 2714,2255 2803,2249 2893,2249 2982,2243 3072,2243"/>
                <TextEquiv>
                    <Unicode>Franz: Es ist schon überlegt. Ich kann eh-</Unicode>
                </TextEquiv>
            </TextLine>
            <TextLine id="tr_1_tl_6" custom="readingOrder {index:5;}">
                <Coords points="1497,2434 1511,2437 1561,2392 1614,2369 1631,2369 1642,2383 1732,2367 1768,2375 1774,2325 1723,2328 1701,2316 1670,2325 1651,2311 1637,2314 1617,2294 1525,2328 1505,2316"/>
                <Baseline points="1515,2374 1598,2362 1688,2356 1777,2356"/>
                <TextEquiv>
                    <Unicode>aller</Unicode>
                </TextEquiv>
            </TextLine>
            <TextLine id="tr_1_tl_7" custom="readingOrder {index:6;}">
                <Coords points="895,2512 2814,2451 2915,2420 2918,2322 2328,2364 2207,2308 1544,2403 1337,2333 901,2347"/>
                <Baseline points="912,2463 954,2457 1043,2457 1133,2451 1222,2451 1312,2451 1401,2445 1491,2445 1580,2439 1670,2439 1759,2434 1849,2434 1938,2428 2028,2422 2117,2422 2207,2422 2296,2416 2386,2416 2475,2410 2565,2410 2654,2404 2744,2404 2833,2404 2923,2410"/>
                <TextEquiv>
                    <Unicode>solut nicht/hier bleiben,wenn du fort-</Unicode>
                </TextEquiv>
            </TextLine>
            <TextLine id="tr_1_tl_8" custom="readingOrder {index:7;}">
                <Coords points="2260,2532 2283,2535 2353,2498 2378,2509 2403,2495 2420,2509 2445,2495 2535,2501 2557,2515 2576,2501 2616,2509 2618,2439 2585,2431 2560,2445 2518,2428 2481,2453 2386,2420 2336,2459 2266,2451"/>
                <Baseline points="2278,2499 2356,2493 2445,2493 2535,2487 2624,2481"/>
                <TextEquiv>
                    <Unicode>absoler</Unicode>
                </TextEquiv>
            </TextLine>
            <TextLine id="tr_1_tl_9" custom="readingOrder {index:8;}">
                <Coords points="901,2635 2000,2585 2179,2646 2873,2568 3021,2621 3024,2509 906,2523"/>
                <Baseline points="918,2618 972,2612 1061,2607 1151,2607 1240,2607 1330,2601 1419,2601 1509,2595 1598,2595 1688,2589 1777,2589 1867,2589 1956,2583 2046,2583 2135,2577 2225,2577 2314,2577 2404,2571 2493,2571 2583,2571 2672,2565 2762,2559 2851,2559 2941,2553 3030,2553"/>
                <TextEquiv>
                    <Unicode>gehst. Ich kann ohne dich nicht existie-</Unicode>
                </TextEquiv>
            </TextLine>
            <TextLine id="tr_1_tl_10" custom="readingOrder {index:9;}">
                <Coords points="918,2828 2974,2750 2979,2607 923,2660"/>
                <Baseline points="936,2768 1014,2768 1103,2768 1193,2762 1282,2756 1372,2750 1461,2750 1551,2750 1640,2744 1730,2744 1819,2744 1909,2738 1998,2738 2087,2732 2177,2726 2266,2726 2356,2726 2445,2726 2535,2720 2624,2714 2714,2714 2803,2714 2893,2714 2982,2708"/>
                <TextEquiv>
                    <Unicode>ren. Das kann ich ihnen natürlich nicht</Unicode>
                </TextEquiv>
            </TextLine>
            <TextLine id="tr_1_tl_11" custom="readingOrder {index:10;}">
                <Coords points="909,2965 2364,2884 2473,2946 2940,2876 2943,2781 912,2831"/>
                <Baseline points="924,2929 978,2923 1067,2923 1157,2917 1246,2911 1336,2905 1425,2905 1515,2905 1604,2899 1694,2899 1783,2893 1873,2893 1962,2887 2052,2887 2141,2887 2231,2887 2320,2881 2410,2881 2499,2875 2589,2875 2678,2869 2768,2869 2857,2869 2947,2869"/>
                <TextEquiv>
                    <Unicode>sp auseinandersetzen unk so bleibt mir</Unicode>
                </TextEquiv>
            </TextLine>
            <TextLine id="tr_1_tl_12" custom="readingOrder {index:11;}">
                <Coords points="906,3116 1972,3049 2448,3094 2957,3052 2982,2949 912,2965"/>
                <Baseline points="924,3072 930,3078 1020,3078 1109,3072 1199,3072 1288,3066 1378,3060 1467,3060 1557,3054 1646,3054 1736,3054 1825,3048 1914,3048 2004,3048 2093,3042 2183,3048 2272,3042 2362,3036 2451,3036 2541,3030 2630,3024 2720,3018 2809,3018 2899,3012 2988,3024"/>
                <TextEquiv>
                    <Unicode>nichts übrig als durchzugehen.) Wenn ich.</Unicode>
                </TextEquiv>
            </TextLine>
            <TextLine id="tr_1_tl_13" custom="readingOrder {index:12;}">
                <Coords points="2498,3119 2674,3136 2949,3119 2979,3097 3100,3114 3102,3024 3035,3007 2937,3058 2870,3019 2792,3069 2722,3035 2646,3066 2576,3046 2501,3058"/>
                <Baseline points="2517,3114 2571,3114 2660,3108 2750,3108 2839,3096 2929,3096 3018,3096 3108,3096"/>
                <TextEquiv>
                    <Unicode>meine Leule</Unicode>
                </TextEquiv>
            </TextLine>
            <TextLine id="tr_1_tl_14" custom="readingOrder {index:13;}">
                <Coords points="909,3237 3069,3228 3094,3108 2162,3074 1933,3139 1760,3063 1536,3158 909,3178"/>
                <Baseline points="924,3233 954,3227 1043,3227 1133,3227 1222,3221 1312,3221 1401,3215 1491,3215 1580,3215 1670,3209 1759,3209 1849,3209 1938,3203 2028,3203 2117,3197 2207,3197 2296,3197 2386,3191 2475,3191 2565,3185 2654,3179 2744,3179 2833,3179 2923,3173 3012,3173 3102,3167"/>
                <TextEquiv>
                    <Unicode>einmal fort bin (Drum stell ichste vor ein</Unicode>
                </TextEquiv>
            </TextLine>
            <TextLine id="tr_1_tl_15" custom="readingOrder {index:14;}">
                <Coords points="901,3427 2935,3357 2954,3220 906,3301"/>
                <Baseline points="918,3388 990,3382 1079,3382 1169,3382 1258,3376 1348,3370 1437,3376 1527,3370 1616,3376 1706,3370 1795,3364 1885,3364 1974,3358 2064,3352 2153,3352 2243,3346 2332,3346 2422,3346 2511,3340 2601,3334 2690,3334 2780,3334 2869,3328 2958,3328"/>
                <TextEquiv>
                    <Unicode>fait accompli. Dann - dann müssen sie</Unicode>
                </TextEquiv>
            </TextLine>
            <TextLine id="tr_1_tl_16" custom="readingOrder {index:15;}">
                <Coords points="1013,3497 1052,3486 1125,3486 1139,3497 1150,3486 1169,3500 1195,3494 1245,3452 1354,3463 1360,3393 1264,3385 1217,3402 1150,3379 1077,3413 1018,3399"/>
                <Baseline points="1032,3466 1091,3466 1181,3454 1270,3448 1360,3448"/>
                <TextEquiv>
                    <Unicode>(drein</Unicode>
                </TextEquiv>
            </TextLine>
            <TextLine id="tr_1_tl_17" custom="readingOrder {index:16;}">
                <Coords points="920,3558 1606,3598 3069,3516 3111,3416 1925,3368 923,3505"/>
                <Baseline points="936,3549 966,3543 1055,3543 1145,3543 1234,3537 1324,3537 1413,3537 1503,3531 1592,3525 1682,3519 1771,3513 1861,3513 1950,3513 2040,3507 2129,3501 2219,3501 2308,3501 2398,3501 2487,3501 2577,3495 2666,3495 2756,3489 2845,3489 2935,3489 3024,3483 3114,3477"/>
                <TextEquiv>
                    <Unicode>sich fügen zum mindesten verstehen müssen.</Unicode>
                </TextEquiv>
            </TextLine>
            <TextLine id="tr_1_tl_18" custom="readingOrder {index:17;}">
                <Coords points="915,3729 2596,3715 2800,3645 3005,3701 3058,3575 1838,3553 1572,3620 1245,3564 918,3626"/>
                <Baseline points="930,3704 1002,3698 1091,3692 1181,3692 1270,3692 1360,3680 1449,3680 1539,3674 1628,3674 1718,3674 1807,3668 1897,3668 1986,3668 2076,3662 2165,3662 2255,3656 2344,3662 2434,3656 2523,3656 2612,3656 2702,3651 2791,3645 2881,3645 2970,3639 3060,3633"/>
                <TextEquiv>
                    <Unicode>sie's, gerade,wenn ich durchgegangen bin.</Unicode>
                </TextEquiv>
            </TextLine>
            <TextLine id="tr_1_tl_19" custom="readingOrder {index:18;}">
                <Coords points="920,3908 1511,3855 1695,3922 1883,3835 2448,3903 3066,3799 3069,3704 2445,3687 2165,3765 1964,3679 1374,3785 923,3763"/>
                <Baseline points="936,3853 1014,3853 1103,3853 1193,3847 1282,3847 1372,3847 1461,3841 1551,3841 1640,3835 1730,3835 1819,3824 1909,3824 1998,3824 2087,3818 2177,3818 2266,3812 2356,3812 2445,3812 2535,3812 2624,3806 2714,3806 2803,3800 2893,3800 2982,3794 3072,3794"/>
                <TextEquiv>
                    <Unicode>Die Mama wird’s gewiss verstehen. Und die</Unicode>
                </TextEquiv>
            </TextLine>
            <TextLine id="tr_1_tl_20" custom="readingOrder {index:19;}">
                <Coords points="926,4042 1410,3995 1578,4073 2258,3972 3069,4023 3072,3880 1807,3930 1326,3875 929,3950"/>
                <Baseline points="942,4002 1020,4002 1109,4002 1199,3997 1288,3997 1378,3991 1467,3991 1557,3991 1646,3991 1736,3991 1825,3985 1914,3979 2004,3979 2093,3973 2183,3973 2272,3967 2362,3967 2451,3967 2541,3967 2630,3973 2720,3967 2809,3973 2899,3967 2988,3967 3078,3955"/>
                <TextEquiv>
                    <Unicode>wird's dem Papa schon erklären. Sie sind</Unicode>
                </TextEquiv>
            </TextLine>
        </TextRegion>
    </Page>
</PcGts>
