3752 4900
1836 32 2079 198 Ce
1448 174 1836 409 G.C.P.
1334 257 1622 452 G.H.P.
2718 553 2876 783 62
938 759 2598 959 Franz: Nein. Aber Schauspieler.
954 922 2940 1133 Gusti:(sieht ihn zuerst gross an,dann
951 1101 2210 1256 fängt sie an zu lachen.)
957 1235 2964 1398 Franz: Da gibt’s gar nichts zu lachen.
949 1392 3025 1585 Uebermorgen Früh gleich nach meiner An-
949 1537 3100 1742 kunft geh ich zum Direktor. Ich verzich.
975 1729 1857 1895 te auf jede Gage.
959 1889 3049 2052 Gusti: Aber obder auch auf jedes Talent
962 2020 1823 2205 verzichten wird.
967 2181 2881 2368 Franz: Wird sich erst zeigen, ob ich
962 2344 2953 2512 kein's hab. Was man will, das kann man
970 2501 1272 2651 auch.
975 2638 2961 2817 Gusti: Aber du bist ja - Das ist doch
959 2790 1956 2953 der pure Wahnsinn.
975 2961 2961 3113 Franz: Nur Geduld. Es wird sich alles
959 3071 1737 3268 herausstellen.
975 3210 3068 3429 Gusti: Es sind doch auch schon alle Fä¬
978 3386 3028 3576 cher besetzt. Du glaubst doch nicht im
970 3541 1371 3736 Ernst -
978 3651 3041 3902 Franz: Geht's nicht anders, so werd ich
