3554 4868
310 544 742 734 25./10. 1912.
2788 660 2959 792 12
1110 823 2827 1007 (Sie tritt mit Marie ins Zimmer).
1084 965 3059 1184 Marie (ein Laufmädel mit einer grossen
1060 1160 2456 1326 Schachtel): Küss die Hand.
1063 1315 2078 1433 Faanz: Guten Abend.
1081 1423 2930 1625 Gusti: Sie entschuldigen schon.Herr
1073 1604 2901 1794 Doktor. (sie ist Marie beim Oeffnen
1076 1788 3035 1896 der Schachtel behilflich) Es ist näm-
1076 1891 2975 2096 lich ein Hut. (sie nimmt hin heraus,
1076 2046 3185 2191 setzt ihn auf) Wie g'fallt er Ihnen denn
1081 2236 1752 2370 Herr Doktor?
1076 2320 3114 2559 Franz: Ein bischen auffallend find ich
1073 2538 1310 2704 ihn.
1081 2635 3027 2867 Gusti: Er ist ja nicht für die Stras-
1081 2814 2683 2975 se.Aber es gibt solche Rollen.
1084 2975 3177 3161 Marie: Sehr schön steht er dem Fräulein.
1076 3119 2648 3364 Franz: Sitzt er nicht schief?
1063 3277 2896 3432 Custi: Aber so tragt man sie doch.
1068 3427 3122 3616 Marie: Er ist sehr diskret und elegant.
1081 3582 2882 3811 Gusti: Na hören Sie's,Herr Doktor.
1068 3732 2969 3990 Marie (ihr die Rechnung überreichend)
