3720 4868
2811 511 2968 755 25
920 718 3156 945 zu kramen und allerlei Papiere herausnimmt)
917 940 3111 1100 Der Vormund hat mir sagen lassen,ich soll
926 1060 3111 1245 gleich alle Rechnungen mitbringen aus der
2320 1195 2600 1293 no rich
945 1217 3029 1419 letzten Zeit. Und da muss/i den Herrn
940 1358 2881 1574 von Arthaber zum Nachtmahl einladen.
945 1515 3024 1739 Gusti: Ich hab ja nicht gewusst, dass du
951 1649 3133 1874 noch einmal fortgehen musst. Und übrigens,
951 1843 2906 2020 ich bin schon manchmal i ne Stund mit
797 1989 1374 2154 dear Uilhafler
945 1983 3024 2179 ihm allein gewesen da in dem Zimmer und
937 2168 2020 2337 es ist nix passiert.
931 2236 3128 2477 Mutter: Ja, das fehlet mir noch-mit so ei-
948 2435 3071 2654 nem Studenten. Ich erlaub’s nicht, dass er
2811 2561 3144 2684 Mr Sir
990 2603 1658 2707 nach Lietz Brouwer
945 2595 3071 2777 hinkommt. Ich bin ja froh, dass wir /fort-
957 2757 3128 2948 kommen. Die Leut haben sich genug das Paul
957 2934 1515 3116 zerrissen.
954 3060 3055 3285 Gusti: Die Leut.! Was kümmern mich denn
945 3262 1733 3436 die Leut.
962 3330 3217 3551 Mutter: Hast noch keinen Grund so von oben
951 3512 3114 3722 herabzusehen. Bist noch keine so grosse
962 3661 3083 3935 Künstlerin. Wir sind auf die Leute ange-
957 3882 1374 4064 wiesen.
