<?xml version="1.0" encoding="UTF-8" standalone="yes"?>
<PcGts xmlns="http://schema.primaresearch.org/PAGE/gts/pagecontent/2013-07-15" xmlns:xsi="http://www.w3.org/2001/XMLSchema-instance" xsi:schemaLocation="http://schema.primaresearch.org/PAGE/gts/pagecontent/2013-07-15 http://schema.primaresearch.org/PAGE/gts/pagecontent/2013-07-15/pagecontent.xsd">
    <Metadata>
        <Creator>prov=READ-COOP:name=TrHtr:version=2.1.0:model_id=51170:date=15_08_2023_01:19</Creator>
        <Created>2023-05-10T15:01:51.470+02:00</Created>
        <LastChange>2023-08-15T01:19:20.594+02:00</LastChange>
        <TranskribusMetadata docId="1428747" pageId="55428927" pageNr="50" tsid="132836187" status="IN_PROGRESS" userId="64420" imgUrl="https://files.transkribus.eu/Get?id=WMQBOGBHTMHHZXSVQKJCGETX&amp;fileType=view" xmlUrl="https://files.transkribus.eu/Get?id=GNDKVKAIKWKTCSWLIUFGLLOP" imageId="44703000"/>
    </Metadata>
    <Page imageFilename="1428747_0050.jpg" imageWidth="3675" imageHeight="4888">
        <ReadingOrder>
            <OrderedGroup id="ro_1711807383020" caption="Regions reading order">
                <RegionRefIndexed index="0" regionRef="tr_1"/>
                <RegionRefIndexed index="1" regionRef="tr_2"/>
            </OrderedGroup>
        </ReadingOrder>
        <TextRegion id="tr_1" custom="readingOrder {index:0;}">
            <Coords points="902,595 3352,595 3352,2657 902,2657"/>
            <TextLine id="tr_1_tl_1" custom="readingOrder {index:0;}">
                <Coords points="2987,680 3030,671 3039,677 3070,659 3122,674 3156,656 3189,622 3214,622 3217,558 3183,548 3159,567 3150,561 3110,582 3076,558 3051,573 3015,561 2990,564"/>
                <Baseline points="3005,657 3041,651 3131,645 3220,651"/>
                <TextEquiv>
                    <Unicode>50</Unicode>
                </TextEquiv>
            </TextLine>
            <TextLine id="tr_1_tl_2" custom="readingOrder {index:1;}">
                <Coords points="2987,879 3030,882 3067,855 3110,870 3125,855 3153,858 3153,662 3122,674 3094,665 3039,677 3021,668 3006,680 2987,680"/>
                <Baseline points="3005,782 3095,782 3161,782"/>
                <TextEquiv>
                    <Unicode>44</Unicode>
                </TextEquiv>
            </TextLine>
            <TextLine id="tr_1_tl_3" custom="readingOrder {index:2;}">
                <Coords points="898,971 1541,1036 1820,962 3260,980 3281,852 898,895"/>
                <Baseline points="914,956 956,956 1045,956 1135,962 1224,962 1314,962 1404,962 1493,956 1583,956 1673,956 1762,956 1852,950 1942,950 2031,950 2121,950 2210,950 2300,950 2390,944 2479,944 2569,950 2659,950 2748,950 2838,944 2928,944 3017,938 3107,938 3196,944 3286,950"/>
                <TextEquiv>
                    <Unicode>Pr.Arthaber: (lächelnd) Die Resultate stellen</Unicode>
                </TextEquiv>
            </TextLine>
            <TextLine id="tr_1_tl_4" custom="readingOrder {index:3;}">
                <Coords points="910,1127 2999,1131 3134,1118 3134,1017 2488,1051 2025,962 1149,1069 910,1020"/>
                <Baseline points="926,1123 991,1117 1081,1117 1171,1117 1260,1117 1350,1111 1440,1111 1529,1111 1619,1111 1709,1111 1798,1105 1888,1105 1977,1105 2067,1105 2157,1105 2246,1099 2336,1099 2426,1099 2515,1099 2605,1099 2694,1099 2784,1093 2874,1099 2963,1093 3053,1093 3143,1093"/>
                <TextEquiv>
                    <Unicode>sich ja viebleicht erst in der darauf fol-</Unicode>
                </TextEquiv>
            </TextLine>
            <TextLine id="tr_1_tl_5" custom="readingOrder {index:4;}">
                <Coords points="910,1317 1109,1275 1783,1290 1857,1268 1860,1226 1719,1152 1538,1124 1330,1140 1161,1207 1109,1167 1063,1201 913,1192"/>
                <Baseline points="926,1278 968,1278 1057,1272 1147,1266 1236,1266 1326,1266 1416,1260 1505,1260 1595,1260 1685,1260 1774,1254 1864,1260"/>
                <TextEquiv>
                    <Unicode>genden Saison ein</Unicode>
                </TextEquiv>
            </TextLine>
            <TextLine id="tr_1_tl_6" custom="readingOrder {index:5;}">
                <Coords points="910,1449 3146,1412 3146,1317 3015,1296 1771,1366 1486,1278 910,1317"/>
                <Baseline points="926,1428 1003,1422 1093,1422 1183,1422 1272,1422 1362,1416 1452,1416 1541,1416 1631,1416 1720,1416 1810,1416 1900,1410 1989,1410 2079,1410 2169,1410 2258,1410 2348,1404 2438,1404 2527,1404 2617,1404 2706,1404 2796,1404 2886,1404 2975,1398 3065,1398 3155,1404"/>
                <TextEquiv>
                    <Unicode>Gusti: Es ist ja wirklich rührend wie gnä-</Unicode>
                </TextEquiv>
            </TextLine>
            <TextLine id="tr_1_tl_7" custom="readingOrder {index:6;}">
                <Coords points="904,1578 2286,1559 2644,1630 3088,1566 3048,1412 907,1480"/>
                <Baseline points="920,1577 944,1571 1033,1577 1123,1571 1213,1571 1302,1571 1392,1571 1481,1571 1571,1565 1661,1565 1750,1565 1840,1565 1930,1565 2019,1565 2109,1559 2199,1565 2288,1559 2378,1559 2467,1559 2557,1553 2647,1553 2736,1553 2826,1553 2916,1547 3005,1547 3095,1547"/>
                <TextEquiv>
                    <Unicode>dige Frau meine künstlerische Carriere</Unicode>
                </TextEquiv>
            </TextLine>
            <TextLine id="tr_1_tl_8" custom="readingOrder {index:7;}">
                <Coords points="910,1740 1443,1728 1566,1795 1808,1725 3051,1713 3051,1630 2800,1581 910,1624"/>
                <Baseline points="926,1726 997,1726 1087,1726 1177,1720 1266,1726 1356,1726 1446,1720 1535,1726 1625,1720 1714,1720 1804,1720 1894,1714 1983,1714 2073,1714 2163,1714 2252,1714 2342,1714 2432,1714 2521,1709 2611,1709 2700,1709 2790,1709 2880,1703 2969,1703 3059,1703"/>
                <TextEquiv>
                    <Unicode>besorgt sind (aber was Sie eigentlich von</Unicode>
                </TextEquiv>
            </TextLine>
            <TextLine id="tr_1_tl_9" custom="readingOrder {index:8;}">
                <Coords points="904,1903 2411,1869 2525,1942 2629,1866 3094,1872 3094,1749 2025,1716 1468,1832 907,1811"/>
                <Baseline points="920,1876 950,1876 1039,1882 1129,1882 1219,1876 1308,1876 1398,1876 1487,1876 1577,1870 1667,1870 1756,1870 1846,1870 1936,1870 2025,1870 2115,1870 2204,1864 2294,1864 2384,1864 2473,1864 2563,1864 2653,1864 2742,1864 2832,1864 2922,1858 3011,1852 3101,1858"/>
                <TextEquiv>
                    <Unicode>mir wollen, weiss ich noch immernicht. Ich</Unicode>
                </TextEquiv>
            </TextLine>
            <TextLine id="tr_1_tl_10" custom="readingOrder {index:9;}">
                <Coords points="910,2056 2809,2050 2984,2028 2987,1869 2528,1942 1952,1872 913,1949"/>
                <Baseline points="926,2031 932,2025 1021,2031 1111,2031 1201,2031 1290,2031 1380,2031 1469,2025 1559,2025 1649,2025 1738,2025 1828,2025 1918,2025 2007,2025 2097,2019 2187,2019 2276,2019 2366,2019 2455,2013 2545,2013 2635,2007 2724,2007 2814,2013 2904,2013 2993,2013"/>
                <TextEquiv>
                    <Unicode>kann doch dem Franz nicht sagen:verlass</Unicode>
                </TextEquiv>
            </TextLine>
            <TextLine id="tr_1_tl_11" custom="readingOrder {index:10;}">
                <Coords points="2497,2102 2521,2105 2555,2093 2583,2117 2620,2086 2632,2093 2665,2086 2730,2093 2733,2034 2696,2040 2681,2025 2659,2028 2653,2016 2616,2031 2595,2022 2574,2040 2558,2040 2540,2025 2525,2034 2503,2031"/>
                <Baseline points="2515,2091 2557,2091 2647,2073 2736,2079"/>
                <TextEquiv>
                    <Unicode>perr</Unicode>
                </TextEquiv>
            </TextLine>
            <TextLine id="tr_1_tl_12" custom="readingOrder {index:11;}">
                <Coords points="910,2206 3002,2215 3039,2025 2586,2114 2344,2031 1247,2031 910,2102"/>
                <Baseline points="926,2187 985,2187 1075,2187 1165,2187 1254,2187 1344,2193 1434,2187 1523,2187 1613,2181 1703,2175 1792,2181 1882,2175 1971,2175 2061,2175 2151,2175 2240,2169 2330,2169 2420,2175 2509,2175 2599,2175 2688,2175 2778,2169 2868,2163 2957,2163 3047,2169"/>
                <TextEquiv>
                    <Unicode>mich, vergiss mich, ich möchte unglücklich</Unicode>
                </TextEquiv>
            </TextLine>
            <TextLine id="tr_1_tl_13" custom="readingOrder {index:12;}">
                <Coords points="1599,2279 1615,2282 1630,2270 1648,2286 1673,2267 1707,2264 1710,2270 1728,2255 1759,2270 1786,2273 1792,2200 1768,2203 1756,2194 1734,2212 1716,2215 1679,2203 1664,2209 1608,2200"/>
                <Baseline points="1619,2264 1709,2252 1798,2246"/>
                <TextEquiv>
                    <Unicode>and</Unicode>
                </TextEquiv>
            </TextLine>
            <TextLine id="tr_1_tl_14" custom="readingOrder {index:13;}">
                <Coords points="910,2356 3091,2362 3180,2276 2381,2270 2151,2184 1630,2304 1461,2188 913,2203"/>
                <Baseline points="926,2342 944,2336 1033,2342 1123,2342 1213,2342 1302,2336 1392,2336 1481,2336 1571,2330 1661,2336 1750,2330 1840,2330 1930,2330 2019,2324 2109,2324 2199,2324 2288,2324 2378,2324 2467,2324 2557,2324 2647,2318 2736,2318 2826,2324 2916,2324 3005,2318 3095,2324 3184,2324"/>
                <TextEquiv>
                    <Unicode>sein. Es käme nicht sehr überzeugend heraus.</Unicode>
                </TextEquiv>
            </TextLine>
            <TextLine id="tr_1_tl_15" custom="readingOrder {index:14;}">
                <Coords points="885,2528 1275,2607 1376,2521 1906,2488 3343,2512 3346,2335 3205,2417 2904,2322 2289,2414 1814,2347 1556,2451 888,2353"/>
                <Baseline points="902,2491 932,2491 1021,2497 1111,2491 1201,2491 1290,2491 1380,2491 1469,2491 1559,2491 1649,2485 1738,2485 1828,2485 1918,2485 2007,2479 2097,2485 2187,2479 2276,2479 2366,2479 2455,2479 2545,2473 2635,2473 2724,2473 2814,2473 2904,2473 2993,2467 3083,2467 3173,2467 3262,2461 3352,2461"/>
                <TextEquiv>
                    <Unicode>Fr. Arthaber: Ja is gibt natürlich nur ein außer</Unicode>
                </TextEquiv>
            </TextLine>
            <TextLine id="tr_1_tl_16" custom="readingOrder {index:15;}">
                <Coords points="904,2650 1970,2690 3021,2626 2926,2546 2610,2525 2273,2577 1523,2509 1271,2607 904,2561"/>
                <Baseline points="920,2641 968,2641 1057,2641 1147,2647 1236,2647 1326,2647 1416,2647 1505,2641 1595,2641 1685,2641 1774,2641 1864,2641 1954,2641 2043,2635 2133,2635 2222,2635 2312,2629 2402,2629 2491,2629 2581,2629 2671,2629 2760,2629 2850,2629 2939,2629 3029,2623"/>
                <TextEquiv>
                    <Unicode>Mittel,um die Sache zu einem raschen Ab-</Unicode>
                </TextEquiv>
            </TextLine>
        </TextRegion>
        <TextRegion id="tr_2" custom="readingOrder {index:1;}">
            <Coords points="908,2728 3262,2728 3262,3888 908,3888"/>
            <TextLine id="tr_2_tl_1" custom="readingOrder {index:0;}">
                <Coords points="910,2849 2920,2837 3189,2782 3192,2693 1106,2650 910,2748"/>
                <Baseline points="926,2802 956,2802 1045,2802 1135,2802 1224,2802 1314,2802 1404,2796 1493,2796 1583,2796 1673,2796 1762,2796 1852,2796 1942,2796 2031,2790 2121,2790 2210,2790 2300,2784 2390,2784 2479,2784 2569,2784 2659,2784 2748,2784 2838,2784 2928,2778 3017,2778 3107,2778 3196,2784"/>
                <TextEquiv>
                    <Unicode>schluss zu bringen. Aber bevor ich es Ihnen</Unicode>
                </TextEquiv>
            </TextLine>
            <TextLine id="tr_2_tl_2" custom="readingOrder {index:1;}">
                <Coords points="916,2972 3140,2978 3143,2803 2188,2898 916,2868"/>
                <Baseline points="932,2951 997,2951 1087,2951 1177,2951 1266,2951 1356,2951 1446,2951 1535,2945 1625,2945 1714,2945 1804,2945 1894,2951 1983,2945 2073,2945 2163,2945 2252,2939 2342,2939 2432,2939 2521,2939 2611,2933 2700,2933 2790,2933 2880,2933 2969,2933 3059,2933 3149,2933"/>
                <TextEquiv>
                    <Unicode>nenne,will ich von Ihnen hören, dass wir im</Unicode>
                </TextEquiv>
            </TextLine>
            <TextLine id="tr_2_tl_3" custom="readingOrder {index:2;}">
                <Coords points="898,3140 1026,3177 1201,3113 2319,3113 2341,2984 1890,2950 1851,2990 1247,2996 1140,2953 1017,3039 898,3027"/>
                <Baseline points="914,3107 1003,3101 1093,3107 1183,3107 1272,3107 1362,3101 1452,3101 1541,3095 1631,3101 1720,3101 1810,3101 1900,3095 1989,3095 2079,3095 2169,3095 2258,3095 2348,3101"/>
                <TextEquiv>
                    <Unicode>Prinzip einverstanden sind.</Unicode>
                </TextEquiv>
            </TextLine>
            <TextLine id="tr_2_tl_4" custom="readingOrder {index:3;}">
                <Coords points="892,3303 1121,3290 1305,3352 1608,3251 2013,3263 2068,3248 2071,3113 1933,3159 1863,3116 1710,3153 1501,3107 1238,3146 1146,3119 1029,3177 892,3156"/>
                <Baseline points="908,3256 997,3256 1087,3262 1177,3256 1266,3262 1356,3256 1446,3256 1535,3250 1625,3250 1714,3250 1804,3244 1894,3244 1983,3250 2073,3244"/>
                <TextEquiv>
                    <Unicode>Gusti: Einverstanden?</Unicode>
                </TextEquiv>
            </TextLine>
            <TextLine id="tr_2_tl_5" custom="readingOrder {index:4;}">
                <Coords points="1477,3346 1556,3349 1587,3327 1657,3321 1700,3349 1768,3352 1786,3339 1847,3349 1851,3263 1795,3251 1762,3263 1685,3263 1664,3251 1480,3263"/>
                <Baseline points="1493,3334 1499,3334 1589,3322 1679,3322 1768,3322 1858,3316"/>
                <TextEquiv>
                    <Unicode>Darube</Unicode>
                </TextEquiv>
            </TextLine>
            <TextLine id="tr_2_tl_6" custom="readingOrder {index:5;}">
                <Coords points="913,3462 3012,3410 3012,3333 2865,3284 1838,3358 916,3324"/>
                <Baseline points="932,3400 956,3400 1045,3412 1135,3412 1224,3412 1314,3412 1404,3406 1493,3406 1583,3406 1673,3406 1762,3406 1852,3406 1942,3406 2031,3406 2121,3400 2210,3400 2300,3400 2390,3400 2479,3400 2569,3394 2659,3394 2748,3394 2838,3394 2928,3394 3017,3388"/>
                <TextEquiv>
                    <Unicode>Fr.Arthaber: Dass er Ihnen nicht folgen</Unicode>
                </TextEquiv>
            </TextLine>
            <TextLine id="tr_2_tl_7" custom="readingOrder {index:6;}">
                <Coords points="895,3575 3146,3548 3146,3453 2920,3416 898,3450"/>
                <Baseline points="914,3561 1003,3567 1093,3567 1183,3567 1272,3567 1362,3567 1452,3567 1541,3561 1631,3555 1720,3549 1810,3555 1900,3555 1989,3549 2079,3549 2169,3549 2258,3549 2348,3543 2438,3537 2527,3537 2617,3543 2706,3543 2796,3549 2886,3549 2975,3543 3065,3543 3155,3543"/>
                <TextEquiv>
                    <Unicode>darf. Dass Sie wissen, es wäre sein Unglück</Unicode>
                </TextEquiv>
            </TextLine>
            <TextLine id="tr_2_tl_8" custom="readingOrder {index:7;}">
                <Coords points="1688,3649 2142,3652 2270,3621 2371,3658 2479,3612 2574,3667 2623,3643 2626,3548 2589,3539 2515,3566 2384,3539 2286,3588 2022,3557 1820,3600 1768,3557 1694,3563"/>
                <Baseline points="1709,3633 1732,3633 1822,3633 1912,3627 2001,3627 2091,3621 2181,3615 2270,3615 2360,3609 2449,3603 2539,3603 2629,3609"/>
                <TextEquiv>
                    <Unicode>die müssen is. Und</Unicode>
                </TextEquiv>
            </TextLine>
            <TextLine id="tr_2_tl_9" custom="readingOrder {index:8;}">
                <Coords points="910,3729 3067,3716 3067,3560 2580,3670 1707,3649 1474,3563 910,3627"/>
                <Baseline points="926,3722 1009,3722 1099,3722 1189,3722 1278,3716 1368,3716 1458,3716 1547,3716 1637,3710 1726,3716 1816,3710 1906,3710 1995,3710 2085,3704 2175,3704 2264,3704 2354,3704 2444,3704 2533,3698 2623,3704 2712,3704 2802,3698 2892,3692 2981,3698 3071,3692"/>
                <TextEquiv>
                    <Unicode>und Ihres. Ja. Sie wissan es und er - das</Unicode>
                </TextEquiv>
            </TextLine>
            <TextLine id="tr_2_tl_10" custom="readingOrder {index:9;}">
                <Coords points="892,3897 2589,3949 3254,3866 3254,3726 895,3814"/>
                <Baseline points="908,3878 932,3878 1021,3878 1111,3878 1201,3878 1290,3878 1380,3878 1469,3872 1559,3872 1649,3866 1738,3866 1828,3866 1918,3866 2007,3866 2097,3866 2187,3860 2276,3860 2366,3860 2455,3854 2545,3854 2635,3854 2724,3854 2814,3854 2904,3854 2993,3854 3083,3854 3173,3854 3262,3854"/>
                <TextEquiv>
                    <Unicode>hab ich aus seinem Brief entnommen - er ahnt</Unicode>
                </TextEquiv>
            </TextLine>
        </TextRegion>
    </Page>
</PcGts>
