3720 4872
2587 750 2891 896 man
856 821 3048 1040 an. Aber deswegen.deswegen muss ich doch
873 1010 3092 1156 nicht gleich Telephonistin werden. Und ich
861 1156 2999 1334 sehe wirklich nicht ein,warum nicht auch
858 1285 2978 1489 bei der Bühne — Es gibt doch Beispiele,
861 1445 3081 1621 die Anwesenden sind natürlich ausgenommen.
867 1577 3218 1775 Fr.Arthaber: (lächelnd) Sie dürfen mich nicht
867 1764 3145 1921 missverstehen,Fräulein Gusti. Ich halte Sie
861 1918 3084 2105 keineswegs für ein Geschöpf, das der Luxus
879 2062 2938 2231 verführen könnte. Nein, von dieser Seite
870 2190 3092 2409 droht Ihnen keine Gefahr, wie ich Sie beur-
879 2359 3148 2540 teile. Eher von Seite des Temperaments. Und
885 2511 3192 2698 es täte mir fast leid,wenn es nicht so wäre.
873 2660 3101 2900 Künstlerinnen müssen etwas erleben und die
861 2862 2835 3005 Sehnsucht nach einem fernen Geliebten
2187 2949 2654 3078 als alding
879 2970 2762 3186 reicht wohl auf die Dauer nicht aus.
879 3119 2354 3303 Gusti: Aber wenn er da ist -
867 3270 3051 3463 Fr.Arthaber: Er wird nicht da sein.Gewiss
873 3446 3101 3630 nicht oft genug,nicht lang genug. Das wis-
861 3583 3159 3784 sen Sie doch alles selbst, mein liebes Fräu-
867 3723 2964 3942 lein. Und ihhin fern davon mit all dem
