3659 4920
2845 444 3003 590 72
848 590 2930 845 dir deine Carriere zu ruinieren. Ich bin
848 792 1632 907 ein Bösewicht.
874 921 3056 1039 Gusti (unwillkürlich lächelnd) Ja,so schau-
848 1073 1449 1222 en sie aus.
868 1247 3031 1427 Franz: Du kennst mich nicht. Spielen lass
865 1365 2966 1539 ich nicht mit mir. Du meinst vielleicht,
857 1497 2862 1705 dass man mir einfach den Ab-
837 1666 2899 1845 schied gibt? Es war mir ein Vergnügen,
826 1854 2901 1989 die Komödie ist zu Ende - ah nein, meine
848 1958 2800 2182 Liebe. Warum hast du sie gespielt? Wir
837 2123 2626 2328 sind noch nicht fertig miteinander.
837 2298 2949 2458 Gusti: Du sollst nicht drohen,Franz. Das
826 2455 2775 2637 kann doch an der Sache nichts ändern.
831 2629 2935 2800 Und ich glaube schon es wär’ das Beste, du
815 2727 2834 2958 begnügtest dich mit dem, was du weisst.
820 2930 2854 3090 Dass es dich kränken würde, das hab ich
820 3042 3067 3210 mir ja denken können. Also,verzeih mir, aber
803 3185 2326 3385 reden wir nicht mehr drüber.
820 3337 3008 3528 Franz: Und ich? Ich hab einfach nach Haus
798 3491 2915 3719 zu gehen - den Tod im -Nein, nein - aber
