3675 4868
396 490 827 628 15./10.1912.
1024 803 3090 921 Gusti damit beschäftigt aus dem offenen
1024 1013 3071 1086 Schrank Wäsche zu nehmen, auf den Tisch
1024 1145 2896 1236 zu ordnen, in den Koffer zu packen.
1040 1290 3012 1436 Franz 21 jähriger juner Mensch,recht
1029 1473 3189 1611 elegant, lehnt am Fenster mit dem Blick ins
1024 1608 2928 1702 Zimmer herein, raucht eine Zigarette.
1040 1762 2061 1864 Nach kleiner Pause;
1032 1921 2731 2023 Franz: Bist denn noch nicht müd?
1315 1996 1837 2128 (achselpichend)
1029 2077 2737 2163 Gusti: Was soll ich denn machen?
1034 2222 3179 2327 Franz: Ihr fahrt ja erst morgen Abend.
1034 2376 3101 2473 Gusti: Aber was bis dahin noch alles zu
1024 2459 3179 2618 besorgen ist; Die Mutter lauft eh den gan
2467 2616 3076 2713 huiet in dem
1018 2670 3130 2802 zen Tag in der Stadt herum, (beim Koffer)
1856 2772 2274 2872 luy stet
1018 2837 2982 2979 Franz: Zehn Minuten ich schon da.
1024 2987 1694 3125 Gusti: Na-
1018 3138 2955 3249 Franz: Und hab noch nicht einmal ein
1005 3243 1867 3418 fussel gekriegt.
1024 3426 3154 3602 Gusti: Weil Du ja gesagt hast, der Besuch
999 3607 3138 3712 gilt nichts.Du hast ja nur im Vorüberge¬
1005 3769 3136 3871 hen heraufgeschaut.Wirklich kommst Du ja
1530 4614 1853 4760 G.C.F.P
