3667 4868
236 496 691 771 22./11. 1912
880 794 2866 919 Also Adieu,Herr von Arthaber,und wenn
945 929 2996 1116 wir Sie vor der Abreise nicht noch ein-
945 1075 1952 1277 mal sehen sollten -
953 1189 2944 1407 Franz: (etwas verlegen) ich werde heute
953 1415 3009 1555 noch einmal so frei sein vorzusprechen.
958 1537 2978 1734 Gusti: Es war nämlich gar kein Besuch,
937 1701 2858 1849 er hat nur heraufgeschaut.Sie können
940 1838 2926 2015 dann auch bei uns gleich nachtmahlen,
945 1991 3035 2170 das heisst, wenn Sie sich was mitbringen.
937 2150 2170 2357 Piknikk.Abschiedspiknik.
955 2272 2871 2498 Franz: (verlegen,aber die Gelegenheit
955 2477 2978 2630 benützend) Warum denn Abschiedspiknik?
940 2617 2965 2809 Hoffentlich habe ich sehr bald in Linz
940 2775 1742 2960 das Vergnügen -
945 2936 1820 3064 Mutter: In Linz?
945 3071 2451 3225 Franz: Es ist ja nicht weit.
950 3178 2983 3362 Gusti: Ja,zu meinem Benefiz können Sie
953 3365 2978 3562 kommen. Aber keine Blumen bitte, sondern
942 3567 1449 3733 Zuckerln.
942 3694 2957 3876 Franz: Ganz wie Fräulein wünschen.Küss
924 3829 2106 4050 die Hand. Adieu. (ab).
