3736 4888
2890 590 3065 782 54
965 732 2976 980 Gusti: (Aber du bist ja nicht recht ge-
963 921 3127 1116 scheidt.) Der Franz kennt doch den Prinzen
954 1081 3041 1296 kaum. Und er wird jedenfalls heute lie-
963 1237 2601 1394 ber mit mir allein sein wollen.
963 1402 2885 1588 Erika: Allein- et Madame la mère -?
960 1562 3047 1751 Gusti: Jedenfalls ist es gemütlicher. Er
965 1721 3156 1931 bringt sich sogar selber seinen Aufschnitt
957 1878 3044 2061 mit. Wir sind halt einfache Leut,Madame
974 2017 1668 2197 la Princesse.
965 2179 3097 2386 Erika: Schad? Wir hätten uns sicher sehr
963 2288 3336 2486 gut unterhalten. Hallet die beise unterfallen
963 2451 3029 2707 Gusti: Das ist gar nicht so ausgemacht.
968 2631 3041 2826 Esonders amüsant Er ist ja ein sehr
974 2828 3056 2967 lieber Kerl, der Prince,aber gar so amü-
960 2935 3050 3109 sant find ich ihn eigentlich nicht. We-
974 3079 2991 3283 nigstens,wie wir neulich unten im Pra-
986 3186 3074 3451 ter genachtmahlt haben (im dritten Café-
1370 3366 1884 3463 nur p sagen
936 3366 3044 3581 haus ich habe schon fidelere Abende er-
957 3558 1952 3720 lebt, ohne Prinzen.
954 3676 3115 3947 Erika: Das glaub ich dir aufs Wort. Aber
