3736 4900
2874 693 3034 856 61
1054 831 3020 1078 rin wie ich, so ein nichtsnutziges Ge-
1065 1002 2325 1198 schöpf. Hast ganz recht.
1054 1157 3151 1298 Franz: Ich habe doch nichts von alledem
1513 1271 2189 1377 Aber die denkst es den
1054 1345 3235 1491 gesagt. Nichtsnutziges Geschöpf! Lügnerin
1046 1445 3020 1603 Du bist ein Kind. Ein schwaches Kind.
1054 1611 3116 1744 Man darf dich eben nicht allein lassen.
1065 1785 2958 1926 Und daher habe ich mich entschlossen
1046 1893 3018 2070 morgen Abend mit dem gleichen Zug wie
1046 2059 2339 2211 Ihr nach Linz zu fahren.
1040 2235 3061 2436 Gusti: Morgen Abend? Das - das geht ja
1054 2401 2580 2551 nicht. Denke nur die Mutter -
1040 2532 3078 2703 Franz: Das ist mir alles ganz egal, ich
1046 2705 3192 2836 lass dich nicht allein. Von jetzt an kei-
1035 2828 2499 2996 nen Tag mehr, keine Stunde
1035 2966 3018 3167 Gusti: Ja,wie stellst du dir denn das
1024 3156 3004 3338 vor? Das wird doch kaum möglich sein.
1024 3262 2515 3469 Franz: Es wird möglich sein.
1029 3376 3091 3591 Gusti: Und bei den Proben? Bei den Vor¬
1024 3610 2996 3762 stellungen? Willst du vielleicht Cou-
1024 3751 2222 3911 lissenschieber werden?
