3736 4868
2887 589 3049 813 36
916 828 3194 1005 Sache ins Reine gebracht werden.
904 963 3088 1152 Sie müssen Franz
925 1120 3200 1323 verhindern,dass er Ihnen nachreist. (Ich wer-
3232 1146 3424 1320 wird
931 1299 3303 1467 de Ihnen sagen,wie es Ihnn vielleicht gelingen
928 1426 3220 1600 wie es Ihnen gewiss gelingen wird. Nicht nu¬
925 1559 2929 1774 Und es Ihnen gelingen.) Das ist so
925 1747 3211 1915 sehr in seinem Interesse wie in Ihrem. Nicht
937 1891 3088 2027 nur seine Zukunft, auch Ihre steht auf dem
1797 1977 2581 2115 willich mit Ihnenreden
925 2054 3173 2233 Spiel. Nur davon/red ich. Denn alles andere
2584 2198 3182 2328 Darauf, dass
931 2236 2543 2392 brauch Sie ja nicht zu kümmern.
2413 2283 3076 2386 mitit & in besten
910 2336 3194 2560 mein Mann mit seinem Herzen miserabel steht,
925 2478 3141 2699 darauf müssen Sie keinerlei Rücksicht neh-
910 2649 3179 2864 men. Sie können es sogar für eine Finte hal-
934 2764 3179 3002 ten. Auch von meiner mütterlichen Liebe will
919 2934 3041 3144 ich nicht reden. All das geht Sie nichts
913 3108 3123 3279 an. Es handelt sich nur um ihn und um Sie.
913 3264 2987 3432 Was der Bub vorhat,das ist ja der reine
925 3421 3188 3562 Wahnsinn. Das muss ich Ihnen doch gar nicht
904 3553 3144 3727 erst erklären. Ein Student! Einundzwanzig
913 3703 3214 3924 Jahre! Verwöhnt,ein bischen kindisch sogar -
