3720 4868
2768 589 2925 739 24
905 703 3025 930 Mutter: Aber ich sag's dir gleich Mit den
902 919 3014 1063 achtzig Gulden müssen wir auskommen. Auf
897 1038 2925 1234 deine Ausstattung ist beinah das ganze
902 1204 3041 1384 Gerstel aufgegangen. Keine siebenhundert
883 1356 2961 1544 Gulden sind mehr da von den dreitausend.
883 1508 3030 1696 Herrgott,ich muss ja dann noch zum Vor¬
897 1716 1198 1871 mund.
916 1807 2920 2006 Gusti: Warst denn nicht
905 1987 1215 2186 dort?
894 2109 2953 2333 Mutter: Er war nicht zuhaus. Zwischen
902 2261 3105 2427 acht und halb neun soll ich wieder kommen.
908 2430 2917 2640 Morgen hat er keine Zeit. Und ich muss
908 2549 3094 2773 noch reden mit ihm, auch wegen der Wohnung.
905 2737 2986 2947 Wir können doch nicht vermieten,ehe wir
908 2920 2848 3097 wissen,ob du dort bleibst. Na ja,wer
902 3047 3125 3224 gibt's uns denn geschrieben,dass du denen
908 3202 2139 3401 Linzern g’fallen wirst.
899 3360 3077 3537 Gusti (müd) Dann geh ich halt nach Iglau.
897 3526 1810 3728 Was suchst denn?
899 3697 2936 3888 Mutter (die begonnen hat in der Kommode
