3736 4884
2796 657 3254 842 50 45
891 847 2563 1049 trau ich Ihnen zu, ja,sogar mehr.
882 1009 3061 1196 Gusti (unwillkürlich schauspielerisch) Sie
896 1153 3125 1323 schmeicheln,gnädige Frau. Man kann ja doch
896 1340 3061 1464 nur spielen, was man in sich hat. Und wenn
1046 1433 1744 1539 einem gestern
896 1490 3136 1620 ich ihm vor einer Stunde ewige Liebe schwä
891 1655 3058 1802 re,so kann ich Ihm heute nicht sagen, dass
891 1793 3027 1957 alles vorbei ist. So ein Luder könnt ich
896 1885 2952 2098 nie spielen. Das muss man insich haben.
1686 2047 2049 2147 die habe
888 2073 3122 2257 Fr.Arthaber: Das haben wir in uns, wir alle,
891 2254 3133 2444 Gusti. Es kommt nur nicht jede in die Gele-
902 2401 3113 2563 genheit,dass sie's merkt. Geradeso,wie wir
879 2551 2981 2698 alle die treue hingebungsvolle Seele in
1813 2661 2006 2750 hat
896 2692 3217 2897 uns haben und es kommt eben nur darauf
1069 2805 1836 2917 side des Glurs
888 2865 3128 3081 an dem zu begegnen, der sie in uns entdeckt.
928 3015 1856 3208 (Draussen Klingel)
891 3044 2456 3370 Gusti: Am End ist er's schon.
885 3295 2681 3473 Fr. Arthaber: Das ist kaum denkbar.
905 3502 2280 3698 Gusti: Ich will nachsehen.
