3752 4868
2866 692 3044 846 16
951 830 3068 1069 Ihnen zur Sicherheit den Hut ins Vorzim-
946 1034 1673 1226 mer mitgeben?
943 1153 3092 1403 Marie (lächelnd) Aber bitt schön,Fräulein.
975 1325 2591 1565 (mit der Zeitung ins Vorzimmer)
956 1517 3122 1711 Gusti (mit ihr,kommt gleich wieder.Sie hat
956 1662 2904 1848 draussen Licht gemacht) Was fallt dir
2898 1721 3216 1867 tum
948 1837 3098 1988 denn ein? Was soll sich denn so eine Mädel
956 1961 3039 2158 denken? Wie kannst du mir denn Geld zur
967 2104 1958 2325 Verfügung stellen?
964 2279 2931 2427 Franz: Aber Kindjauf fünf Minuten.Ich
951 2395 2912 2575 hab dir's doch nicht schenken wollen.
962 2564 3014 2750 Von deiner ersten Gage hättest du mir's
967 2710 3004 2931 zurückgeben müssen, oder ich hätt' dich
964 2901 1799 3057 pfänden lassen.
967 3017 3009 3189 Gusti: Ich weiss überhaupt nicht, wo die
964 3173 2131 3378 Mutter so lang bleibt.
1845 3324 2104 3421 mup
964 3327 3017 3550 Franz: Aber ich werde jedenfalls gehen
970 3491 3090 3688 müssen. Ich habe ein Rendez-vous im Café-
512 3521 800 3725 notig
1390 3615 2061 3752 meme. Freund
975 3669 3055 3825 haus mir dem Teller.Man hat ja allerlei
515 3715 773 3847 dem
964 3777 3095 3992 zu besprechen vor so einer Reise. In ei-
