3736 4868
2894 672 3067 845 15
996 856 2835 1040 Franz: Ja,sehr elegant und diskret.
977 972 3110 1204 Gusti: Also,warten Sie noch ein paar Mi-
988 1166 3032 1323 nuten,Fräulein,bis die Mutter nachhaus
988 1312 3121 1496 kommt. Ich hab sowieso nicht so viel bei
991 1520 1228 1625 mir.
1002 1628 3075 1836 Franz: Aber bitte,Fräulein, kann ich Ih-
999 1796 2924 1955 nen nicht indessen dienen? Wozu soll
999 1906 3078 2114 denn das Fräulein so lang hier warten.
991 2063 2913 2254 Ich kreditiere Ihnen die Riesensumme
999 2257 2762 2408 bis zum Eintreffen der Frau Mama.
1021 2341 3159 2595 Gusti: (etwas bös) Ich mach keine Schulden,
1004 2533 3127 2730 Herr Doktor,auch nicht für fünf Minuten.
1010 2700 3038 2897 Das Fräulein wird sich schon gedulden.
1037 2854 3038 3029 (zu ihr) Ich mach Ihnen Licht draussen
1023 2994 3078 3178 im Vorzimmer.Da haben S' auch eine Zei-
1029 3189 2975 3334 tung, damit Sie sich nicht langweilen.
996 3316 2894 3529 Es ist ein ganz interessanter Roman
1015 3488 3186 3683 drin: Das Geheimnis der Gräfin. Sie haben
1010 3596 3054 3837 hoffentlich keine Angst, dass ich ihnen
1029 3788 3175 3969 inzwischen durchgeh. Ich müsst rein durch
1029 3912 3056 4118 den Rauchfang aufs Dach. Oder soll ich
