2840 3416
463 349 2491 568 Nomit, ihr Horrn, in Hass. beschmeisst ihr eucht
518 503 2461 689 Was fliegt, ihr Herrn, so zörnig zwischen ouhl
520 651 2406 825 Ich seh es leuchten und es stinkt zugleich.
523 794 2438 930 Ein Edelstein,der ?1 Sprich nicht so dumm.
530 912 2205 1081 Hier ward ein Kunstwerk zum Politicum,
518 1031 2381 1212 Das zeuchten hat sein Schöpfersihn geborgt,
523 1186 2338 1317 Das Andere wird mit Lust von uns besorgt.
