2920 3464
1057 189 2068 337 Mein Lieblingskritikor.
1070 307 2122 418 e
531 356 2257 564 „Troll dich davon, du nichtiger Gesolle,
528 493 2497 669 Es tobt der Krieg, die Molt ist Sturm und Höll
518 623 2192 836 Die Männer kämpfen, storben allerwegen,
504 758 2478 944 Die Frau'n daheim, sie harren, trauern, pflegen.
496 892 2351 1073 Aufs höchste Ziel ist jeder Blick gewandt,
502 1006 2216 1181 An sich denkt keiner, nur ans Vaterland.
491 1141 2429 1337 Dich aber,scheint es, kümmert das nicht viel,
491 1278 2548 1475 Du singst dein Lied von Ligb und rod und Spiel,
475 1437 2381 1567 Als scherte man sich heute um dergleichen-
879 1513 1173 1591 ren de
485 1548 2629 1744 Tod - mag noch sein - doch dann nur Heldenleichen.
477 1637 2516 1839 bech Sonst tot nichts, was uus den sinn erregt,
1286 1785 1782 1877 dich kesweg
466 1809 2108 1974 Und so erklär ich, dubist weggefegt.
466 1914 2632 2095 So schliesst Herr Tropf und wandelt stolz erhaben-
464 2063 2354 2238 Wohin7Ihr denkt wohl- in den Schützengräben?
456 2184 1928 2335 Auf Feldwach oder in ein lazaret?
448 2321 2270 2472 Oh, dass ich euch ehttäuschen musslEr geht
439 2445 2222 2607 Vorergt ins Restaurant zum Abendschmaus,
448 2553 2038 2715 zum Jarokieren dann ins Kaffechaus-
431 2677 2292 2880 Undfendlich heimwärts, wo sein ehlich Weib
421 2828 1984 2990 Mit Ungeduld Erwartet ihren Holden.
423 2936 2338 3171 obss Lank nun gibt, ob holdern Zeitvoxtreibs
