3480 3016
1235 440 1959 610 Die Mehltätigen.
265 501 2660 752 Feucktet auch Witleid Ihr augi- schon die zueite Fräne
2395 640 2940 759 fürcht ich,
247 701 2449 898 Haben sie, rührungsgeschwöllt, eigener Güte gemeint.
1352 930 1719 1126 Nachruf.
258 1054 2733 1283 Hattest du, liebe, geahnt, wie tief sie dich heute begraben
269 1181 2649 1399 Nimmer den Boeker mit Gift hättest du gestern geloert.
1225 1472 2224 1642 Midaung in die Zukunft.
258 1541 3172 1791 Noch nicht Gebörener du,einen Freund darf ich froh in dir grüssen.
265 1708 2954 1937 Lobtest di heut schon, wer weins, räklt' einen Hasser ich mehr.
