2872 3416
1103 221 1732 381 Mo in Kritiker
431 366 1772 504 Der. Enatol und die Liebelei-!
434 471 1880 637 Nichts als sentimentsale Plauderei
446 619 2160 764 Die Frau des Weisenund andere Novellen
441 742 2075 882 Iih sagt es seit jeher:Nur Bägatellen
441 865 2025 1020 Beatrice,gar Verse,nun hat er vertan-
431 1008 1895 1128 Der Weg ins Freie ein Judenroman.
436 1098 1802 1281 Der Kakaduzbestenfalls leriéte-
426 1231 2105 1406 Das Zwischenspiel wieder nur Liebe sm
441 1376 2033 1509 Der einsame Weg und das weite Land-
434 1504 1905 1654 Peychologie und aus zweiter Hand-
426 1617 2208 1789 Der Reigen -wir wissen ja-Schweinerein
426 1769 2143 1920 Marionetteahe, jetzt gesteht er es ein.
434 1900 2000 2045 Der Ruf des Lebens,bum,Spekulatien.
419 2015 1852 2150 Medardux-Ausstattungssensation.
424 2140 2083 2311 Bernhardi,pfui Teufel, ein Thesenstück-
426 2263 1794 2439 Undohne Weiberher geht zurück.
434 2388 2348 2529 Komödie der Wortq.- die schrieb er ja immer.
434 2526 2431 2679 Nur freilich wird's mit den Jahren schlimmer.
391 2639 2125 2815 Was bin ich für ein Mann ihm gegenüber:
426 2789 2444 2942 Was er auch schreiben mag, Ich schreibe drüber.
