2936 3624
551 1130 2363 1313 „So kühn dein Werkgedacht-erheben wir die
566 1282 2131 1437 Dass- man woll ein Problem, doch keine
2288 1318 2431 1444 U13
556 1417 2262 1560 Und just von mir gelöst wünscht Ihr die
2293 1410 2443 1555 one
2172 1526 2438 1618 Fragel
566 1541 2288 1703 Cläubt mir, Ihr Herrn, die war's nicht, der
2199 1650 2486 1771 eschch.
515 1971 2303 2158 „Dies istworan's vor allen dir gebricht:
549 2121 2351 2264 Die tiefre Weltanschaurn, hast du nicht.
547 2228 2240 2421 Nun, lächeind Eurer szünftigen Verachtung
554 2353 2501 2554 Bescheid ich weiter mich in -Weltbetrechtung.
535 2702 1710 2847 Mit deinem Lob,ch Recensent
544 2837 1993 3004 Wie gern wollt ich mich brüsten,
544 2982 1952 3144 Verbeugtost du dich nicht am End-
600 3098 1625 3273 or meinem Pamphletisten.
