2904 3464
524 653 1942 822 Bem-Einen gef채llt,was ich erfand
520 779 2162 962 Dem Andern nicht; das ist mir bek채nnt.
508 925 2269 1053 Gelggentl ich schreibt es auch Einer hin,
511 1067 2091 1211 Dass ich ein fenie oder St체rper bin-
756 1172 905 1248 loee
522 1193 2359 1308 Doch wenn ich es sehe in Druck erschimmern
524 1321 2313 1514 Verlangt Ihr, es soll mich mehr bek체mmerns
799 1585 2354 1701 harnn soll ieit die mehr. betimen
744 1697 2214 1857 teh ich er in bnnt ein miiserschswen
