6632 4184
6102 288 6264 421 35
3763 475 4040 686 1920.
3774 648 6071 844 13.1.Manuseriptdramen von Hans This,München,
3769 821 6033 985 gelesen, ein höchst unklarer, aber nicht ganz
3777 965 6016 1124 unbegabter Autor. Das letzt übersandte „Pro-
3757 1127 6033 1285 netheu" charakteristisch für die Spoche und
3763 1271 4426 1438 widerwärtig.
3774 1400 5901 1585 17.1. Die idiotischen verschwindelten Ge-
3766 1579 6016 1752 dichte eins Herrn vulka gaben Anlass zu la-
3769 1743 4063 1884 chen.
3769 1876 5950 2037 23.1. Arnold Zweigs Novellen „laudia“,
3760 2028 6074 2210 sehr fein und begabt. Von den Jüngeren einer
3763 2181 6007 2366 der sympathischesten und hoffnungsvollsten.
3763 2314 5953 2512 Kasimir Edschmid „Ashatne Kugeln“. Gewiss
3763 2475 6010 2648 nicht ohne Talent, aber doch dummes Zeug, af-
3763 2633 5981 2818 fektiert, versnobt, unwahr. Glaubt Phantasie
3763 2769 6025 2930 zu haben, multipliziert eigentlich nur. Weder
3763 2965 5702 3086 Seele, noch Landschaft, noch Erfindung.
3749 3071 5912 3267 24.1. Dirigentenkonzert Korngold. Glaube,
3766 3221 5881 3391 dass er ein sehr bedeutendes Talent, aber
3760 3362 5912 3596 keine höchste Art von Künstler vorstellt.
