3368 4088
533 464 2200 698 verlogene rigenschaft ist u.s.f.
520 620 2830 848 16.10. Ein Gnie zu sein, das macht das Leben
530 779 2907 982 überwinden. Talent ist nur eine Last, besonders
533 941 2854 1169 wenn es mit so unerbittlicher Selbsteinsicht
542 1128 1069 1324 verbunden.
539 1259 2851 1443 5.1.1907. Schwierigkeiten einen Menschen mit
533 1409 2898 1599 seinen guten und schlechten Eigenschaften auf
536 1580 2998 1745 die Rühne zu bringen. Wenn man z.B. einen Philo-
545 1736 3013 1879 sophen sich gleich beim ersten Auftritt vor dem
539 1882 2911 2035 spiegel frisieren lässt, wird das Publikum nie
545 2032 2705 2209 mehr zum Glauben zu bringen sein, dass der
539 2184 1723 2381 Korl ein Philosoph ist
561 2362 2967 2481 4.2. Neid ist wahrscheinlich das Ferment aller
542 2493 2864 2649 menschlichen Beziehungen. Eitelkeit aber ist
564 2633 2920 2802 das Ferment jedes Lebensgefühls, ja vielleicht
580 2833 1795 2995 jeder Lebensmöglichkeit,
558 2923 2826 3116 26.3. Hübsches Wort der Schauspielerin S.:
570 3147 3017 3300 „Gestern hat mir Einer Dirne gesagt. Ich glaube,
567 3278 2826 3428 wenn man hundert Männern nur je eine schöne
555 3456 3063 3652 Stunde geschenkt und von jedem eine schöne Stun-
583 3599 3045 3805 de genossen, da kann man sich schon einmal Dirne
