3416 4184
264 336 610 511 14/8.1918.
1141 529 2694 772 Lektüre und Bemerkungen dazu,
595 757 2469 964 1879,15.12. Heyse,„Kinder der Welt“.
631 943 2866 1111 29.12. Keller, Romeo und Julie auf dem Dorf
640 1108 2424 1286 eine ergreifend schöne Geschichte.
655 1232 2568 1415 1880,13.2. Max Waldau,Nach der Natur.
640 1361 2875 1562 14.3. Hackländer,Namenlose Geschichten.Der
649 1586 2857 1736 Inhalt ist eigentlich recht gewöhnlich, die
628 1727 2857 1850 Schreibweise aber ist wie zumeist bei die-
640 1829 2965 2016 sem Autor eine sehr liebenswürdige,man fühlt
613 2000 2793 2199 sich in seinen Romanen gle ich heimisch. Er
631 2187 3046 2319 schildert keine grossartigen, aber sehr angeneh
622 2289 2965 2472 me Menschen. Sein Stil hat eine gewisse Mil-
625 2505 2980 2655 de. Der Dichter verleugnet den Weltmann nicht,
631 2637 2745 2799 aber, wie man gleich anerkennend beifügen
625 2775 2394 2986 muss, der Weltmann nie den Dichter,
616 2941 2995 3139 Waldau, Nach der Natur.Geistreicher und tiefer
616 3067 2950 3289 als Hackländer, aber schriftstellerisch nicht
619 3265 2953 3463 so geschickt. Fand viele schöne Gedanken, eine
613 3373 2772 3544 Menge interessanter Charaktere und einen
619 3523 1658 3740 langweiligen. poman.
628 3665 2932 3944 Hermann Kurz, Schillers Heimatjahre. Unbedeu-
