6905 4296
6307 503 6458 643 64
3985 479 4286 679 1927.
4021 664 4491 830 Kritiken.
4039 815 6342 1012 5.8. R.A. Hermann: "Das Urwaldschift". Journa-
4027 935 6161 1110 listisch beschwingt, aber nicht undichterisch.
4030 1074 6357 1321 31.8. Hesse: "SteppenWolf", Bei bedeutenden Quali
4048 1307 6325 1506 täten doch inn höherem Sinn sinn-los und fragmen-
4048 1464 4447 1589 tarisch.
4048 1542 6316 1792 Leonhard Frank: "Karl und Anna". Gut erzählt und
4042 1750 4950 1908 doch unvollständig.
4042 1887 6381 2027 13.11. joyce: "Ulisses".1.Bd. Grundirrtum der Kon-
4048 2009 6345 2185 zeption, dass alle Gedanken und Eindrücke vom dem
4072 2170 6247 2375 enkenden und Empfindenden als gleichwertig ge-
4042 2342 6322 2545 dacht und empfunden werden,- vielmehr die Unwahr
4042 2521 6253 2702 heit wird dadurch gegeben, dass der ununter-
4060 2682 6354 2857 brochene unbetonte Aplauf xxxx eine Gleich-
4054 2816 6441 3012 wertigkeit vortäuscht,die nicht existiert.
