6632 4264
3943 492 4219 693 1924.
3958 535 6124 817 23.1. Henne am Rhyn, Deutsche Kulturgeschichte.
3961 719 5525 969 Kein gutes Buch und wie bomiert.
3978 840 6129 1076 29.1. Molnar,Rote Mühle (Burgtheater). Eigent-
3969 1010 6190 1286 lich die pretentiöse Läpperei eines sehr begab-
3984 1168 6184 1383 ten, einfallsreichen,witzigen Menschen. Ein für
3986 1346 6193 1542 den Wert sowohl vom Dichter als vom Theater aus
3992 1519 5074 1717 unerträglicher Aufwand.
4133 1680 4372 1772 Georg
3963 1685 6207 1881 5.2. Kayer, Nebeneinander (Raimundth.), ein Stück
3978 1858 4898 2031 mit genialen Zügen.
3995 1964 6184 2160 Hamsun, Weiber am Brunnen, schwächeres, aber noch
4015 2100 6193 2295 immer vielfach köstliches Werk des wunderbaren
4015 2356 4470 2505 Dichters.
4004 2399 6138 2649 9.2. Wertheimer, Menschenvon heute (Volksth.)
4004 2632 5056 2796 Manches Gute im 2.Akt.
4027 2767 6118 2925 10.2.Toller, Hinkemann (Raimundth.) Im Anfang
4027 2856 6239 3098 manches Bewegende; später wohlfeil und insipid.
4030 3023 6161 3221 14.2. Hirschfeld,Agnes Jordan (Volksth.) Vie-
4038 3193 6201 3394 les daran noch sehr lebendig. Eigentlich fünf,
4047 3331 5545 3529 zum Teil vorzügliche Einakter.
4056 3449 6368 3630 22.3. Brandes, Voltaire. Welch ein wahrhaft freie
4067 3601 6126 3828 Geist - ich meine Brandes mehr als Voltaire.
