6648 4264
3988 457 6059 670 Gespräche Popper-Lynkeus. Ein schmales, recht
3968 649 4903 838 armseliges Bänthen.
3983 791 6154 1012 18.7. Flake, “Der gute Weg”. Roman eines tüch-
3985 941 6210 1130 tigen Schriftstellers, der kein Dichter ist. Ein
3985 1118 6080 1298 wenig Snob und viel Klugheit, die zuweilen in
4003 1274 6168 1469 "Geist" ausartet und einer etwas angestrengten
3971 1451 4384 1602 Haltung.
4003 1599 6145 1788 23.7.Siegfried Trebitsch, "Der Geheilte". Ganz
3985 1735 6345 1929 leidlich erzählt und doch irgendwie schwachsinnig.
3991 1929 5838 2080 Ich teilte es ihm telefonisch mild mit.
3983 2080 4251 2233 XXXII
3991 2165 6351 2342 25.9. Klabund, "Kreidekreis." Verkitschung „Sensa-
3991 2345 6360 2440 tionshascherische, falsche, im Detail einfallsreiche
3985 2484 5168 2640 Martin'sche Inszenierung.
3991 2620 6092 2764 23.10. Fulda, “Vulkan”, Akademieth. Eine recht
3985 2805 6227 2932 kindliche Angelegenheit. Wunderte mich, dass der
3997 2977 5611 3065 kluge Fulda selbst sie ernst nahm.
3983 3033 6257 3245 21.11. Klaus Mann,” Der fromme Tanz”. Fast nur wi-
4000 3210 5519 3410 derwärtig,Talent kaum zu spüren.
