6632 4200
3967 358 4227 532 1918
3983 453 5968 728 schwelgend, ohne rechtemusikalische und
3969 638 4854 817 seelische Logik.
3964 823 6090 1048 16.7. Lese Rosegger mit Vergnügen und Be
3972 975 4520 1138 wunderung.
3969 1072 6155 1306 21.8. Ernst Weiss,Tere in Ketten“,ein bra-
3983 1271 5968 1428 ver Naturalist, der nun plötzlich einen
3975 1450 5951 1626 expressionistischen Stil schreibt, ohne
3983 1561 6006 1757 dass es für ihn oder etwa für den Stoff
3967 1740 5962 1941 passte, nur um auch dabei zu sein. Fast
3983 1881 4621 2053 verächtlich.
3961 2028 6022 2272 4.11. Faesi „Fassade“, Lustspäl. Läpperei
3969 2218 6060 2376 mit modernen Sternheim- und Shaw-Allüren.
3983 2351 6044 2522 6.11. Wildgans, „Dies ire“, lyrische Bega¬
3964 2509 6079 2688 bung mit theatralischen Instinkten. Unlo
3975 2677 6117 2856 gischen, pathetischer,affektierter Geselle
3988 2821 5514 3016 ohne Takt und Bescheidenheit.
4007 2938 5873 3171 (Bahr darüber im N.W.J.: „Mit welchem
3969 3082 6090 3269 Stück vielleicht eine neue Epoche der Li
3972 3255 4895 3440 teratur anhebt").
3969 3377 6019 3562 3.12. Eidlitz, „Herbstvögel“, Manuscript.
3972 3565 6136 3790 Angeblich ein Drama. Der Einfall zu einem
