6648 4184
5809 343 5973 522 23
3874 606 4128 731 1918
3863 734 5915 865 schen Schriftstellers, der einstmals ein
3852 918 5923 1030 Dichter war. In „Oaha“ ein paar vorzüg
3863 1083 5876 1189 liche Spässe, die köstliche Gestalt des
3858 1200 5756 1410 Helden, das Groteske des Anfangs geht
3888 1371 5340 1530 übers Absurde ins Läppische.
3883 1541 5934 1664 15.5. Burg,Generalprobe „Hildebrand von
3888 1625 5962 1837 Lilienfein. Ein recht teutches Episonen
3883 1845 6018 1987 stück ganz geschickt gebaut, aber ohne je-
3885 1987 6068 2130 de eigenart oder sprachliche oder geistige
3874 2160 5982 2317 Höhen. Wie abgeschmackt dieses Heldentum
3874 2306 6024 2481 ins Leere;-gigantische Kegelscheiber, die
3883 2470 4678 2590 raufert werden.
3869 2610 5945 2783 20.7. „Gute Kameraden“ von Heyse,- das
3871 2755 5954 2911 Buch von O.W.mit den unterstrichenen Sä
3894 2869 6099 3107 tzen. Viel Kultur und Erzählungskunst; und
4781 3009 5052 3121 nicht
3874 3059 5926 3249 wo seine Reinheit und Gelecktheit, seine
3883 3227 5951 3377 Vornehmheit nicht Verlogenheit wird, ist
3883 3336 6124 3562 er gewiss ein Dichter von recht hohom Rang.
3888 3520 5990 3701 17.7. Kornauthor spielte viel vor, zum Teil
3894 3676 5903 3844 sehr interessant, manchmal in Wohlklang
