6632 4216
1165 2475 1355 2597 G.H.F.P.
328 2550 816 2723 respereur
631 2734 992 2892 arabac
283 2982 700 3181 rd 1erb.
158 3193 1132 3408 ¬Tefs led xxxxx
185 3354 1171 3557 Darmitaeb. mausidosos
220 3524 1278 3759 Tieddorf das xxx
3926 491 6086 715 (von dem rein theatralischen Geschick ganz ab-
3899 658 6136 923 gesehen) als bei den meisten Jünglingen, die ihn
3920 873 4409 1066 verachten.
3902 1022 6193 1242 21.4. Walter v.Molo, "Friedrich Staps" (Gym-
3914 1194 4695 1367 nasiastenstück!)
3902 1305 6187 1480 k Th. Rittner, "Mann im Soufleurkasten". Ein Ein-
3926 1501 6130 1629 fall, aber nicht zu Ende, kaum zu Anfang gedacht;
3926 1600 6130 1772 fein sozusagen; affektiert, schwächlich, mit fal-
3905 1817 6178 1951 schem Humor und falschem Geist;- irgendwie dumm,
3938 1939 5579 2094 im ganzen doch nicht unsympathisch.
3926 2088 6220 2297 24.5. Hermann Kesser, “Bruder”. Dummes Zeug. Neu-
2258 2157 2410 2306 H.S
3920 2228 6172 2419 este, fast schon veraltete Schablone: der Liebha-
3920 2401 6154 2577 ber der Menschheit, ein sentimentaler Idiot,-der
3920 2547 6095 2740 dämonische Milliardär - ein skuriler Prokurist
3929 2705 4703 2907 und dergleichen.
3929 2854 6300 3050 27.5. Dymow,Jüdische Volksbühne. Sehr gute Vorstel-
3923 2985 6211 3199 lung eines geschicktes Dogromstückes, das mich po-
3926 3160 6148 3321 litisch-menschlich mehr packte als dichterisch.
3932 3280 6205 3491 Grauenhafte Welt! Dass wir es ertragen. Im Spiel
3935 3446 6330 3691 der gute alte Naturalismus aus den guten alten Rei-
