6632 4184
5800 431 5966 544 36
3798 550 4091 687 1920.
3803 684 5913 896 2.2. Generalprobe Burgtheater. Trebitsch
3812 835 5966 1021 „Grau Gittas Sühne“, etwas geschickter als
3803 972 6114 1184 seine anderen Sachen, immer noch matoid genug.
3798 1144 6094 1344 9.2. C.F.Meyers Novellen. Kunst-Kunst ud kei-
3803 1312 6117 1443 ne grosse, mühselig,edel,gebildet,gewiss nicht
3798 1438 6035 1615 ohne Phantasie und stellenweise mit wirkli-
3786 1600 6035 1769 eher przählungsgabe, aber ohne Nütwendigkeit,
3809 1743 5887 1909 ohne Seele. Lese ich Keller, so denke ich:
3803 1889 6091 2078 Sonderbar eigentlich, dass ich sozusagen auch
3792 2063 6050 2212 eigentlich berühmt bin. Lese ich Meyer: Ich
3792 2188 5788 2377 müsste eigentlich noch berühmter sein.
3798 2340 5939 2520 16.2. Las Hasenolevers „Sohn“ Wirkliches
3803 2511 5567 2695 ralent, aber eine schmutzige Seele.
3786 2622 5971 2863 2.3. Pittner,.. Tragödie des Eumenes. Wirkte
3792 2788 6120 2957 besser als beim Lesen, immer noch abgeschmackt
3786 2977 4141 3128 genug.
3786 3079 6076 3218 3.4. Manuscript von Muhr „Die neue Welt“. Wie
3786 3198 5948 3390 eine Parodie auf die Expressionisten. Ein
3786 3379 6128 3512 unleidliches Volk, diese Dilettanten,natürlich
3792 3489 6062 3757 zugleich vrit iker.mit ihrem vagen Geschwätz
