6664 4280
5973 207 6180 423 61
4064 525 4345 696 1926.
4077 624 6249 809 19.1. Bronnen. Ostpolzug. Eine Person: Al###an-
4089 768 6310 1000 der der Grosse. Die erste Szene nicht ohne Kraft
4119 997 6025 1171 m weiteren Verlauf pretentiöse Läpperei.
4100 1127 6119 1323 Bronnen: Die Exzesse. Weniger ein Lustspiel
4089 1307 6124 1483 als der Streich eines (begabten) Lausbuben.
4091 1456 5975 1622 6.2.Halbe: Jugend. (Heini als Hans). Das
4144 1630 6312 1820 tück ist der heutigen Jugend zuwider. Auf mich
4116 1762 6174 1986 wirkt es immer noch, wenn ich auch dessen Un-
4116 1945 5387 2111 geistigkeit stark empfinde.
4105 2086 6130 2274 13.5.Henni Jahn: Medea. Eine widerliche An-
4119 2271 4685 2428 gelegenheit.
4108 2425 6213 2586 22.5. Sternheim: Lutezia. Nicht ohne Schmiss,
4108 2619 5724 2762 aber zutiefst unwahr (Feuilleton).
4094 2716 6138 2909 27.9. Stefan Zweig: Verwirrung der Gefühle.
4127 2856 6108 3047 ehr viel Talent, sehr viel Tempo; und doch
4102 3042 6229 3188 nicht wahrhaft dichterisch, sondern künstlich.
4102 3185 6216 3359 5.10. Sternheim: Schule von Unznach. Ein kon-
4102 3373 6180 3511 struktives Talent. Original.Im Tiefsten un-
4122 3514 6113 3693 dichterisch,unwahr; witzig - satyrisch,und
