6664 4280
3977 450 4232 605 1924
3972 487 6240 752 4.4. Pirandello,Sechs Personen etc. (Raimundth.)
3983 651 6068 897 Kostbarer Einfall,sehr ungleichmässig durch-
4011 840 6215 1092 geführt. (Wurde an Kakadu und Wurstl erinnert).
3994 970 6269 1199 16.7. Kaltenegger,Schwester,Ein gewiss sehr be-
4034 1132 6246 1369 gabtes Stück; aber mir als Gesamtprodukt pein¬
4017 1270 6059 1556 lich. Der expressionistische Schimmel,
4028 1505 5120 1689 homosexuell aufgezäumt.
4028 1612 6257 1853 27.7. Andre###ew, Die sieben Gehängten, (Carlth.
4048 1759 6226 1991 Jüd.Th.) Aus einer wahrscheinlich ergreifenden
4054 1938 6184 2144 Novelle ist ein quälendes Stück gemacht. Man¬
4068 2011 6218 2283 che vortreffliche Leistungen und doch nur ein
4085 2209 6020 2467 blasser Abklatsch des russischen Theaters.
4079 2373 6254 2645 29.9.Fischher, Das Schwert des Attila (Burgth.)
4093 2546 6167 2772 Gymnasiastenarbeit, im weiteren Verlauf läp-
4105 2795 4410 2922 pisch.
4099 2781 6336 3072 23.10. Gerhart Hauptmann, Die Insel der grossen
4121 2962 6226 3211 Mutter. Ich vertrage seinen Prosastil nicht.
4138 3165 6365 3383 13.11. Schönherr, der Komödiant. (Burgth.) Durch
4138 3287 6288 3519 diese Bodenechtheit Fliesst ein breiter Strom
4144 3573 4597 3703 von Lüge.
4153 3618 6133 3892 20.12. Werfel, Juarez und Maximilian. Ein
