6648 4280
6037 620 6212 813 13
3822 761 4110 969 1914.
3822 923 6022 1107 14.3.Sternheim,Suob.Stil,abersonst nichts,
3822 1092 4469 1258 also Manier.
3819 1230 4160 1387 1915.
3816 1383 6255 1518 Klein Eyolf wieder gelesen mit den Vorarbeiten.
3773 1531 6230 1706 War mir vollkommen unleidlich. Ibsensirtum (oder
3822 1706 6107 1856 Ausrede ) der letzten Lebensjahre: dass nur
3816 1828 6261 2000 eins zugleich getan, erlebt, gefühlt werden kann.
3807 2006 6175 2126 Almers muss entweder sein Buch schreiben, oder
3810 2144 6003 2294 seine Frau besitzen oder sich seinem Sohne
3810 2307 6034 2472 widmen. Rubek hat die Statua machen müssen
3828 2451 6166 2641 daher hat er keine Liebschaft mit dem Modell!
3816 2589 6061 2776 Um wiediel schöner wäre sein Werk geworden,
3804 2755 5871 2911 wenn Irene seine Geliebte gewesen wäre.
3785 2887 6175 3083 (Und doch trotz Schwächen der Alteswerke bleibt
3813 3068 6135 3233 Ibsen ein ganz Grosser und dur der Snobismus
3804 3202 5948 3383 spielt gegen ihn heute Strindberg aus.
3761 3371 6227 3528 1.3. Hauptmann, Odysseus. (Generalprobe).Schönes,
3816 3515 6255 3702 zuweilen etwas langweiliges, schleppendes Stükk.
3804 3684 6258 3847 Immerhin wieder klar, dass es kein entschiedene-
3810 3841 6255 4055 res dichterisch-dramatisches Talent in Datsch.-
