6648 4264
5931 408 6096 582 47
3972 570 6236 737 Kerl Spass schmierig, verlaust und durstig durch
4003 713 6129 923 die Welt zu ziehen? Hätte er weniger gesehen,
3997 893 5757 1078 wenn er Wäsche hätte wechseln dürfen?
4000 981 6309 1273 30.7. Krauss, Letzte Tage der Menschheit. Im Gan-
3997 1176 6297 1420 zen eine ungewöhnliche Leistung, aus seinem Tempe-
3994 1398 6199 1590 rament heraus sich manchmal zum Dichterischen
3994 1493 6315 1736 steigernd. Die Satyre glänzend, bis zum Grossarti-
4018 1663 6190 1876 gen,- man gesteht ihm.unwillkürlich bezwungen
4009 1813 6233 1962 durch seine Kraft, das Recht auf Uebertreibungen
4015 1989 6172 2145 und Ungerechtigkeiten (durch Verschweigen von
3994 2087 6254 2358 mancherlei) zu - ohne die ja Satyre (nie) aus zukommen
442 2260 667 2416 G.H.F.P.
4009 2324 4356 2455 vermag.
4015 2355 6321 2586 14.11.Hauptmann,Weber, Raimundtheater (Heini). Das
4015 2565 6379 2723 Stück wirkte wieder ausserordentlich, ein Gestalter
4009 2714 6388 2967 allerhöchsten Rangs - wie vielleicht keiner jemals
4009 2952 4356 3113 da war.
4021 3031 6406 3186 Lese jetzt allerlei Aphoristisches von ihm, wogegen
4009 3150 6455 3317 ich wegen Unklarheiten mit Pretention einigen Wider-
4015 3299 4606 3457 stand spüre.
