3352 4088
456 512 883 640 17.1.92.
452 608 2767 805 Die einzigen Weiber, denen man vertrauen sind
459 827 1860 942 die, die ein Freund dichtet.
456 992 1538 1129 24.1. Umweltschauder.
452 1104 2824 1276 14.2. In den Eltern, die alt werden, liegt eine
452 1285 1535 1423 onnervierende Tragik.
462 1388 2755 1588 15.7. Das ist unser Ende, dass die Kinder, die
452 1613 2783 1725 hinter unserer Leiche gehen, sich die Nase zu-
449 1769 827 1878 halten.
2072 1825 2593 1938 die Weiber
459 1922 2827 2031 16.5. 93. Unser Fehler: Wir treiben in Rollen
452 2065 2446 2175 hinein, denen sie nicht gewachsen sind.
452 2184 2948 2359 18.8.94. Car nichts erwarten und doch enttäuscht
446 2387 1607 2480 sein das ist mein Los.
446 2505 2864 2630 27.8. Ich glaube den Frauen. erst wenn ich sie
446 2689 2824 2814 besessen und dann auch nichts weiter als dass
452 2849 1591 2983 ich sie besessen, habe
2524 2889 2636 2986 I
449 2970 2827 3101 6.5.96.Grabschrift: Er hatte Glück bei Frauen
446 3104 2948 3276 und auch er ist nur von einer geliebt worden, und
452 3301 2455 3407 von der erst, nachdem sie ihn betrogen.
