6680 4232
4013 317 4270 489 1923
4029 536 6500 787 doch im Grunde überflüssig. Das versnobt Katholisie-
4013 711 4997 885 rende darin zuwider.
4016 879 6523 1063 7.7. Kurt Münzer "Esther Berg". Sehr begabt und doch
4007 1006 5095 1196 affenhaft und versnobt.
4010 1206 6263 1351 29.7. Dehmels Briefe. Welcher unerschütterliche
4004 1317 6313 1513 Glaube an sich selbst. Ein sehr starker, bedeuten¬
4007 1491 6345 1710 der - ob ein grosser Mensch? Manchmal glaubt man's
3972 1631 4489 1802 zu spüren.
3975 1811 6370 1989 10.10. Czapek, W.M.R. (Neue Wiener Bühne). Ein fes-
3959 1910 6215 2135 selnder erster Akt, dann langveilig. Vierter Akt
3962 2103 5162 2287 läppisch und sentimental;
3966 2284 6380 2440 11.10. Czapek, Sache Makropolus, Raimundth. Auch ein
3969 2433 6355 2598 leidlicher Einfall mit theatralischer Geschicklich-
3953 2579 6351 2747 keit im Anfang ;- der Schluss albern und pretentiös.
3940 2744 6488 2938 26.10. Mohr, Improvisationen im Juni (Burgth. General¬
3940 2884 6278 3080 probe. Viel gute Einfälle, bizarre Züge; im ganzen
3931 3033 6297 3188 war es mir wegen seiner pretentiösen Art und viel-
3947 3141 6174 3366 facher Abgeschmacktheiten und Unselbständigkeiten
3924 3261 4794 3433 nicht sympathisch.
3912 3369 6288 3636 14.11. G'raldy, Aimé (Raimundth.) Die Schwächen des
