6664 4200
1143 564 1914 824 durch ame. lade
1488 924 2616 1140 soe? nov anudousiev.
1933 1096 2290 1272 G.H.F.P.
705 2146 1472 2343 Hollmægte xxx
1952 2418 2158 2625 G.H.F.P
1883 2606 2374 2838 h bei iie
1394 3098 1573 3230 G.H.F.
3809 642 6303 861 Wenn dies einem der stärksten intellekte und ei-
3844 799 6162 999 nem der grössten Künstler passiert,die heute
3844 959 6155 1115 leben! Und ich liebe ihn persönlich so sehr
3859 1090 6196 1275 Dabei, ich bin überzeugt,ich hoffe es, fühlt er
3837 1228 6249 1438 selbst, dass irgendwas da nicht in ordnung ist.
3847 1385 6303 1573 28.9. Unruhs Geschlecht. Viele schöne verse,aben
3825 1532 6218 1717 mehr Dunkelheit, ja verworrenheit, statt der ge¬
3825 1682 5419 1873 wollten tragischen Düsterkeit.
3831 1873 6346 2071 3.10. Jeremias von Stefan Zweig. Das hervorragend-
3822 1989 6202 2202 ste Gymnastias tenstück, das sich denken lässt.
3825 2186 6299 2362 Uebrigens einige lyrisch vortreffliche, ja gegen
3765 2337 6149 2500 Schluss sogar innerliche stellen und ein paar
3819 2481 5250 2647 theatralisch gute Einfälle.
3825 2603 6227 2797 9.10. Menschen im Krieg von Latzko.Sehr erlebt
3819 2772 6174 2957 und ohne literarische Allüren. Doch mit Quali-
3819 2919 5150 3107 täten.Grauen über Grauen.
3800 3073 6231 3270 20.10. Speidels Grüne Erde. Eine Läpperei, nicht
3800 3223 5613 3408 ohne deutschtümelnde Verlogenheit.
3790 3411 6171 3565 24.10. Hauptmanns Winterballade.Schwach, ja im
3806 3524 6193 3746 wahren Sinn überflüsig.warum aus einer Novelle
3790 3731 6209 3956 von Lagerlöf noch eine Novelle nun inldialogen
