6696 4232
6032 478 6213 646 10
3746 585 4105 753 1907.
3759 824 6271 1054 18.2. Las ein Stück von Nabel, Weihe, nicht unbe-
3740 983 5389 1206 gabt, aber mehr Zeit als Talent.
3750 1257 6206 1497 1843. Bloehms, - der krasse Fuchs“ mit Interesse,
3740 1445 4910 1655 zuweilen Ergriffenheit.
3717 1762 6297 1946 22.3. Las Schalom Asch, „Gott der Rache“ mit Aner¬
3721 1920 6323 2108 kennung des ausgeprochenen, aber kaum hoffnungsred
3724 2078 4454 2282 chen Talents.
3714 2386 6193 2580 23.4. Gretel Meisel-Hess, „Die Stimme“. Ein nicht
3714 2550 5444 2806 unbegabtes,aber widerliches Buch.
3692 2841 6019 3032 1.5. „Hidallah“,Wien,Bürgertheater.Barnowsky.
3682 2993 6174 3161 Wedekind schauspielerisch interessant, das Stück
3692 3158 6181 3339 revoltierte mich, vielleicht weniger durch seine
3701 3313 6229 3481 prätentiöse Dürre, als wegen meiner wachsenden Ge-
3679 3459 6174 3640 kässigkeit gegen die Snobs und Feizlinge, die im
3692 3604 6119 3769 Tross einer höchst merkwürdigen Persönlichkeit
3669 3776 6051 4021 in deren Komplex auch bedeutsame dichterische
