6648 4280
1162 725 2215 920 Jacob eds.rij 2. don2.
1162 1158 1478 1351 G.C.H.F.P
1673 1165 2577 1388 geieg gebetw lfog
1140 1307 1549 1515 Meadl. de
1697 1338 2571 1524 sich so viel müssig
1744 1468 2435 1704 meistei geb
824 1626 1388 1803 abgew j f dre
1694 1645 2689 1852 Ine, mejeg hofe! gus
846 1793 2887 1995 mediannoa doch siea nabewins aann anem¬
750 1914 2912 2174 ende Smeriss doia mebo maadiged usxxx anie¬
750 2072 2902 2311 saaüm nedosm xxal2 elb Jah Meduß.nemhiw
917 2243 2902 2453 meh xxx Jlsdsadeti xxx
1041 2376 2831 2617 og xxx niea eiß* eenödos Ietbeiw m
886 2534 2881 2766 enäw mesweg edel(a) enieu enel, nnew
892 2717 2878 2862 wir wir am A. m. o. w. 2 a. p. a.
567 2828 1676 3054 Josai dor..ab ît.bau
1753 2859 2054 3032 OaBO?
2215 2847 2689 3079 es ai e ce
929 2989 2140 3172 sus gnedhainJ3 ejusd af
2329 3026 2840 3234 3 [3] 3 1/4 a
421 3138 2224 3355 .semödeß. (edong lau ane O). anessav.d.m
421 3290 2209 3497 .Müßin sehmeuggeldos, aegiliewgnst as
415 3423 2682 3646 enebeidoaene niet ae ausb.n.m.M. nebei xxx
499 3571 2038 3819 dosted di JneisT aenosxxmaub-
2469 3695 2859 3810 ain sel
3990 660 4284 796 heute
3776 731 4767 923 lang gibt als G.H.
3832 901 6170 1072 19.4. Sternheim, Snob. (mit Bassermann). Unleid-
3832 1062 6133 1233 liches Stück in seiner Dürftigkeit und Präten
3832 1217 6056 1372 tion.Trotzdom nicht durchaus abzulehnen, da
3838 1351 6223 1496 die "anier, in der „Hose" mit Glückgemeistert,
3825 1496 5817 1701 der Eigenart auch hier nicht entberkt.
3767 1682 6254 1846 12.9. Lynkeus.Aus den Phantagien eines Realiten.
3832 1840 6173 2004 Zum zweiten Mal.Mit weit geringerem Eindruck.
3825 1973 6080 2187 Viel Kluges. Aber wie selbstverständlich ist
3822 2147 6083 2336 das Kluge, fast wie der dumm. Nue Gestalt hat
3829 2286 5764 2509 Sinn.Geist lebt vom Zuwenig der Worte.
3829 2463 4163 2655 1916.
3829 2596 6136 2778 18.1.Blei,Die Logik des Herzens. Wenn mankein
3785 2772 6096 2927 Tallant hat und einem nichts einfällt und man
3785 2902 6186 3107 überdies pretentiös und a-ffektiert ist, bleibt
3832 3091 6217 3246 einem nichts übrig als so ein Stück zu schrei¬
3829 3234 5984 3386 ben. Oder: ein Blumenthal ohne Talent, der
3825 3358 5715 3550 ohne Talent einen Sternheim kopiert.
3832 3494 6022 3726 25.1. Graeve, zwei Casanova-Szenen.Durchaus
3832 3702 6053 3853 anständig, xxx und hier und dort eine Spur
3825 3816 5972 4064 poetischen, öfters bühnenmässigen Taüents.
