6632 4184
5754 413 5916 547 25
3849 473 4151 636 1918.
3784 530 6056 750 Lied, einem volkslied vielleicht, ein zartes,
3806 741 6065 938 lyrisches Vorspiel. Im weiteren Verlauf ein
3804 855 5922 1058 heilloses in Süssigkeit und Süßlichkeit
3806 1035 6087 1200 hinrinnendes Geschwätz von Liebe und Freund-
3801 1169 5959 1386 schaft mit gelegentlichen expressionisti-
3806 1371 4565 1540 schen Allüren.
3818 1488 5817 1677 4.12. Rittner „Unterwegs“, Burgtheater.
3806 1634 5936 1828 Hätte es neulich wiedergelesen nicht mit
3826 1805 6096 1996 dem Eindruck vom ersten Mal. Sonderbares Ge-
3812 1947 5982 2147 misch von Phantastik, Poesie, Geist, Hödheit
3826 2170 4425 2304 und Kitsch.
3829 2252 5908 2444 6.12. Hans Müller „Schöpfer“. Doch wohl
3824 2406 6053 2623 mehr als ein nur geschicktes Stück. Talent
3832 2583 6122 2757 sudermännisch, aber über ihn hinaus. An Takt-
3846 2743 5973 2945 und Geschmacklosigkeiten besonders gegen
3849 2863 6124 3079 Schluss kein Mangel und die nazarenische An-
3846 3042 6059 3250 biederung gegen Schluss widerlich. Amüsant
3855 3228 4608 3390 und schmissig.
3846 3319 6062 3567 27.12. Heinrich Mann „Untertan“. Ausseror-
3861 3496 5896 3681 dentlich, doch mehr karikaturistisch im
3861 3647 6142 3855 Detail als satyrisch im Grossen. Dazu allzu
