6632 4264
3874 438 4143 588 1925.
3871 539 6085 745 26.1. Las Lewisohns interessantes und sympathi¬
3877 750 5641 910 sches Buch "Gegen den Strom" zu Ende.
3871 884 6073 1101 14.2. Noveletten von Fritz Donath (Manuscript),
3871 1072 4595 1188 nicht unbegabt.
3868 1179 6073 1371 1.3. Urbantschitschs Roman, der trotz Weitschwei-
3871 1391 6137 1507 figkeit und Süsslichkeiten, Geckereien mich nicht
3859 1510 6091 1649 nur durch die gutgesehene Figur Steffis, sondern
3871 1678 5917 1814 auch durch die erlebten Geschichten aus der
3859 1843 6091 2002 Kriegszeit interessiert, öfters bewegt hat. Hier
3877 2022 5969 2162 ist durch die Stärke des Erlebnisses aus den
3859 2159 6189 2327 matoiden Elementen für ein Werk Begabung erwach¬
3859 2359 4094 2460 sen.
3865 2480 6007 2645 2.3. “Ewige Gefährten“, Manuscript von Albrecht
3900 2628 6177 2770 (durch.L.) Nicht unpoetisch, aber dumm und über-
3883 2793 5111 2950 flüssig. Falsche Symbolik.
3848 2953 6004 3112 8.5. Winder, "Doktor Guollotin." Burgtenter,un-
3871 3086 5528 3263 dichterisch,nicht ganz ungeschickt.
3871 3222 6073 3384 11.5. Heinrich Mann," der Kopf”. Es ist kein ge-
3865 3393 4537 3518 lungenes Werk.
3848 3471 5891 3631 21.5. Margiternstein und Dr.Heinrich Löwy.
