6648 4248
3960 337 4208 483 1923
6193 275 6362 542 53
3960 508 6307 744 war). Dem Stück gegenüber, besonders den ersten Ak-
3947 756 6310 918 ten, ein stärkerer Eindruck von Wedekinds Genie als
3947 875 4113 1028 je.
3929 1028 6184 1178 5.4. Auernheimer, Der gute König (Akademieth.Pre¬
3923 1178 6236 1395 mière). Hatte das Stück von der Lektüre her (über
3932 1359 6144 1527 10 Jahre) in freundlicher Erinnerung; heute er¬
3917 1496 5484 1671 schien es mir nett, aber kindisch.
3908 1610 6178 1812 18.4. Werfel.Schweiger (Raimundth.) Das Stück in
3917 1824 6169 1955 seiner Konfusion und Prätention war mir noch un-
3895 1989 6304 2124 angenehmer als bei der Lektüre. Ein Stück mag einen
3895 2136 6252 2283 misslingen,man mag selbst an das Misslungene glau¬
3905 2286 6285 2430 ben; -aber ein Theaterstück, das zum Teil Colportage,
3880 2381 6340 2592 zum Teil falscher Tiefsinn xxx und z um Teil Theater-
3871 2592 6144 2733 meist schlechtes - ist "Schicksalstragödie" nen-
3874 2720 5064 2889 nen - das darf man nicht.
3859 2895 6096 3081 19.4. Hasenclever.Der Sohn (Neue Wr.Bühne). Ein
3859 3023 6166 3231 charakteristisches Werk der Epoche. Talent unver-
3859 3179 6157 3360 kennbar. Aber diese Konfusion,Prätention und Bös-
3840 3296 4336 3458 artigkeit.
3853 3433 6249 3752 22.4. Anna Epstein,Roman. Begabt,gar nicht übel und
