<?xml version="1.0" encoding="UTF-8" standalone="yes"?>
<PcGts xmlns="http://schema.primaresearch.org/PAGE/gts/pagecontent/2013-07-15" xmlns:xsi="http://www.w3.org/2001/XMLSchema-instance" xsi:schemaLocation="http://schema.primaresearch.org/PAGE/gts/pagecontent/2013-07-15 http://schema.primaresearch.org/PAGE/gts/pagecontent/2013-07-15/pagecontent.xsd">
    <Metadata>
        <Creator>prov=READ-COOP:name=TrHtr:version=2.1.0:model_id=51170:date=14_08_2023_22:18</Creator>
        <Created>2023-05-10T14:49:54.361+02:00</Created>
        <LastChange>2023-08-14T22:18:01.368+02:00</LastChange>
        <TranskribusMetadata docId="1428681" pageId="55426657" pageNr="68" tsid="132828182" status="IN_PROGRESS" userId="64420" imgUrl="https://files.transkribus.eu/Get?id=QHQAYZTFBJTHDDKDPGYWUGAO&amp;fileType=view" xmlUrl="https://files.transkribus.eu/Get?id=MMHNPGEUOUBFCNUDUUAMGIGI" imageId="44700733"/>
    </Metadata>
    <Page imageFilename="1428681_0068.jpg" imageWidth="6632" imageHeight="4248">
        <ReadingOrder>
            <OrderedGroup id="ro_1711810900048" caption="Regions reading order">
                <RegionRefIndexed index="0" regionRef="tr_1"/>
            </OrderedGroup>
        </ReadingOrder>
        <TextRegion id="tr_1" custom="readingOrder {index:0;}">
            <Coords points="3961,367 6324,367 6324,2396 3961,2396"/>
            <TextLine id="tr_1_tl_1" custom="readingOrder {index:0;}">
                <Coords points="4001,475 4044,489 4114,446 4151,466 4175,457 4215,475 4279,469 4270,339 4224,350 4201,336 4160,336 4105,362 4056,339 4041,350 3995,347"/>
                <Baseline points="4015,417 4104,417 4194,423 4283,435"/>
                <TextEquiv>
                    <Unicode>1923—</Unicode>
                </TextEquiv>
            </TextLine>
            <TextLine id="tr_1_tl_2" custom="readingOrder {index:1;}">
                <Coords points="5816,553 5865,530 5874,533 5906,510 5949,533 5972,527 5964,342 5914,336 5862,365 5833,350 5807,353"/>
                <Baseline points="5829,459 5918,465 5978,465"/>
                <TextEquiv>
                    <Unicode>55</Unicode>
                </TextEquiv>
            </TextLine>
            <TextLine id="tr_1_tl_3" custom="readingOrder {index:2;}">
                <Coords points="3992,680 6323,747 6288,567 6071,634 5776,562 4832,622 3989,553"/>
                <Baseline points="4009,650 4098,650 4188,650 4277,656 4367,656 4456,656 4546,662 4635,662 4725,668 4814,668 4904,668 4993,674 5083,674 5172,674 5262,680 5351,680 5441,680 5530,686 5620,686 5709,692 5799,692 5888,692 5978,698 6067,698 6157,698 6246,698 6324,704"/>
                <TextEquiv>
                    <Unicode>Stückes wurden mir bei aller Reinheit und manchem</Unicode>
                </TextEquiv>
            </TextLine>
            <TextLine id="tr_1_tl_4" custom="readingOrder {index:3;}">
                <Coords points="3986,811 4907,837 5081,924 6169,857 6166,747 4609,770 4163,692 3984,747"/>
                <Baseline points="4003,799 4092,805 4182,805 4271,811 4361,811 4450,817 4540,817 4629,817 4719,817 4808,823 4898,823 4987,829 5077,829 5166,829 5256,829 5345,835 5435,835 5524,841 5614,847 5703,841 5793,847 5882,847 5972,847 6061,847 6151,847 6175,847"/>
                <TextEquiv>
                    <Unicode>dialogischen Reiz in der Aufführung noch fühl¬</Unicode>
                </TextEquiv>
            </TextLine>
            <TextLine id="tr_1_tl_5" custom="readingOrder {index:4;}">
                <Coords points="3989,1007 4065,1031 4117,1005 4160,1002 4186,1022 4244,984 4267,981 4279,993 4302,984 4302,886 4250,886 4230,906 4186,906 4169,921 4128,918 4102,895 4088,903 4021,883 3986,897"/>
                <Baseline points="4003,960 4092,960 4182,960 4271,966 4307,966"/>
                <TextEquiv>
                    <Unicode>barer.</Unicode>
                </TextEquiv>
            </TextLine>
            <TextLine id="tr_1_tl_6" custom="readingOrder {index:5;}">
                <Coords points="3995,1135 6239,1201 6239,1097 6108,1080 5639,1115 5133,1034 4982,1091 4803,1028 4594,1083 3992,1007"/>
                <Baseline points="4009,1109 4098,1109 4188,1115 4277,1121 4367,1121 4456,1127 4546,1127 4635,1127 4725,1127 4814,1127 4904,1133 4993,1133 5083,1139 5172,1139 5262,1139 5351,1145 5441,1145 5530,1145 5620,1151 5709,1151 5799,1157 5888,1157 5978,1157 6067,1157 6157,1163 6246,1163"/>
                <TextEquiv>
                    <Unicode>16.11. Zifferers Roman Kaiserstadt. Wie man ohne</Unicode>
                </TextEquiv>
            </TextLine>
            <TextLine id="tr_1_tl_7" custom="readingOrder {index:6;}">
                <Coords points="3986,1288 6245,1329 6242,1248 4542,1233 3984,1149"/>
                <Baseline points="4003,1270 4092,1264 4182,1270 4271,1270 4361,1270 4450,1276 4540,1276 4629,1282 4719,1282 4808,1288 4898,1288 4987,1288 5077,1294 5166,1294 5256,1294 5345,1300 5435,1300 5524,1300 5614,1306 5703,1306 5793,1306 5882,1312 5972,1312 6061,1318 6151,1318 6240,1318 6252,1318"/>
                <TextEquiv>
                    <Unicode>jede wirkliche Begabung einen durchaus korrekten</Unicode>
                </TextEquiv>
            </TextLine>
            <TextLine id="tr_1_tl_8" custom="readingOrder {index:7;}">
                <Coords points="3969,1433 6273,1505 6271,1410 6178,1384 4612,1395 3966,1291"/>
                <Baseline points="3985,1419 4074,1419 4164,1425 4253,1425 4343,1425 4432,1431 4522,1437 4611,1437 4701,1437 4790,1437 4880,1443 4969,1449 5059,1443 5148,1449 5238,1449 5327,1449 5417,1455 5506,1461 5596,1461 5685,1461 5775,1467 5864,1467 5954,1467 6043,1473 6133,1473 6222,1473 6282,1479"/>
                <TextEquiv>
                    <Unicode>Roman schreiben kann (und in wenigen Jahren wird</Unicode>
                </TextEquiv>
            </TextLine>
            <TextLine id="tr_1_tl_9" custom="readingOrder {index:8;}">
                <Coords points="3963,1589 4070,1610 4117,1581 4172,1627 4287,1601 4377,1630 4510,1595 4788,1627 4832,1615 4832,1552 4765,1523 4638,1520 4600,1549 4192,1497 3960,1508"/>
                <Baseline points="3979,1575 4069,1575 4158,1581 4248,1581 4337,1581 4426,1587 4516,1593 4605,1593 4695,1593 4784,1598 4838,1598"/>
                <TextEquiv>
                    <Unicode>er unlesbar sein).</Unicode>
                </TextEquiv>
            </TextLine>
            <TextLine id="tr_1_tl_10" custom="readingOrder {index:9;}">
                <Coords points="3963,1725 5008,1760 5179,1838 5263,1775 6253,1830 6247,1688 6155,1679 3963,1653"/>
                <Baseline points="3979,1724 4069,1730 4158,1730 4248,1730 4337,1736 4426,1742 4516,1748 4605,1742 4695,1748 4784,1748 4874,1754 4963,1760 5053,1760 5142,1766 5232,1766 5321,1766 5411,1766 5500,1771 5590,1777 5679,1771 5769,1777 5858,1777 5948,1777 6037,1783 6127,1783 6216,1783 6258,1783"/>
                <TextEquiv>
                    <Unicode>Winterstein, Spartakus (Nov. Mscrpt.) Sehr anstän-</Unicode>
                </TextEquiv>
            </TextLine>
            <TextLine id="tr_1_tl_11" custom="readingOrder {index:10;}">
                <Coords points="3952,1899 5515,1963 5480,1827 3949,1827"/>
                <Baseline points="3967,1879 4057,1885 4146,1891 4236,1891 4325,1891 4415,1891 4504,1891 4594,1897 4683,1897 4773,1897 4862,1903 4952,1903 5041,1909 5131,1915 5220,1915 5310,1915 5399,1921 5488,1927 5518,1933"/>
                <TextEquiv>
                    <Unicode>dig, Niveau und total überflüssig.</Unicode>
                </TextEquiv>
            </TextLine>
            <TextLine id="tr_1_tl_12" custom="readingOrder {index:11;}">
                <Coords points="3952,2061 6259,2165 6233,2018 3949,1957"/>
                <Baseline points="3967,2028 4057,2034 4146,2040 4236,2040 4325,2040 4415,2046 4504,2046 4594,2052 4683,2052 4773,2058 4862,2058 4952,2058 5041,2064 5131,2064 5220,2070 5310,2070 5399,2070 5488,2076 5578,2082 5667,2082 5757,2082 5846,2088 5936,2088 6025,2094 6115,2094 6204,2106 6264,2106"/>
                <TextEquiv>
                    <Unicode>18.11. Auernheimer, Casanova in Wien? Ganz hübsch,</Unicode>
                </TextEquiv>
            </TextLine>
            <TextLine id="tr_1_tl_13" custom="readingOrder {index:12;}">
                <Coords points="3960,2229 6120,2278 6114,2154 5828,2110 4924,2177 4551,2090 3957,2102"/>
                <Baseline points="3973,2189 4063,2189 4152,2189 4242,2189 4331,2195 4421,2195 4510,2201 4600,2207 4689,2207 4779,2213 4868,2213 4957,2213 5047,2219 5136,2219 5226,2225 5315,2225 5405,2231 5494,2231 5584,2237 5673,2237 5763,2243 5852,2243 5942,2243 6031,2249 6121,2255 6127,2255"/>
                <TextEquiv>
                    <Unicode>besonders im Anfang. Die Intrige nicht klar zu</Unicode>
                </TextEquiv>
            </TextLine>
            <TextLine id="tr_1_tl_14" custom="readingOrder {index:13;}">
                <Coords points="3946,2374 4088,2354 4354,2417 4525,2359 4991,2417 5101,2394 5098,2307 4977,2264 4725,2322 4458,2261 4395,2304 3943,2290"/>
                <Baseline points="3961,2338 4051,2344 4140,2344 4230,2350 4319,2350 4409,2356 4498,2356 4588,2356 4677,2362 4767,2362 4856,2362 4946,2368 5035,2380 5107,2386"/>
                <TextEquiv>
                    <Unicode>verfolgen. Verse mässig.</Unicode>
                </TextEquiv>
            </TextLine>
        </TextRegion>
    </Page>
</PcGts>
