3320 4056
502 598 2840 759 7.4.1906. (anlässlich Schönherrs „Familie,Ge-
514 712 2992 904 spräch mit O.über das Dramatische). Es ist mir und
511 895 2918 1069 wahrscheinlich allen Juden versagt ein absolut
511 1016 2992 1217 gutes nrama zu schreiben. Dazu gehört eines, sich
505 1180 2840 1412 innerhalb des Gegebenen zu beruhigen. Weltan-
517 1347 2915 1546 schauungen,wie sie im 5.Akt des „Ruf“ und auch
514 1518 2868 1694 im „ Charolais“ zum Ausdruck kommen, heben das
499 1670 2980 1837 Dramatische auf. Der Held des Dramas muss inner-
508 1800 2974 1979 halb der bestehenden Gesetze weiterlaufen. Kern
508 1948 2986 2153 findet gerade den 3.Akt des „Ruf“ zukunftsträch-
517 2103 2986 2277 tig". Der Dramatiker mag von xxx Vergangenheiten
511 2277 2825 2487 schwer sein, zukunftsträchtig darf er nie und
508 2450 1152 2624 nimmer sein.
508 2583 2881 2778 24.9. Wenn man über sich schreibt, so lobt man
511 2751 2825 2946 sich immer.Spricht man von seinen Fehlern, so
517 2865 2844 3076 lobt man seine Bescheidenheit, seine Selbster-
517 3048 2971 3234 kenntnis, nennt man sich einen Schuften, so liegt
511 3184 2989 3376 darin eine leise verachtung für die anständigen
505 3336 2995 3556 Menschen, heisst man sich feig, so deutet man an,
511 3525 2881 3723 dass dermut meist eine lächerliche und höchst
1431 3822 1518 3928 Cette
