6632 4216
1308 520 2429 721 Gedasllsntsedt mier möb so
780 675 2108 899 möglichst nahalam meh ied ei-
552 1615 1077 1787 für, xxx
318 1761 1139 1971 .amab s wbnegri i¬
385 2529 602 2754 G.C.F.F:F:
403 2952 692 3154 eimn
350 3136 736 3323 .deslxen
274 3259 1110 3449 Isten m. I. hegsudm.
161 3376 1168 3653 Sie heute mehrg neb
4012 485 6354 783 cher-Zeiten. Die hohe Künstlerschaft erweist sich
4012 739 6217 917 doch erst im Stil. Uebrigens gewiss treffliche
4003 896 4657 1098 Schauspieler.
4021 1028 6342 1241 14.7.Siegfried Geyer, "Mary", Josefstädt, ertheater.
4018 1194 6179 1384 So begabt als man als Jude eben sein muss. Im
4015 1334 6339 1524 übrigen von tiefer seelischer Ordinärheit. Aller-
4015 1495 4949 1673 lei mir nachgeäfft.
4021 1673 6240 1822 28.7. Georg Hermann,“Schnee“. Ein recht kluger,
4012 1781 6065 2000 schwatzhaft-poetisch-schnoddriger Roman.
4015 1907 6205 2137 1.8. Dasgleiche. Feines Buch, doch manchmal gar
4021 2114 6150 2286 zu salopp. Jüdischer Fontane. (cum grano...)
4012 2260 6298 2427 14.9. Max Brod, "Heidentum, Christentum, Judentum".
4021 2429 6348 2613 Klug, allerlei Gesinnung, einiges Wissen,- und doch
4038 2573 5192 2759 was soll all der Schmus?
4021 2742 6246 2900 23.9.Geraldy, “Hochzeitstage“, Burgtheater. Viel-
4021 2859 6284 3081 fach feines, allzuoft Sentimentales, Konventionel-
4021 3025 5668 3244 les und allzu geschwätziges Stück
4021 3174 6363 3338 25.9. Martha Karlweis, „Gastmahl der Branicka“. (1)
4021 3329 6342 3551 Ihre Afferei geht ins Geniale. Ein Simili-Wasser-
4021 3498 5931 3688 mann,stellenweise von täuschendem Glanz.
