6648 4248
3873 484 4107 607 1923
4391 539 4690 743 stisch,
3879 647 6240 881 expressionisch (unselbstständige) Inszenierung des
3870 854 4517 1017 jungen Brahm.
3879 1001 6280 1177 14.2. Bert Brecht, Trommeln in der Nacht. Talentspu-
3873 1140 6144 1343 ren, nicht viel mehr,riecht nicht sehr nach Ent-
3873 1291 5965 1430 wicklung. Die ersten Bilder versprechen was.
3858 1408 6178 1618 18.2. Schönberg,Pierot lunaire (bei «lma Mahler),
3861 1605 6101 1778 Schönberg dirigiert, Erika Wagner singt. Mir war
3861 1759 6215 1947 die Musik durchaus missbehaglich;- Geist, Witz, Bis-
3867 1917 5056 2080 zarerie, aber Seele nicht.
3867 2040 6178 2215 25.2. Zola,Nana. Uebersetzt von Lucy v.Jakoby. Es
3867 2237 6055 2400 bleibt ein ausserordentliches Werk - wenn auch
3848 2419 6119 2545 keineswegs, wie man glaubte, ein naturalistisches.
3855 2530 5583 2665 Naturalistisch ist es nur im Detail.
3855 2653 6224 2899 2.3. Fridell, Judas-Tragödie (Burgth.Generalprobe).
3861 2835 6249 3047 Erster Akt wirkte sehr auf mich, dann immer weniger,
3839 2976 4671 3168 sogar unangenehm.
3855 3146 6240 3291 21.3.Marguérite,Garçonne. Ein mittelmässiges Buch
3824 3303 6304 3451 mit eingesprengten pornographischen Stellen, die Sen-
3842 3417 4859 3602 sation gemacht haben.
3848 3500 6286 3701 22.3. Renaissance-Theater, Marquis von Keith,von We-
3842 3731 6184 3870 dekind (mit Albert Steinrück, der ausserordentlich
