6632 4264
1714 604 2390 854 Dienständen ausg
1267 766 2305 999 re étude monsieur dans le
996 775 1171 978 G.F.P.
881 929 1690 1150 erworben münde.
456 1095 2040 1319 xxx. xxx ogst edstel.
531 1301 1654 1442 I mentes ams.amindsled on
1765 1304 2158 1451 G.H.F.P.M.
1859 1445 2010 1629 G.H.P.
398 1545 1593 1780 Gasszow 0 mus eid.önesmalg
1593 1590 2079 1786 G.C.H.F.P
1669 1729 1910 1877 G.C.H.F.P
519 1850 1982 2100 xxciertredad's lxxsz asb.dley
498 2001 1883 2206 a.v. nagtewdosreV komt) nedie¬
742 2145 1147 2372 G.C.F.P
1367 2191 2133 2366 als ando - us (
492 2459 1789 2710 (Inten) iedsend weremiseh.rede
284 2649 1705 2842 xxx nie. Hollxxxbrens aus
226 2758 1355 3024 alamat Tenixx für hiellei
3902 546 6225 709 15.11. Lenormands "Ratés" mit Anteilnahme gelesen.
3917 688 6270 890 24.11. Vier Stücke von Lenormand mit sehr grossem
3920 824 6095 1002 Interesse gelesen, die "Ratés" entzückten mich.
3905 944 6258 1165 29.11. Unruh.“Stürme”. Unsinn, zuweilen blühender
3926 1162 6328 1331 Wahnsinn, manchmal mit Methode. Im ganzen ein unleid-
3920 1307 6225 1473 liches Produkt trotz einiger sehr schöner Verse;
3917 1470 6261 1614 und gar nicht zu verstehen, wenn man nicht patholo-
3926 1599 6132 1768 gische Momente als gegeben annimmt. Bei "Platz"
3908 1747 6228 1976 hatte ich die Empfindung Verstörung,- diesmal ge-
3908 1907 4813 2088 radezu Zerstörung
3896 2085 6246 2248 30.11. Las das sonderbare Produkt eines 9jährigen
3920 2218 5314 2414 Buben Wolfgang Weixelgärtner
3908 2405 6174 2523 2.12. A.Schaffer, “Sünde”, Manuscript. Lächerlich.
3914 2538 5842 2713 Aber diese Pretention in Stück und Brief.
3896 2677 6171 2839 9.12. Spengler, “Untergang des Abendlandes”,2. Bd.
3914 2849 5676 2990 Bedeutendes, nicht überzeugendes Buch,
3896 2984 6291 3153 12.12. Franz Werfel, „Schweiger“. Ein gequältes, ver-
3908 3105 6186 3271 worrenes Stück, sozialistisch, okkultistisch.reli-
3911 3241 6334 3425 giös, psychiatrisch;- mit ein paar intensiven Dialog-
3890 3392 6222 3630 stellen. (Telefoniert darüber an alma, die gleich-
