6648 4216
5912 286 6071 469 46
3922 451 6363 655 13.3. Fulda, Jugendfreunde. (Favoritner-Theater,Heini)
3928 610 6357 811 Die Verlogenheit des Stücks. Wie sonderbar, dass die-
3907 756 6220 966 ser kunstverständige, lebenskluge, sehr begabte und
3901 929 6147 1112 reinliche Schriftsteller dergleichen Zeug nicht
3919 1109 5745 1304 nur schreibt, sondern auch für gut hält.
3907 1225 6336 1402 15.3. Vildrac, Paketboot Teunacity (Burgth). Feinas,
3907 1387 6269 1551 hübsches, etwas sentimentales Stück, keine dringende
3889 1551 5580 1701 Notwendigkeit so rasch zuzugreifen.
3907 1673 6333 1865 24.3. Las weiter in Dehmels sehr anregenden Briefen.
3901 1841 6250 2030 Unangenehm gelegentlich,wenn er als metaphysischer
3876 1999 6226 2161 Serualpathetiker oder auch sexualschwindler perro-
3876 2188 4196 2347 riert.
3876 2334 6132 2478 28.3. Lese Dehmels Briefe mit Vergnügen weiter;-
3873 2481 4882 2667 höher als ich dachte.
3870 2603 6171 2810 31.5. Guido Török, Das Labyrinth. (Kaufmänni-
3867 2767 6208 2913 scher Verein) Pretentiös-matoides Stück in der be-
3864 2950 6196 3078 kannten, jetzt modernen expressionistischen Manier.
3852 3084 6162 3316 17.6. Las Leonhard Franks Roman "Räuberbande" mit
3876 3224 4358 3371 Interesse.
3852 3352 6241 3526 19.6. Franck,Als Vagabund um die Welt. Allzu lang -
3858 3502 6308 3684 mancherlei Interessantes ; aber wie macht es so einem
