6648 4200
5921 264 6088 416 37
3915 364 4223 534 1920.
3909 507 6185 674 von Menschen liebe und ewiger Frieden, hinter
3909 672 5088 833 dem gar nichts steckt.
3909 824 6191 1038 Königsdramen von Strindborg. Einzelne ausser
3921 974 6229 1114 ordentliche, vielleicht grosse Züge, im Ganzen
3924 1135 5405 1290 recht schlampig, geschwätzig.
3927 1240 6173 1466 9.4. Werfel „Nicht xxxx, der Mörder
3927 1369 6164 1622 der Ermordete ist schuldig“. Hoehst begabt,
3927 1528 6232 1739 aber welche ethische und logische Konfusion.
3930 1707 5783 1927 10.4. Wildgans „Armut“, sein Bestes.
3950 1918 6170 2117 1.6. Generalprobo „Kassette“ von Sternheim,
3941 2023 6082 2226 Volkstheater. Bei aller Schätzung der Ei-
3930 2144 5399 2334 genart - keine Freude dran.
3935 2323 6296 2545 28.7. Pamin „Die schwere stunde“, aus dem b###
3941 2493 6085 2660 schewistischen Russland. Begabt, trostlos
3950 2604 6094 2768 18.8. Kamrerspiele, „Schloss Wetterstein“.
3944 2777 6147 2935 Dämonisches Marionettenspiel. Die Eigenart
3968 2906 6073 3085 immer stark und daher, trotzdem das Ganze
3950 3032 6258 3229 nft matt und widerlich, irgendwie versöhnend,
3962 3205 6270 3419 15.9. Las ein wahrhaft widerliches Buch von
3944 3346 6199 3598 Alfons Goldschmidt „Moskau 1920’ mit bol
3959 3551 6185 3803 schowistischen Allüren,unaufrichtig,kopier
