6648 4264
6009 353 6176 600 51
3853 421 4104 622 1923
3853 575 6265 745 probe Burgtheater. Beides in seiner Art vorzüglich;
3863 674 6315 956 und im Tiefsten irgendwie unwahr. Auch fällt ihm auf
3859 922 4874 1064 dem Weg zu wenig ein.
3863 999 6188 1212 14.1. Max Brod, Franzi. Ein Mann, der gewiss Talent
3859 1166 6293 1398 hat, klug ist und manchmal schreiben kann und mir im
3881 1314 6272 1515 Ganzen eine fast doch widerwärtige schriftstelleri-
3881 1466 6188 1695 sche Erscheinung bedeutet in seiner Wichtigtuerei
3890 1611 6185 1868 und Selbstgefälligkeit,die aus jedem Satz hervor-
3881 1868 4286 2038 spritzt.
3887 1988 6234 2128 17.1.Haydnsymphonie Lours. Nichts regt sich in un-
3884 2087 6303 2279 serer Seele mehr bei dieser Art von komventioneller
3887 2251 6340 2493 Musiziererei, die mehr von Arithmetik in sich hat als
3906 2415 6358 2601 von Kunst. (Und auch in Haydn klingt oft schon,in sei-
3906 2604 6389 2734 nen Kammermusikssachen die Ahnung einer Musik an, die
3903 2780 4985 2972 ins Metaphysische geht.
3897 2848 6343 3114 18.1.Bonsels, Biene Maja. Ein feines,poetisches Buch,
3900 3068 5279 3198 aber nicht sehr hohen Ranges,
3906 3142 6247 3414 3.2. Hans Müller, Vampyr (Volkstheaterpremière H.M.
3906 3368 6262 3529 spielte selbst die Hauptrolle). Ich fand das Stück
3897 3501 6080 3739 noch lächerlicher als aus der Lektüre, auch die
