6648 4200
1692 615 2354 824 40 Maobels N.Y.
1769 779 2271 955 xxxab aef.
2351 785 2802 940 nelach.
1781 904 2778 1128 asinta doadüd an obso
2020 1098 2903 1238 neuszändig eib ein
2283 1208 2897 1450 und das eine
2127 2775 2790 2969 baijaino lase
2059 2933 2644 3112 xxxv xxxx2
910 3040 1244 3228 al ree
1990 3070 2832 3261 hijsod ando J doi
597 3345 928 3518 V.A.S.
3819 457 4076 591 1919
3819 576 5914 821 17.6. Hasenclever,Antigone, Volkstheater.
3807 671 6141 910 Bis in den 3. Akt war ich interessiert.Die Be¬
3807 856 6111 1080 gabung schien mir zweifellos. Was dann kommt,
3822 1011 6093 1205 widerte mich in seiner Hochstapelei, inneren
3825 1167 6129 1361 Unwahrheit,Schlampigkeit aufs Tiefste an.Bei
3831 1340 6194 1584 dieser ganzen gruppe (man darf hier gene rali
3831 1516 6147 1662 sieren) mir das Unleidlichste, die Deklamation
3837 1680 6155 1841 von Menschenliebe, Güte, Opfermut - aus hasser
3825 1775 6069 1975 füllten Herzen. Diese literatische Sentimen¬
3849 1960 6135 2151 talität kalter, harter streber und Struggler.
3831 2089 6230 2297 Hasenclever, Kornfeld, das sind gewiss schon die
3834 2274 6227 2441 Talentierteren, und wer weiss, ob sie sich nicht
3855 2435 6069 2590 erheben. Freilich, die Unreinheit ist allzu
3855 2641 4288 2751 schlimm.
3849 2682 6030 2879 28.6. Richard Dehmels Kriegstagebuch. Las
3858 2832 6135 3106 nicht ohne Interesse. Er ist schon wer. Aller
3861 2999 6161 3208 dings nicht das und so viel, was er sich ein-
3873 3246 4252 3381 bildet.
3873 3285 6182 3503 29.6. Michel,Der heilige Candidus. Ein ziem
3864 3485 6150 3730 lich überflüssiges katholisierendes Theater
