3320 4040
426 351 2895 626 10.5.96. Ich werde mir die Politik nie einreden
426 592 2804 745 lassen. Sie ist das Niederste und hat mit dem
441 736 2742 861 Wesen der Menschen am wenigsten zu tun. Die
441 911 2886 1052 grossen Bolitiker waren entweder Monomanen oder
438 1067 2729 1196 grosse Spieler mit Meuschen. (Kombinierende,
429 1161 2814 1365 also wohl Künstler). Gerade was sie uns einre-
438 1340 2754 1493 den will, dass sie für die Massen wichtig ist
435 1455 2836 1631 ist falsch. Es handelt sich in der Politik nur
426 1668 2873 1790 um Schicksale von Einzelnen,-vorerst, deren Aen-
435 1772 2754 1953 derung das der Andern-natürlich bedingt. Die
432 1937 2767 2094 Sozialpolitik (immer) staht dem Menschlichen
435 2116 2920 2294 näher, sie befasst sich vor allem mit dem Hunger.
441 2247 2889 2454 Wofür ich mich interessiere fängt jenseits die-
432 2429 2892 2567 ser Dinge an. Wenn die Menschen nicht mehr hun-
454 2607 2917 2723 grig sind und der politische Schwindel überflüs-
451 2729 2858 2886 sig geworden ist wird sie sich ausschliesslich
435 2880 2598 3027 für Kunst und Wissenschaft interessieren.
451 3014 2920 3202 31.7.96. Bei Betrachtung von kunstwerken können
438 3183 2276 3371 schon schweigende Begleiter stören.
451 3340 2942 3518 18.11. 96. Manchmal ist's, als flöge man so rasch
438 3496 2955 3712 durch die Zeit, dass man sie um die Ohren pfeifen
438 3681 701 3822 hört.
2995 110 3092 300 2
