3368 4104
2709 321 2819 532 2
560 491 3027 732 Gesandtschaftsattache Emil lernt die Modistin Melanie
373 660 3054 864 kennen. Unschuldiges Mädchen,- ganz merkwürdig unschuldig.
332 829 2892 1005 Im Anfang lässt ihr freies Wesen ganz Anderes vermuten.
377 978 3082 1164 Naivetät. Plaudert ganz harmlos mit Emil. Erzählt auch von
356 1130 3120 1327 einem jungen Mann, der etwas schüchtern in sie verliebt ist.
352 1289 3058 1448 Er gefällt ihr recht gut, dieser Benno. Emil versucht, die
352 1423 3068 1596 unschuldigen Gefühle Melanies in Sinnlichkeit hinüberzulei-
349 1582 3127 1759 ten. Er spricht von Liebe, sie lächelt, drückt ihm die Hand.
397 1734 3092 1928 Nicht mehr. Sie gehen spät abends durch Gärten. Liebespaa-
356 1890 2971 2059 re. Mela giebt Emil einen Kuss, aber nicht mehr. Sie ist
377 2052 2951 2197 verzweifelt unschuldig. Emil nimmt sie in seine Wohnung.
363 2173 3096 2380 Sie trinken Champagner. Emil wird kühl, spricht grosse Ide-
425 2374 2923 2519 en über freie Liebe und dergleichen. Sonderbare Nacht.
359 2508 3092 2702 Emil drückt sie heiss an sich, er kommt seinem Ziele näher.
377 2643 3071 2833 In jener Nacht begegneten sie dem Benno, der nicht mehr so
418 2816 3068 3013 ganz schüchtern ist. Emil muss plötzlich abreisen. Er ist
380 2961 3047 3168 wütend. Mela trifft Benno. Benno besitzt sie. Zwei selige
377 3154 3023 3317 Nächte. Mela zeigt sich bereits in ihrer ganzen Sinnlich-
384 3300 1472 3490 keit, beinahe Wildheit.
608 3400 3172 3659 Emil kehrt zurück, ganz Feuer und Flamme. Er hofft, nun
