3400 4104
366 442 3030 679 endlich Mela völlig besitzen zu können. Siehe da, wie sie
359 662 3033 853 ihm schmeichelt, ihn küsst! Er ist anfangs entzückt, hört
362 804 3019 972 ihre seltsamen Reden, wird befremdet. "Du küsst ganz gut,
313 940 3117 1188 Emil, aber Benno küsst besser.“ Emil, sonst nicht difficile,
366 1080 2943 1334 ist wütend, dass er sich gerade in ihr, deren Eroberung
327 1233 3082 1410 ihm so schwer war, getäuscht hat und sich für einen Dritten
334 1407 3051 1581 so sehr bemüht hat. Er rennt davon, sie lacht und schreibt
331 1574 1567 1780 ihm ein kleines Briefchen.
