3368 4088
2307 443 2705 674 24/X.80.
291 453 1051 699 Für den Dritten.
512 626 3033 885 Emil lernt ein unschuldiges Mädchen kennen und hat die
284 847 2992 1048 Absicht, sie zu verführen. Es wird nun geschildert, wie er
304 979 3030 1176 sie nach und nach aus den Gefühlen der Unschuld hinüberlei-
304 1121 3082 1318 tet in sinnlich erregte. Er ist seinem Ziel nicht mehr fern.
297 1280 2912 1460 Da will es das Unglück, dass er auf zwei Tage fort muss.
301 1439 3040 1660 Unterdess wird das Mädchen mit leichter Mühe von einem hüb-
360 1598 3033 1805 schen Menschen, Adolf, den sie von früher her schon kennt,
329 1757 2950 1916 verführt. Emil kehrt zurück und ist nicht wenig bestürzt,
367 1906 2971 2110 wie er als genusssüchtiges Weib wiederfindet, die er alse
384 2065 1463 2259 Jungfrau verlassen hat.
