4463 4135
1647 452 1864 615 3, à 3, 4, 0,
2299 437 2620 617 V.,, No. 1,
2620 493 3084 617 '̃ ̃ •  =
1297 443 1539 650 " " "
3480 481 3724 621 V. P.
396 723 2067 926 er selbst der Tragende, der Mittelpunkt, ist mir
2146 820 3751 965 Werk vollendet, das mein einziger Trost, meine
406 882 1999 1050 noch in der schwebe des Schicksals. Vielleicht fehlt
2162 944 3809 1089 innere Sicherheit gegen den Widersinn der Zeit war.
414 996 2024 1150 mir hier eine Einsicht, aber da ich spreu in aller
2173 1058 3768 1187 Bewusst habe ich die Gesetze des realen Theaters
418 1127 2022 1272 Verehrung doch als Aufrichtiger gegenüber stehe,
2173 1170 3776 1307 unwachtet uns wie sie es un Medardus saten,
431 1224 2038 1369 muss ich bekennen, dass mein angereizter Hun¬
2171 1280 3803 1396 die Grenze von Raum und Zeit weit überschritten.
427 1338 2024 1473 ger des Miterlebens sich nicht gesälligt empfin¬
2181 1386 3834 1510 Selbst verständlich kann es, schon aus Censurgrun¬
431 1429 2019 1564 det was ich habe mir über den Rand des Buches
2189 1516 3819 1601 den, kein Theater während der Kriegszeit spielen, aber
427 1560 1982 1688 nachräumend in verschiedensten Formen diese
2196 1591 3817 1746 ich habe schon Annahmen und zu sicherungen für
433 1655 1978 1787 Existenz weitergedichtet. Aber vielleicht ist dies ja
2204 1705 3795 1829 später und das Bewusstsein, nicht ganz versebens
425 1769 2001 1893 das Beste an einem Büche, wenn es nicht nur das
2200 1823 3790 1951 dreier Jahre gepresste freie Stunden unter Aufgabe
425 1893 1953 1995 passive Geniessen befriedigt, sondern noch eine
2198 1920 3745 2030 aller Geselligheit, aller Freundschaft, alles Freude
427 1980 2011 2150 geheimnisvolle Jahrung des Gefühls zurücklässt, die
2210 2044 3819 2177 an dieses Werk gewandt zu haben. Jetzt freilich schlägt
423 2117 1966 2237 selber noch einmal die Gestalten umwühlt und
2210 2148 3815 2270 nur die Unadigheit schwer in den Nacken: ich frage
418 2210 785 2334 verwandelt.
2206 2260 3848 2388 mich, warum es mir als Einzigen versagt ist (nehme
655 2322 1945 2471 Korkenals, aus ganzen Herzen meinen
2214 2355 3805 2519 ich werfel aus) einmal einen Monat frei und sich
412 2434 1889 2577 lank! In den nächsten Tagen sage ich ihn
2216 2500 3795 2630 selbst gehörig leben zu dürzen und nicht täglich,
404 2523 1964 2691 auch durch das gestaltete Wort, durch mein
2216 2604 3817 2746 nun fast 1000 Tage schon, in ein so stumpfsinniges
398 2633 1990 2804 neues Buch. In diesen drei Jahren erniedrigen¬
2220 2715 3776 2850 Joch gezwängt je sein. Aber ich klage nicht mehr:
383 2759 1893 2898 den, urlaublosen, täglichen Dienstes habe ich
2208 2815 3836 2968 das Stück selbst u ja meine verwandelte und erhobe¬
383 2827 1870 3043 mit Auskannung aller Kräfte endlich dieses
