4500 4136
2162 514 2329 593 is
1471 1043 2542 1234 Lieber verehrter Herr Dohtor, das
1512 1211 2596 1364 Zimmer im Ostern. Hof ist für zweitig
1521 1338 2575 1454 reserviert. In der Annahme, dass Sie
1531 1431 2544 1540 um 5 Uhr ankommen werden wir
1543 1535 2600 1663 um 1/2b im Ortern Hof den Thee net.
1596 1618 2139 1701 und das auf die warten
1552 1628 2572 1740 men. Ich hätte Sie natürlich ja uns
1550 1732 2533 1869 gebeten, aber R. will nachher um
1558 1826 2607 1945 3/4 8 zu dem Concert der kammer um
1559 1906 2625 2034 sich und wie speisen dann gleich unten.
1577 2027 2563 2146 Sind sie aber Sacurtag noch da, so
1574 2120 2621 2252 bitten wir Sie herzlich mittags bei uns
1578 2207 2592 2333 mit R. ja speisen. Zu Herzlichheit er
1593 2341 1864 2445 geben zu
2219 2391 2594 2569 Tetanzweig
