4435 4135
548 580 3737 842 selbst in seiner „Großen Steue“ fehlte ihm halten wirren. Die menschliche Wärme
2232 727 3812 917 strömt manchenal zwischen den Worten am
572 778 2160 973 die Schwünskraft, die widerstandslos hi¬
2228 846 3769 1029 statt sich mit ihnen chemisch zu binden.
592 901 2184 1084 nüberreint, die Selbst beranntheit über¬
2248 969 3804 1140 habe einmal bei Brahm empfunden, wie
604 1017 2141 1227 haupt, er hatte in beiden ersten Stücken
2268 1096 3820 1263 man gerade in Wien (wo man's doch am
596 1144 2164 1326 nicht das, was die Menschen entschuldigt.
2276 1183 3832 1354 ehesten sollte) immer ein wenig leichter
600 1243 2117 1446 und was Sie doch so sehr in die
2287 1279 3848 1473 machen will, als ne's wirklich specifisch
2299 1386 3828 1561 sind: ich spüre selbst im July zu spiel da
608 1366 2137 1533 Rolle mitgegeben hatten, bei dem ersten
2299 1501 3836 1708 gestrigen Abends, im „Bacduifer“ so schö¬
620 1485 2152 1660 die concentrierte Leidenschaft, bei dem
2303 1592 3836 1795 ne Dinge, dass ich sie ganz geniessen uns
600 1600 2188 1791 zweiten die sprunghafte, aber sei deuschaft,
2311 1712 3848 1902 nicht gerne überspielt sehen wollte. Aber
608 1724 2180 1886 wärme doch in den beiden. Bassermann
2343 1819 3797 2057 freilich, das Theater soll ja nicht den
616 1831 2188 2005 wird sicherlich unendlich besser sein und
2339 1946 3816 2137 einzelnen Geniessern sondern dem Publi¬
620 1950 2208 2113 auch besser secundiert werden als in dieser
2351 2057 3804 2252 cum dienen und so war ich (so sehr
623 2057 2196 2252 sonst recht gelungenen Aufführung, die nur
631 2184 2180 2363 (wie so oft im Burgtheater) das Conversa¬
2355 2184 3820 2347 mir manches schöne Wort fehlte auch
647 2287 2137 2474 tionelle nach oben kehrte und das
2363 2311 3773 2474 der geschwinderen Form froh, weil ich
647 2415 2089 2597 zuuerliche drüchte. Ich glaube, man
2359 2422 3789 2589 sah, wie sehr die drei Hüche gewicht
659 2502 2141 2704 kennt Sie nicht gut, wenn man Ihre
2367 2518 3848 2740 haben. Gewidkt haben gegen eine düstere
655 2613 2152 2820 stüche nur im Heater und gerade bei
2407 2645 3848 2835 Zeit, gegen einen Hintergrund, der jedes
659 2728 2168 2927 Uns nu Theater gesehen hat: irgend ein
2383 2764 3797 2943 Echo privaten Problemen verweigert,
2736 2883 2939 2963 haben of
675 2847 2121 3034 Geheim in volles schwebt da weg,
2383 2879 3840 3102 und dann die diebenfachen Goldprobe¬
671 2967 2133 3177 eine Atmosphäre, die sie nicht ganz zu
