3141 4135
2092 1247 2433 1364 26. Juli 29
2027 1361 2256 1429 SALZBURG
1981 1405 2321 1496 KAPuzINERBERG 5
528 1372 666 1640 3
411 1564 2501 1733 Verehrter uns liebes Herr Doktor, ich Sabe (Soffent¬
427 1702 2491 1835 lich zum erstenmale in unsern Bezielungen) einen klei¬
442 1830 2517 1981 nen Verstoss gegen die guten Sitten begangen. Aber die
455 1965 2511 2098 innere Gesinnung darf da wohl Pardon erbitten. Mich
455 2085 2527 2212 dränkte es nämlich seit langem, dass ich nie die ver¬
455 2204 2501 2355 te Gelegenheit fand, meine Verehrung und Liebe für Sie¬
453 2350 2420 2506 öffentlich Eundzugeben. So habe ich Ihren kamen
468 2470 2506 2616 auf das Widmingsblatt meines Fondé-Buches drucken
