4508 4136
1418 442 2019 651 '   ̃
2133 492 2447 613 Monsieur M. G. A.
2832 468 4028 673 1 1/2 „ „ —: —: 5, 4, 4 „
404 484 1300 657 1 ̃,,,, v.,,
2254 1071 3791 1231 gen allzu wienerischen Milieu ausge¬
526 1049 2115 1223 künstlerische Plastich seiner Vychologie
2260 1209 3859 1334 wichen sind, das gesellschaftliche Probleen
544 1227 2149 1384 Freilich, wie ist sie verborgen, wir wenige.
2260 1334 3869 1486 als geringes gegenüber dem blutmässigen
558 1354 2095 1511 werden spuren, dass hier der Anker bis
2256 1448 3851 1609 liefinnersten empfinden, spüre ich mit
566 1478 2077 1635 in die Antiefe, im letzte Geseineuis der
2278 1557 3837 1709 geradezu persönlicher Dankbarkeit. Ich
570 1599 2133 1762 Gebensängst gelegt ist und werden mei¬
2274 1671 3885 1836 weiss nicht, ob ich es trotz meiner grossen
568 1728 2101 1886 neu — wie ja ich selbst merst - das
2284 1820 3859 1957 und nie gebeugten menschlichen ver¬
572 1854 2117 2005 Schiff steure ein wenig willkürlich auf
2286 1910 3797 2077 ehrung vermocht hätte, Ihrem Werke
579 1973 2155 2135 seiner Strömung! Es ist mit solcher Nob¬
2288 2057 3845 2204 auf die Pauer treu zu bleiben, wenn
589 2113 2125 2250 lesse das Angesagte gesagt und das Ge¬
2304 2165 3845 2292 es nu bourgoisen, oft lypisch wieneri-
583 2216 2097 2364 sagte wieder um seine Härte gebracht
2304 2290 3811 2429 schen problem sich begrenzt hätte. Ich
589 2312 2137 2493 daß ich mich im Sinne der höhern Ge¬
2322 2410 3869 2551 habe an Ihrem Werk immer die Bücher
587 2457 2137 2605 rechtigkeit (von der wie doch einzig den
2296 2527 3853 2678 am meisten geliebt, wo der Inhalt ein
595 2575 2061 2732 fürchtbaren Dank haben) unendlich
2314 2658 3865 2810 all menschlicher, allgültiger war (Frau
595 2670 2105 2860 freue, noch ein mal dies Buch begonnen
2300 2760 3835 2907 Berta Garlau, Reigen, auf des Lebens
585 2812 2079 2955 und beendet zu haben. Dass Sie, wie
2310 2877 3871 3045 die letzten Uorellen) und bin so glück¬
583 2937 2151 3095 schon in der letzten Norelle, dem einsti¬
2322 2985 3740 3190 lich, dass diese Verinnerlichung
