4552 4135
593 761 2122 955 Notwendigen heraugedrängt, dass -
624 904 2177 1094 wie in jedem vollendeten epischen Werk
642 1081 2187 1216 - es gar keine Stauptfigur mehr gibt, son¬
630 1206 2200 1376 dern jeder von seiner Seite das geschehen
652 1333 2159 1484 beherrscht und ihr Eegenemanderspiel zu
652 1441 2177 1619 einem harmonischen kämpf der Kräfte
664 1574 2136 1703 wird. Reute es mich im ersten und
660 1681 2200 1873 mittleren Teile, das Geschebnis nicht dra¬
669 1813 2149 1963 matisch gestaltet zu sehen. Ich habe
687 1916 2163 2089 das Empfinden, als hätte sich der Stoff
683 2050 2151 2208 ihnen zuerst draualisch dargestellt, so
668 2179 2177 2335 starh ist das plus tische Entgegentre¬
683 2308 2234 2464 ten der Figuren — der Schluss überzeugte
687 2421 2204 2578 mich durch seine Harmouie, dass hier
695 2543 2228 2695 Die Form zu wählen war, die Horelle das
705 2686 2212 2834 einzig mögliche, weil nur sie die erha¬
695 2805 2188 2993 beue Beschwichtigung so erregter Gefühle.
697 2926 2185 3087 duldet. Ich muss für sie befürchten,
697 3048 2204 3257 dais Sie auf manche Gegnerschaft gera¬
2273 773 3815 930 de dies mal stossen werden, weil Sie in
2282 916 3784 1063 se grosser Wahrbafligheit dem hi mitiv
2314 1032 3809 1186 Gexnellen entgegengetreten sind, inders
2312 1149 3798 1321 die meisten Menschen aus einer merk¬
2318 1274 3803 1431 würdigen innern Verlogenheit jede ihrer
2314 1396 3827 1529 rein secuellen Empfindungen mit dem
2339 1507 3786 1666 Begriff Liebe verbrämen und ein selbst
2335 1613 3854 1783 im Kunstwerk, das reine nakte Blutgefühl
2339 1756 3835 1905 nicht dulden wollen: sie verwandeln
2331 1865 3807 2024 dann gern ein falsches Schaingefühl in
2324 1948 3813 2151 moralische oder asthetische Abneisung
2331 2069 3800 2265 Indeis ich gerade jene Intensität des
2351 2198 3809 2361 Körperlieden in Verbindung mit der
2351 2308 3788 2472 abmosphärischen Elehtricital dieser
2359 2427 3868 2602 (wundervoll hingemalten) Sommertage
2341 2558 3882 2719 als stärtste Wahrheit dieses Werkes empfin¬
2353 2670 3848 2846 de. Der Schluss hat freilich auch mich
2351 2795 3852 2956 im ersten Lesen befremdet, dort bin ich
2351 2926 3848 3097 meiner hier weniger sicher als Ihrer
2353 3058 3888 3247 und zweifle nicht, dass eine zweite und
