3155 4135
327 430 2753 684 dieser kleinen Studie, die mir den Rand zu berühren scheint, in Wahrleit
342 620 1912 774 aber auf das wesentliche Ziele, sehr gefördert.
363 705 2701 895 Ich fahre jetzt ein wenig nach Süden, hoffentlich in neue Arbeit
378 805 2744 1013 finem. Das letzte Jahr war aüsserlich so gut zu mir, dass ich nun
390 944 2771 1086 doppelt ausprudsvoll wider mich sein muss, um den unerwarteten
399 1062 2747 1240 Erfolg nicht zu démentieren. Aber je schwerer sie wird, desto lieber hat
402 1177 2831 1325 man die Arbeit: ich weiss, es geht Ihnen ebenso und nie war der geistiger
420 1246 2432 1407 Ertrag fülliger und bedeutbamer als in den letzten Jahren.
420 1337 2853 1525 Mäss ich noch besonders sagen, wie sehr und innig ich Ihnen anhänge.
430 1497 2532 1612 Ich hoffe, Sie wissen's uns gedenken freundlich Ihres getreuen
2114 1688 2813 1897 Stefan Zweig
2444 3766 2910 3939 setan zweir
