4499 4135
1215 571 2881 713 Verehrte Freund! Nur einen Karten 25. F. 94.
1221 654 2868 803 gruss – weil diese eichere ouchonnt. Gliec über
1221 746 2912 879 crivanten interessantes Sehln. Nuregungen
1210 825 2845 957 kunstlerischer u. menschliche Art. Viele
1225 924 2887 1071 Regiebungen angeknüpft. Von unserm östervi¬
1213 991 2904 1141 chisch-ungarischon Gesandtschaft ausser
1219 1054 2815 1225 ordentlich aufgenaufen worden. Verlau sich
1217 1141 2815 1295 bleibe ich hin. Es ist aber möglich, dass
1213 1210 2870 1358 ich wenn das Weltes so heurdi schon u
1217 1297 2872 1470 warm bleibt für einige Zeit an den Gen.
1236 1398 2862 1556 bei See gehe. Gestern fuhr sich mir auf ein,
1242 1482 2870 1609 von Stünden nach Orielay ein Samenbach neb
1229 1550 2906 1719 nen. Also bestimmt weiss ich noch nichts. Über
