4482 4057
1419 868 2172 1140 Wien, 16. Januar 19.
1419 1100 2940 1283 Lieber verehrter Herr Dohtor, den Aus¬
1423 1236 2803 1411 schnitt aus dem Journal de Genève
1432 1350 2976 1500 sandte ich Ihnen schon vor paar Tagen
1423 1484 2945 1638 durch Stringa. Von Romain Rolland habe
1467 1572 2980 1753 ich plötzlich keine Briefe mehr, die Censur
1452 1692 2947 1864 hat auscheinend unsere — doch Zweifel
1457 1822 2982 1964 los staatsgefährliche und an den Funda¬
1461 1922 2980 2081 menten Österreichs rüttelnde — Correspon¬
1457 2047 2968 2208 denz unterbunden und abgedroselt. Ich
1473 2143 2936 2298 schreibe ihm über Italien und wende
1473 2262 2911 2442 mich übrigens heute noch an die Brief
1484 2387 2984 2554 censur direct, um ihr den Begriff Romain
1484 2498 2790 2661 Kolland aufzuklären. Hoffentlich
1482 2609 2918 2782 lingts. Niele viele Grüße Schres getreuen
2427 2732 2853 2949 Gelauwe
