3113 4135
2138 366 2407 435 SALZBURO
2110 421 2447 512 KAPuzINERBERG 5
2184 472 2745 658 2. November 1929.
1322 447 1878 670 Spanne.
1179 724 2198 947 Lieber, verehrter Herr Doktor!
1048 1016 2788 1171 Ich nütze jede Gelegenheit gern, mich an Sie zu wenden,
587 1114 2708 1245 und die vorliegende ist ein Brief von Herrn A. del Vayo, (dem Leiter
595 1199 2676 1371 des Verlags Editorial Espana, Madrid, Palicio de la Prensa, Plaza
1946 1302 2150 1363 3 rueux ou un autre sont
2550 1297 2662 1385 des
1208 1325 1400 1391 auoque
595 1337 2828 1440 del Callao 4), der sich bei mir beklagt, dass er an Fischer wegen Ueb er-
744 1431 927 1526 Rechts
598 1451 2868 1569 setzung Ihrer "Therese" geschrieben habe, ohne aber eine Antwort zu er-
595 1549 2894 1669 halten. Er lässt Sie nun durch mich bitten, erstlich, dass Sie dort nach-
607 1652 2874 1772 fragen mögen, zweitens, ob Sie ihm bald etwas Neues von sich in Aussicht
604 1732 2868 1889 stellen könnten. Ich kenne ihn persönlich und die geschäftlichen Bezie-
1597 1826 1984 1892 A.M
604 1849 2399 1967 hungen zu dem Verlage sind durchaus angenehm und korrekt.
1076 1944 2791 2072 Noch in den nächsten Tagen grüsst Sie ein kleines Buch
604 2052 2785 2170 Erzählungen von mir und hoffentlich habe ich endlich Gelegenheit, bei
615 2153 2874 2284 Ihnen vorzusprechen. Mein letzter Aufenthalt in Wien war furchtbar über-
613 2238 2814 2384 hetzt und als ich endlich bei Berta Zuckerhandl Ihre geheime Telefon-
1889 2342 1981 2407 ouvrire
607 2396 2788 2528 Nummer auskundschaftete und Sie anrief, meldete sich an jenem Sonntag
607 2476 1537 2608 Nachmittag niemand bei Ihnen.
1082 2505 2453 2722 In alter Herzlichkeit und Verehrung ergeben
2230 2694 2359 2800 Ihr
2187 2805 2905 2997 Hefan Zweig
615 2920 1457 3051 Herrn Dr. Artur Schnitzler
615 3020 873 3137 w i e n
613 3137 933 3272 1 Beilage
