4490 4151
1530 804 2121 934 Hotel Beaujolais
2295 813 3108 993 Zweig 15. März 1913
1536 902 2230 1024 15, nue de Beaujolais
1549 1021 1806 1145 Paris -
1562 1187 2364 1347 verehrter Herr Pohtor,
2353 1323 3125 1428 seit einiger Zeit in
1589 1423 3023 1562 Paris habe ich heute Paul Morisse zum
1599 1560 3070 1665 erstenmal gesprochen und eile mich, Ihnen
1599 1671 3081 1795 sein Stillschweigen zu erklären. Morisse hat
1614 1767 3105 1914 Ihr Stück längst übersetzt, sogar eigens in
1614 1891 3088 2017 München einer Aufführung beigewohnt und
1615 2004 3088 2116 gibt sich alle Mühe. Wenn es Ihnen nicht
1614 2129 3070 2212 schrieb, so war es einzig die Scheu, nichts
1617 2221 3053 2353 Negatives melden zu wollen. Es bedeutet
1638 2316 3086 2471 jà für Sie nichts Peinliches, wenn ich es
1632 2440 3092 2556 nun übernehme Ihnen zu sagen, daß bei
1632 2547 3075 2686 zwei Theatern seine Schritte vergeblich ge¬
1638 2651 3103 2801 wesen sind, so sehr man das Werk rühm.
1638 2773 3088 2918 te, auch Antoine konnte sich nicht ent¬
1623 2886 3088 3005 scheiden. Augenblick liegt es beim Theater
1630 2984 3088 3129 des Pariétés, wo die Hoffnungen auf schwa¬
1639 3108 3066 3257 chen Füssen stehn, besonders bei der zegi¬
