3141 4135
2514 301 2674 459 i
1936 391 2231 529 SALZBURG
1907 510 2241 612 KAPuzINERBERG 5
1889 575 2322 715 6. Juli 1929.
1485 666 1889 863 G.C.H.F.K.P.
2171 694 2285 840 G.C.H.F.P.
337 806 1423 959 Hochverehrter, lieber Herr Doktor!
1454 845 2358 967 re dieioi iknesimd enoïidre
1423 925 1770 1042 G.C.F.D. mn
539 941 619 1036 P.S.
847 946 1011 1036 G.F.P.
1094 951 1187 1034 G.H.F.P.
526 1021 2363 1151 Ich bin immer so erfreut, Ihre Schrift und Unterschrift zu
337 1088 2376 1244 sehen. Eigentlich hatte ich im Stillen gehofft, Ihnen bei der Er-
337 1233 2358 1340 öffnung des Pen-Klubs in Wien zu begegnen, aber ich war nur zwei
345 1332 2381 1464 Tage dort. Eine Hemmung, die ich selbst nicht zu erklären vermag,
347 1436 2322 1555 hält mich seit Jahren von Wien und Berlin weg. Nur so ist es zu
339 1537 2216 1677 erklären, dass ich es nicht wagte, mich bei Ihnen zu melden.
523 1648 2285 1762 Roda Roda hat einen sehr richtigen Gedanken, wenn er die
337 1744 2415 1871 Manuskripte entweder als ganze Sammlung oder in Serien versteigern
345 1848 2368 1962 lassen will, denn es entstünden sonst leicht aus der Verschieden-
339 1956 2376 2081 heit der erzielten Preise Rivalitäten und die überflüssigsten Be-
337 2055 2407 2179 leidigungen. Legt er immer drei oder vier Manuskripte zusammen, so
339 2164 2293 2283 kann jeder einzelne von den dreien oder vieren sich freundlich
332 2267 2324 2379 einbilden, er sei das Haupt- und Kapitalstück gewesen. Während
334 2374 2288 2485 in allen anderen Ländern die Manuskripte der lebenden Schrift-
329 2469 2415 2604 steller rasend teuer sind (ein Shaw oder Galsworthy Manuskript von
337 2583 2260 2692 einigem Umfang würde nicht unter hunderttausend Mark zu haben
332 2679 2226 2809 sein), pflegt Deutschland als Land der Historie nur die Ver-
334 2788 2252 2923 gangenheit und hat für gegenwärtige Autoren kaum nennenswerte
332 2889 2285 3001 Preise. Immerhin schätze ich doch, dass ein solches, der deut-
332 2990 2293 3117 schen Literatur dauernd angehöriges Werk wie der "Grüne Kakadu"
329 3091 2405 3229 mindestens tausend Mark einbrächte, umso mehr, als ich mich
326 3172 2379 3306 nicht erinnere, niemals andere Arbeiten von Ihnen als Gedichte und
334 3275 2387 3407 Briefe im "Handel" gesehen zu haben. Es muss aber auf jeden Fall.
321 3382 2226 3511 und da hat Roda Roda ganz recht - eine Form gefunden werden.
