4501 4168
1051 1064 3207 1306 ne le componcet pas encore plus. Ad que les gens sont
1086 1217 3228 1477 tous! C'est presque comigne. Wirklich – dieser Verruch
1081 1362 3201 1552 auch Sie jetzt einzubeziehen in den grossen teutschen Bann
1086 1440 3231 1652 war plou zu ärgerlich! Wird man all dies in zehn Jahren
1102 1555 3220 1764 noch verstehen können? Wie denke Ihrer oft und in Herz¬
1107 1670 3185 1896 lichkeit; hoffentlich hat die tragische Monotonie der an¬
1102 1759 3234 1987 dauernden bewegungsoloren Kämpfe auch in Ihnen wieder die
1126 1885 3223 2094 Arbeit als Gegengewalt hochgebracht. Wenn ich habe heinen
1153 1971 3207 2199 bessern Wunsch als sie wieder schaffend nur gesammelt
1153 2057 3242 2354 zu wissen, dass wenigstens hier im geistigen etwas Frücht¬
1156 2217 3228 2432 bares bleibe aus diesen sinnloren Tagen der Vernichtung
1158 2343 2668 2553 Ihnen nur Ihrer lieben Frau herzlich getreu
2705 2351 3247 2558 Stefan Zweig
