4491 4152
3230 480 3561 643 .... 7.
2494 459 2678 604 10
3604 471 3751 688 D'
2226 860 3782 1013 Threm Garten, Die wundervoll dass die
2248 982 3766 1104 in einem Alter, wo andere sich schon
2267 1102 3798 1238 zu wiederholen beginnen, erst alles Tru¬
2280 1203 3770 1345 here in einer neuen Zusammenfassung
2273 1319 3799 1449 übertreffen, wie tröstend für uns Jünge¬
2280 1430 3799 1548 re, wie herrlich ermutigend! Nun haben
2294 1536 3708 1649 Sie mir die Ungeduld genommen, es
2300 1639 3774 1763 kennen in lernen und schon habe ich
2308 1746 3765 1866 eine neue: so bald auf der Bühne zu
2311 1877 3796 1988 sein. Ich weis, es wird ein Tribunal
2323 1988 2633 2108 werden.
2559 2067 3799 2195 morgen damme ich ins volks.
2333 2193 3805 2313 Lenn und bin schon in freudiger Uen¬
2339 2304 3801 2453 gierde geregt, Ihre frau Gemahlin sin¬
2362 2418 3786 2571 gen zu hören. All meine guten Grüsse
2356 2513 3402 2678 voraus. In Treue ergiben
3137 2747 3792 2935 Befansweig
