4500 4136
2529 1314 2992 1443 26. IV 1916
2418 1465 2792 1611 VIII. decHGASSE 8.
1017 1406 1166 1683 3
1015 1723 2968 1918 Lieber verehrter Herr Doktor, ich wollte es Ihnen seit
1012 1898 3002 2052 langem sagen, dass Sie es nicht zalsch verstehen mögen,
1040 2010 2955 2161 wenn ich mich gar nicht bei Ihnen zeiste und an¬
1057 2138 2972 2317 fragte — ich habe mich in die Nähe Wiens zurückge¬
2596 2267 3007 2364 eläisen aikaan sekä
1059 2297 2896 2411 zogen, um von meinem zerstückelten Leben den armen
1052 2398 2943 2515 Rest für Arbeit nützen zu können. Umsomehr freue ich
1049 2537 2965 2678 mich, Ihre liebe Frau Samstag zu hören und Loffentlich
