3155 4135
363 779 1541 964 Sehr verehrter, lieber Herr Doktor!
1777 891 1900 1015 and
734 891 1442 1054 eiferndam xxx dass xxx
602 947 2463 1150 Von einem Menschen, den man liebt, ausgelacht zu werden
349 1074 2449 1271 tut nicht sehr weh. So gestehe ich Ihnen offen das kuriose Faktum
405 1164 2446 1363 ein, dass ich gar nicht weiss, was für Bedingungen ich damals für
295 1273 2553 1439 meine Erlaubnis der russischen Gesamtausgabe gemacht habe. Ich bekam
413 1380 2527 1549 einmal 150 Dollar und einmal 50 Döllar, setzte für Specht eine recht
410 1490 2519 1653 anständige Deschlung durch. Seit der Zeit habe ich keine Abrechnung
408 1600 2429 1740 bekommen und sie auch gar nicht eingefordert, wie überhaupt xxx
1968 1667 2167 1735 G.C.H.F.P.P
413 1704 2522 1875 meine ganzen materiellen Angelegenheiten in einer etwas fantastisch
2021 1760 2499 1858 in Juseca Bozug
430 1785 2474 1962 leichtfertigen Art von mir geführt werden. Ich glaube, allemand
433 1889 2567 2080 Rekorde zu schlagen, weil ich immer das annehme, was man mir schickt
424 2021 2488 2184 und nie nachfrage und mich erkundige. Im allgemeinen stehe ich auf
436 2097 2474 2316 dem Standpunkt, dass aus dem Ausland mit Ausnahme von England und
433 2207 2494 2359 Amerika nichts zu holen ist. Die russischen Bücher sind dermassen
439 2322 2446 2513 billig und unsere Rechte so dubios, die Zeit mit Korrespondenzen
436 2378 2553 2567 und Mahnungen ansererseits so kostbar, dass ich einfach da die Züge
444 2519 2584 2704 rennen liess. Auch was ich von Norwegen, Schweden, Polen, Ungam be-
441 2603 2643 2831 ziehe, ist gleich null; in diesen kleinen Ländern kommt man zu nichts.
447 2744 2491 2884 Mein Traum ist und bleibt, dass ein paar von uns sich zusammentun
461 2820 2496 3011 sollten und sich einen Agenten halten, der den ganzen Nachfdrucks
461 2932 2387 3092 und Uebersetzungsbetrieb und - last not least - unsere ganze
461 3022 2533 3174 Korrespondenz übernimpt. So machen es die Engländer: die schreiben
467 3123 2488 3317 auf jeden Brief mit Blaustift eine Zeile, der Agent beantwortet
478 3239 1959 3410 ihn, kämpft für ihn, holt ihm trotz der 10 % di
475 3345 1979 3539 heraus und die innere Ruhe ist nicht verstört.
613 3472 1560 3627 as besser gehen. Ich aber, der
548 3590 947 3770 und kommunikat.
