4475 4153
2204 847 2975 999 VIII. KoCHGASSE 8 Samstag
2347 960 2472 1074 WIEN,
1552 813 1725 1098 S
1654 1380 2908 1525 Lieber, verehrter Herr Doktor
1676 1547 3004 1659 hier sende ich Ihnen mein neues
1668 1696 2954 1837 Stück und daake Ihnen iunig
1700 1797 3011 1929 im voraus für die Kühe der Sec
1703 1923 2987 2079 türe. Ehe es die leidige Wander¬
1696 2052 2897 2199 schaft jn den Theatern anbitt
1700 2171 3042 2296 möge es nun bei Ihnen eine gute
1715 2293 3022 2434 Stunde haben n'ad Ihnen den tge¬
1718 2419 2994 2570 trenen Gruß überbringen
1981 2568 2759 2699 Ihres aufrichtigen
2402 2752 3044 2974 Stefan Zweig
1470 3004 2796 3161 Ich lasse es, sobald Sie es gelesen haben,
1494 3133 2841 3245 von Ihren abkolen, damit Sie nicht die
1500 3213 2432 3386 Plage der Rücksendung haben.
