4308 4136
1147 725 2616 886 bestanden! Nun kann ihnen nirgends
1164 843 2698 1009 nur nie mehr ungünst geschelen, sie
1168 959 2688 1120 schreiten weiter und weiter, werden
1189 1067 2730 1228 länger dauern als das Längste, was wir
1185 1162 2736 1325 im Fühlen jetzt als Mass haben, als diese
1214 1272 2715 1446 Zeit, die mir wie ein halbes Jahrhun¬
1201 1385 2713 1586 dert dünkt. Ich danke Ihnen für den
1214 1491 2703 1694 Thouen Abend, gedanke noch innigst
1209 1591 2698 1822 jenes andern, da ich meist sie hören
1218 1708 2626 1914 durfte und mein Glückwunck zu
1218 1804 2744 2007 werk nur Erfolg kommt aus aufrich¬
1240 1930 2727 2121 sigem Herzen. Nele Empfehlungen Bres
1241 2050 2705 2257 verehrten Frau Gemahlin und getreue
1259 2172 2324 2392 Grüße von Sprem ersebenen
2114 2489 2736 2680 Helan Eweig
