4540 4168
1663 837 1860 987 were.
2447 924 2800 1041 VIII. lOCHGASSE
2572 1000 2697 1086 WIEN,
1572 979 1704 1201 S
1462 1264 3015 1431 Sehr verehrter lieber Herr Doktor, ich
1502 1365 3056 1580 wäre sehr froh, wenn Sie nächstens ein¬
1507 1480 3050 1679 mal mir wieder eine Stunde mit thuen
1517 1601 3050 1788 verstatten wollten: ich hätte gerne mit Thuln
1515 1704 3083 1895 über die Angelegenheit Unseres gemeinsamen,
1533 1829 3077 2001 Freundes Rosenbaum gesprochen. Im merhin
1979 1960 2176 2028 a-
1546 1913 3032 2104 sind wir - wenn auch machtlos gegen
1544 2016 3089 2207 solche Entschließungen - der wesentlichste
1576 2131 3060 2311 Teil der Intereisierten u und es ist die Fra¬
1581 2225 2941 2445 ge, ob wir Uns ganz unbetedligt zu
1583 2348 3083 2519 einer solcken brutalen Entscheidung stellen,
1578 2455 3067 2625 sollten. His zu einem gewissen Grade glau¬
1591 2556 3030 2746 be ich die "Reichspost" in dieser Sache zu
1605 2672 2989 2845 Spuren — in Wieweil Dr R. in seiner
1607 2730 3091 2962 Offenheit des Wortes Etwas verschuldet hat,
1617 2884 3097 3046 vermag ich nicht zu entscheiden - u ad
1609 2985 3034 3155 vielleicht wäre eine Form der morali
1607 3079 3128 3288 schen Salisfaction für diesen vortrefflichen
