4475 4153
1191 1265 1460 1406 Avec
2276 1363 2664 1481 VIII. lOCHGASSE 8
2397 1440 2525 1509 WIEN,
1286 1529 3074 1671 Verehrter lieber Herr Doktor, empfangen
1037 1673 3095 1791 die meinen innigsten Dank für Ihre guten Worte.
1062 1786 3038 1920 Mir ist, mit allem nur um die Zustimmung
1083 1917 3090 2035 der Besten zu hin und gestern hat mich bei der
1073 2053 3015 2158 Aufführung nichts v. beglücht, als ein spontanes
1080 2130 3097 2279 Telegramm Gerhardt Hauptmanns. Sie wissen ja, wie
1086 2271 3090 2399 ich das Klaffende der Stüches selber fühlte, aber ich
1083 2374 3090 2528 dürfte die Gelegenheit nicht vorübergehen lassen, ein
1080 2494 2985 2612 mal an solcher Stelle zu erscheinen uns ich habe
