4483 4072
1073 1100 3132 1402 bin ich ins Kriegsarchiv ein Berufen und werde
1068 1319 3116 1509 dort (unter Aufsicht von Bartsch aus ginzhey) d
1087 1428 3231 1631 vielfach geheimen Documente des Krieges zu ordnen und
1137 1554 3127 1778 zu gestalten haben, eine Arbeit auf die ich mich so
1129 1661 3159 1869 sehr freue wie mir möglich, obzwar sie viel fordert. So
1124 1789 3143 2008 versäumte ich die Freude, sie sprechen zu können,
1137 1920 3177 2125 auf die nächsten Tage exerciere ich in Klosterneuburg
1145 2037 3193 2240 und bitte Sie darum, mir die Berichtigung brieflich
1180 2147 3164 2408 zu senden – ich bin nicht mehr Herr meiner Zeit
1164 2288 2836 2512 nele viele grüsse Ihres aufrichtig getreuen
2617 2344 3207 2571 Stefandweig
