4499 4088
1225 762 2745 955 mit sichtbarem Willen betonen. Nichts
1248 885 2799 1055 ist gemässer in diesen Tagen als Wahr¬
1248 1007 2775 1192 bafligkeit, die sich nicht ein schüchtern
1265 1148 2787 1323 lässt durch die Reden am Markt: ich
2295 1232 2615 1321 unentwegt
1300 1261 2762 1435 glaube, wir sollen heute
1298 1383 2802 1564 Tolstoi einen der wirklichsten Meunten
1273 1495 2783 1678 aller Zeiten nennen und brauchen nicht
1306 1620 2781 1800 zu zögern mit Ehrerbietung vor der
1283 1728 2774 1929 Seidn'ns eines Anatole France. Ein ter-
1306 1855 2752 2052 mei den dieser Höflichkeitsbezeugn up¬
1308 1983 2739 2162 und dieser freien Zustimmung zu
1306 2095 2754 2305 ihren Werken (die längst vor diesen
1310 2230 2783 2407 lagen entstanden) könnte leicht darauf
1296 2345 2804 2523 deuten, wenn schon nicht eine Äusserung
1296 2469 2812 2646 so sei doch Ihre Gesinnung jenen feind.
1294 2592 2843 2789 lich. Und das ist doch nicht Ihre Abricht.
1589 2714 2795 2889 Ich wäre natürlich nicht, diese
1279 2843 2777 3018 meine Empfindung zur Ihren machen zu
1283 2947 2799 3132 wollen: es ist nur eine Antwort auf Ihre
1267 3078 2727 3240 gütige Frau. Eerne expediere ich den
