4540 4168
2118 792 3633 924 Menschen zu finden, der nach siebseln
717 853 1026 985 SEEAOHOON,IIIV
794 947 915 1062 .Maiw
2154 922 3627 1100 Jahren Tätigheit cum infama wegge¬
2164 1037 3571 1192 jagt werden soll. Ich weis nicht, wie
2164 1152 3608 1271 Sie in dreier Sache denken, doch ich
2192 1254 3639 1413 zweifle nicht, dass sie auch sie teelich
2207 1366 3639 1532 beschäftigt hat: mir scheint sie nicht
2207 1452 3699 1615 blös ein Einzelfall, sondern das Symp¬
2216 1564 3693 1701 Foce einer Gesinnung, die sich selb schon
2228 1673 3693 1826 mitten im Kriege entfaltet, um dann
2241 1788 3644 1922 nachher agitatorisch uud aggressiv zu
2241 1892 3623 2020 werden und der man vielleicht heute
2250 1973 3654 2143 schon in Parade entgegentreten sollte.
2533 2092 3676 2230 Dr R. weiss selbstverständlich
2256 2214 3657 2358 nichts von diesem Brief. Er mit mir
2262 2301 3684 2462 sehr leid: Das Burgtheater war schon
2273 2424 3693 2563 so sehr der Sinn seiner Existenz und
2273 2514 3591 2701 seines Fühlens geworden, dass er sich
2277 2622 3731 2771 kaum jemals wird wieder ganz finden.
2271 2780 2607 2895 können.
2546 2822 3674 3009 In herzlicher Liebe nur ver¬
2264 2969 3059 3129 chrung Ihr getreuer
3224 2982 3723 3197 Stefan Zweig
