4501 4168
2497 1397 2880 1556 VIII. KOCHGASSE 8.
1162 1423 1285 1645 8
1001 1564 3104 1845 Verehrter, lieber Herr Dohtor, Romain Rolland
1032 1728 3044 1978 hat nur endlich wieder einen Brief wugehin
1040 1856 3096 2129 dert schreiben können. Er spricht auch von Spren¬
1053 1999 3031 2236 darin - er hat offenbar im Berl. Tag. jenen
1058 2108 3070 2374 Artikel gegen und für Sie gelesen – und schreibt
1071 2257 3109 2479 "Le voici logé a la même enseigne en Allemagne
1110 2343 3049 2619 que je le suis en France! Exprimer lui de ma part
1110 2445 3154 2700 toute ma sympathie confraternelle - si toutefois elle
