4500 4136
2397 878 2960 1051 18. Januar 1916
1793 953 2093 1148 fever
2356 1032 2699 1129 VIII. decHGASSE
2478 1100 2609 1195 WIEN,
1555 1333 2922 1546 Lieber verehrter Herr Döttor
1604 1589 2960 1803 Darf ich wieder einmal zu
1474 1721 2933 1961 Ihnen kommen? Oder mögen Sie
1493 1884 3016 2105 Meuschen jetzt nicht sehen? Ich wurde
1518 2016 3024 2199 auch dies verstekt — die Worte und
1531 2140 3014 2337 Gespräche werden einen manchmal
1552 2263 2997 2488 zelst verkasst, man weiss wie nulz los
1561 2408 2559 2569 wie u. wissend Sie sind.
1725 2507 3028 2671 Ich möchte bei dieser Gelegenleit
1589 2618 3029 2835 auch Ihren Rat in Sachen Rilkes
1606 2716 3063 2946 erbitten, der eingerucht ist und der
1638 2895 3075 3092 (aus vielen Grunden) sehr leidet, hel¬
1640 3011 3003 3203 leicht könnten wir durch eine ge¬
1640 3118 3097 3328 weinsame Initiative den helfen. Und
