3277 4135
2400 407 2687 476 SALZBURG
2374 447 2716 568 KAPuzINERBERG 6
2403 516 2959 671 6. November 1929.
1451 820 2466 981 Lieber, verehrter Herr Doktor!
1279 1070 3083 1196 Ueber meine Vereinbarungen mit Spanien kann ich Sie genau
754 1167 3060 1308 informieren: ich habe meinen "Fouché" an A. del Vayos Verlag zu 7 % ver¬
2549 1282 2790 1333 aie ee e
760 1290 3022 1417 geben mit einem à valoir von 1000 frz.Frs., die sie sofort ausbezahlten,
760 1374 2865 1528 und Sie werden sicherlich zumindest dieselben Bedingungen bekommen.
1285 1500 2925 1617 Dass man in Paris im Kino eine Novelle von mir Ihnen
1878 1574 2188 1632 m m m m r jouvoir r vos rivres
2308 1574 2753 1643 mais ou lʼannée aeceu mai-
766 1623 2939 1712 zugeschrieben hat, betrachte ich als eine hohe Ehre. Die Leute werfen
763 1700 2902 1812 dort alles auf das rührendste durcheinander. Uebrigens ist "Fräulein
760 1804 2933 1938 else“ dort ein grosser Erfolg, Stock bringt, wie ich höre, eine neue
760 1895 2879 2004 Auflage und erwartet sich sehr viel, wenn der Film abrollt. Wichtig
2262 1979 2523 2045 G.C.H.F.P.M
869 1981 1084 2070 G.C.H.F.P.S
760 2022 2965 2136 ist nur, einmal in Paris ein Theaterstück durchzusetzen. Man ist jetzt
766 2125 2988 2237 in Frankreich dem Ausländer viel offener als vordem und, während Oester-
760 2199 2965 2357 reich herrlich in die Alpenländerei hineinmarschiert, beginnt dort der
771 2326 3008 2443 auropäische Gedanke immer selbstverständlicher zu werden. Ich habe mich
766 2449 2916 2538 in Paris ungemein wohl gefühlt und wundere mich eigentlich, dass Sie
763 2529 2962 2650 sich niemals entschlossen haben, einmal dort einen Wintermonat zu ver-
766 2627 2959 2779 bringen. Viele Freunde Ihrer Bücher erwarten Sie und besonders Frédéri
763 2744 1999 2876 Lefèvre mit seinen " heures avec.... "
1167 2827 1566 2962 Getreulichst
2343 2945 2472 3028 Ihr
760 3103 1634 3260 Herrn Dr. Arthur Schnitzler
2105 3117 2850 3361 Refau Zw.
768 3223 1004 3338 W i e n
