3155 4135
2068 414 2299 509 SALZBURG
1035 365 1272 593 Monsieur,
2016 478 2350 593 KAPuzINERBERG S
1426 444 1721 624 l'auteur ses
570 383 938 622 Wolff
2060 557 2612 678 14. Oktober 1927.
550 886 1503 986 Lieber, verehrter Herr Doktor!
832 1076 2533 1169 Ihre Handschrift erweckt immer freudiges Gefühl in mir
563 1159 2569 1292 und ich eile mich, Ihnen zu antworten, freilich nicht unbeschämt
565 1295 2615 1390 denn meine Auskunft ist unverantwortlich ungenau. Ich bin in allen
547 1369 2589 1482 Honorardingen geradezu tölpisch leichtsinnig, kümmere mich um gar
560 1508 2566 1590 nichts und die Honorare, die ich bislang für Verfilmungen meiner
563 1600 2481 1698 Novellen erhielt, haben die Heiterkeit der Fachleute herausge-
552 1695 2466 1796 fordert. So habe ich auch in Russland glattweg die Vorschläge
555 1811 2507 1950 angenommen, die mir die "Wremja" stellte und die ich gar nicht
555 1901 2530 2011 mehr auswendig weiss. Ich kann nur feststellen, dass der Ertrag
560 2029 2533 2142 sich bei dem letzten Buche etwa auf 150 Dollar belief, bin aber
563 2119 2499 2225 gewiss, dass Sie das Vierfache erzielen können. Die Buchpreise
568 2227 2497 2317 sind ja drüben nicht sehr wesentlich, aber nach den neuen Ver-
570 2299 2528 2422 einbarungen, deren Text ich noch nicht kenne, hat Lunatscharski
563 2420 2479 2523 auch von den unerlaubten Nachdrucken jetzt eine gewisse quote
568 2525 2597 2659 für den ausländischen Autor festgesetzt. Ob sie gezahlt wird, ist
570 2612 2638 2731 eine andere Sache. Ich persönlich würde Ihnen raten, sich Russland
563 2741 2558 2854 gegenüber nicht auf Perzente einzulassen, weil man ja jeder Koh-
570 2838 2574 2931 trollmöglichkeit entzogen ist, und eine einmalige Dollarsumme zu
568 2944 2533 3049 fordem: es ist ja ohnehin ein Wunder, wenn man etwas aus Russ-
565 3031 2512 3147 land herausbekommt. Ich hoffe, Sie allerdings in sechs Monaten
563 3160 2571 3249 viel besser informieren zu können, denn ich möchte sehr gerne im
560 3252 2332 3360 März mir für vier Wochen die Sache persönlich anschauen.
