4505 4169
1481 880 2720 1142 Wien VIII, Kochgasse 8 Theie
1484 1054 2094 1237 15. Januar 1907.
1526 1176 2573 1353 Sehr verehrter Herr Dohtor,
2526 1300 2845 1428 gestalten
1532 1415 2853 1593 Sie nur als persönlich Unbekannten
1535 1524 2853 1715 Ihnen heute meine aufrichtigen Glück¬
1540 1619 2837 1830 wünsche zu übermitteln. Ich glaube,
1560 1758 2821 1952 für uns jüngere Leute, die wir in
1560 1842 2825 2023 der Bewunderung Ihres Werkes ge¬
1559 1972 2769 2115 wissermassen aufgewachsen sind,
1559 2058 2850 2241 hann es heine grö were Freude geben,
1585 2173 2825 2328 als zu schen, wie Ihnen nun auch
1575 2288 2849 2438 aus den älteren hälteren Kreisen
1585 2387 2905 2560 endlich die grosse Zustimmung wird,
1601 2471 2931 2672 die wir so lange schon als ein selbst.
1610 2606 2936 2774 verständliches ersehnen. Und so einen
1608 2713 2933 2908 Tag wollte ich nicht vorn bergehen
1611 2816 2906 3076 zu lassen, ohne Ihnen zu sagen, dass
