3141 4135
2137 421 2356 507 BALZBURG
2070 456 2407 618 KAPuzINERBERG 5
548 478 1290 829 2. Blatt, 15. Mai 1928.
561 820 2712 1004 lichen Roman entgeht mir natürlich nicht, nämlich dass im Roman alle
580 988 2742 1101 Gestalten auf Wiederkehr gestellt sind, also dramenhaft, während hier
583 1093 2596 1214 die meisten nur einmal episodisch auftreten und dadurch leichter
591 1185 2647 1295 dem Gedächtnisse verschatten - mir fliessen die einzelnen Familien
586 1301 2658 1441 der Lehrerin in der Erinnerung schon ein wenig zusammen,- aber dies
586 1409 2704 1527 war nicht zu vermeiden, denn sie bædeuten ja nichts als Meilensteine,
583 1479 2634 1606 um den Weg zu messen. Sie wissen so viel von den Geheimnissen der
591 1565 2715 1727 epischen Prosa, dass Sie da mit Sparsamkeit gearbeitet haben, wo ein
594 1689 2691 1811 anderer in breiten Milieuschilderungen sich und die Leser erschöpft
580 1760 2658 1935 hätte, und ich glaube, dass die gewisse Silhouettenhaftigkeit der
2035 1865 2235 1922 a e ou un ett
575 1889 2661 2024 Nebenfiguren gegenüber der Prägnanz der Hauptgestalten Ihre rechte
583 2008 1422 2154 und richtige Einsicht war.
901 2078 2637 2224 Lassen Sie sich nun ruhen auf solcher Leistung, die für
594 2183 2766 2313 uns Jüngere gleichzeitig eine Lehre bedeutet. Wie wunderbar, dass Sie
602 2321 2661 2437 aus solcher Fülle schöpfen können, und das selige Spiel des Erfin-
748 2415 847 2472 sir
599 2421 2623 2521 dens  Ihnen fast noch leichter als in den jugendlichen Jahren
605 2521 2701 2653 gewährt. Könnte dies Buch meine seit den Knabenjahren rein bewahrte
599 2604 2615 2774 Verehrung und Liebe noch erhöhen, so hätte es dies gewisslich in
599 2731 2623 2850 mir getan, aber vielleicht ist schon jene kristallene Festigkeit
605 2826 2593 2944 des Gefühls vorhanden, die durch ein gelungenes Werk nicht mehr
599 2920 2653 3066 gesteigert und durch ein misslungenes nicht mehr gemindert werden
599 2998 2710 3144 könnte. Seien Sie dieser meiner lautersten und in ihrer Unabänder-
605 3109 2634 3282 lichkeit verlässlichen Gesinnung aufrichtig gewiss! Und erlauben
607 3230 2634 3379 Sie mir, das, wenn ich nächstens nach Wien komme, ich Ihnen noch
594 3349 1595 3500 glückwünschend die Hand reiche.
1846 3398 2326 3565 Treulichst Ihr
2251 3522 2847 3762 Refan Zweig
