4473 4168
2629 333 3249 680 G.C.R.H.F.P.
569 439 959 637 1.  ̃ 9  / 4.
1266 377 1631 621 V. A.T. /:n
1702 442 1824 604 1,1
1905 444 2179 650 1e: 1
2000 621 3108 816 Salzburg, am 14. August 1922
827 702 1092 935 the
1450 1076 2602 1263 Lieber verehrter Herr Doktor!
1171 1409 3065 1512 Ich erhielt heute beifolgendes Telegramm von dem
981 1499 2997 1615 New-Yorker Verleger Thomas Seltzer, 5.West Fiftketh
989 1596 3163 1721 Street, New-York, der auch von mir einige Fücher bringt,
986 1726 3060 1832 Er hatte ersprünglich ein Puch widerrechtlich von mir
992 1824 3138 1930 gebracht, sogar unter falschem Namen, hat aber dann die
981 1930 3054 2046 Sache anständig beigelegt und gilt als einer der tat-
981 2024 3141 2168 kräftigsten Unternehmer. Ich würde Ihnen immerhin raten
986 2130 3133 2252 ihm ein Angebot zu machen, dos jedenfalls durch den Un¬
978 2219 2664 2341 terschied der Valuta schon erfreulich wird.
1171 2312 3095 2450 Ich nutze den guten Anlass um miehn Ihnen in Erin¬
978 2447 2984 2556 nerung zu bringen und bleibe mit vielen Grüssen Ihr
2070 2537 2867 2664 aufrichtig ergebener
2442 2743 3209 2992 Stefan Zweig
