4508 4136
1034 454 1956 604 1 1 " " " 9 "
2422 464 2668 604 V. P.
2964 468 3292 568 ....   ..
3328 476 3440 606 1 7
3888 504 3984 662 '1'
1340 900 2546 1062 Kallsburg bei Wien, 15. August 1917
2800 890 2998 1058 fever
2174 982 2394 1058 M.C.H.
1382 1140 2492 1368 Lieber verehrter Herr Doktor
2516 1312 3020 1450 ein neues buch.
2720 1434 2872 1498 comme le comité
1404 1446 2974 1604 von Ihren ist so gute und erwünschte habe,
1484 1538 1714 1618 G.C.H.S.
1418 1554 2992 1702 dais, kaum es mir gestern zu Händen kam, ich
1424 1676 3032 1820 es sofort an dem heutigen dienstfreien Tage gelesen
1418 1778 3000 1934 habe und meinen Dank dafür mit ein paar (ge¬
1428 1898 3008 2046 wiss unzulänglichen) worten an Ihre Wiener Ad
1432 2026 2992 2146 resse geben will, unkund ob er Sie hier oder
1436 2122 2970 2254 in irgend einer Landschaft erreicht. Ich daabe
1428 2248 3014 2396 thuen aufrichtig, denn von ihren Rosabüchern
1442 2350 3044 2550 habe ich immer einen künstlerischen Gewinn über
1440 2470 2976 2652 die rein menschliche Anteilnahme hinaus. Mir
1434 2578 3032 2768 wer selbst vom Handwerk ist, kann diese ganz
1434 2692 2990 2868 ins Uuscheinbare verborgene Contrapunctik der
1422 2804 3024 2990 horelle würdigen, wie sie (besonders in der Figur
1422 2920 3010 3114 der Schwester) Scheinbar Wichtigstes vorausnimmt,
