4482 4057
1209 433 1390 591 weg
2577 480 2890 624 VIII. KOCHGASSE
2599 563 3287 729 Wien, 3. Dezember 14
1539 668 2838 865 Sehr verehrter lieber Herr Doktor
1731 802 3126 938 Ich danke Ihnen viele Malefür Ihren
1085 893 3109 1040 lieben Brief und das schöne Dokument Ihrer gerechten
1040 976 3109 1187 Gesinnung.Ich glaube, dass auch ein so gelegntliches
1040 1073 3143 1293 Wort nur durch den Geist und die Güte,die es bezeugt,
1057 1146 3096 1384 in diesen Tagen zum Monifest wird und zweifle nicht
1060 1259 3148 1459 dass es überall (ausser bei jenen Menschen, mit denen
1060 1359 3173 1553 eine innere Verständigung über alles für uns unmöglich
1071 1470 3204 1661 ist) die vorteilhafteste Wirkung im Gefolge haben
1065 1551 3229 1778 Ich habe es Romain Rolland gesandt und ihn gebeten, die
1073 1661 3240 1875 Uebersetzung ins Französische womöglich selbst vorzuneh-
1071 1761 3223 1953 men,damit auch nicht ein Wort in seiner Bedeutung oder
1082 1875 3315 2108 bloss in seinem Tonfall durch schlechte Nachbildung ver -
1082 1986 3181 2169 ändert werde.Ich bin sicher,dass er sich eine Freude
1085 2047 3187 2250 daraus machen wird, Ihnen und vor allem der uns gemein¬
1098 2166 3140 2369 samen Sache der gegenseitigen Aufklärung dienlich zu
1093 2291 3193 2469 sein.In wenigen Tagen werde ich mehr darüber wissen.
1711 2391 3254 2566 Eine Veröffentlichung in Nien wäre vie
1101 2460 3262 2677 leicht vorteilhafter, sobald der Abdruck in der Schwei zu
1107 2585 3187 2763 erfolgt ist und der Regierungsrat v. Winternitz würde
1118 2682 3195 2874 sicherlich gerne die offizielle Verlautbarung überneh¬
1121 2790 3143 2993 men. Seine Privatadresse ist VIII. Kochgasse 29. I
1126 2899 3295 3101 hoffe aber, ihn schon in diesen Tagen sprechen und mich
1132 3001 3184 3212 seiner zweifellosen Zustimmung versichern zu können
1706 3076 3212 3270 Ich wäre sehr glücklich,wenn ich Sie,
1148 3157 3229 3376 verehrter Herr Doktir bald sehen oder wenigstens Ihre
1137 3281 3220 3628 Stimme durch das Telephon hören dürfte Ich bin jetzt
