<?xml version="1.0" encoding="UTF-8" standalone="yes"?>
<PcGts xmlns="http://schema.primaresearch.org/PAGE/gts/pagecontent/2013-07-15" xmlns:xsi="http://www.w3.org/2001/XMLSchema-instance" xsi:schemaLocation="http://schema.primaresearch.org/PAGE/gts/pagecontent/2013-07-15 http://schema.primaresearch.org/PAGE/gts/pagecontent/2013-07-15/pagecontent.xsd">
    <Metadata>
        <Creator>prov=READ-COOP:name=TrHtr:version=2.1.0:model_id=51170:date=26_07_2023_04:50</Creator>
        <Created>2023-05-02T07:56:52.688+02:00</Created>
        <LastChange>2023-07-26T04:50:34.158+02:00</LastChange>
        <TranskribusMetadata docId="1416738" pageId="54952248" pageNr="19" tsid="130893091" status="IN_PROGRESS" userId="64420" imgUrl="https://files.transkribus.eu/Get?id=HHKUEYAMPDITRSPBYZGYDUAG&amp;fileType=view" xmlUrl="https://files.transkribus.eu/Get?id=TQGMBBBNKWKDEPJCGVQGCBIX" imageId="44455974"/>
    </Metadata>
    <Page imageFilename="1416738_0019.jpg" imageWidth="3155" imageHeight="4135">
        <ReadingOrder>
            <OrderedGroup id="ro_1711828116497" caption="Regions reading order">
                <RegionRefIndexed index="0" regionRef="tr_1"/>
            </OrderedGroup>
        </ReadingOrder>
        <TextRegion id="tr_1" custom="readingOrder {index:0;}">
            <Coords points="220,523 2901,523 2901,3894 220,3894"/>
            <TextLine id="tr_1_tl_1" custom="readingOrder {index:0;}">
                <Coords points="295,606 2793,655 2793,491 2690,450 2361,522 1988,447 295,488"/>
                <Baseline points="313,579 358,585 403,585 447,582 492,582 537,582 582,585 626,588 671,585 716,588 761,585 806,588 850,585 895,582 940,579 985,582 1030,579 1074,582 1119,582 1164,582 1209,579 1253,579 1298,579 1343,579 1388,579 1433,573 1477,573 1522,573 1567,576 1612,576 1656,573 1701,576 1746,576 1791,576 1836,576 1880,579 1925,579 1970,579 2015,579 2060,582 2104,582 2149,582 2194,579 2239,579 2283,579 2328,582 2373,579 2418,579 2463,579 2507,582 2552,579 2597,579 2642,582 2687,582 2731,582 2776,582 2797,585"/>
                <TextEquiv>
                    <Unicode>dies grossartige Gelingen ihres ejusden Ausdrucks entschädigte für</Unicode>
                </TextEquiv>
            </TextLine>
            <TextLine id="tr_1_tl_2" custom="readingOrder {index:1;}">
                <Coords points="317,764 1901,711 2786,795 2786,671 2678,646 780,702 317,618"/>
                <Baseline points="334,725 376,725 420,725 465,722 510,722 555,725 600,725 644,728 689,725 734,728 779,725 824,722 868,725 913,722 958,719 1003,719 1047,719 1092,719 1137,719 1182,716 1227,719 1271,719 1316,716 1361,713 1406,713 1450,713 1495,713 1540,713 1585,713 1630,713 1674,713 1719,710 1764,713 1809,713 1854,713 1898,710 1943,716 1988,716 2033,713 2077,713 2122,716 2167,716 2212,713 2257,716 2301,713 2346,713 2391,716 2436,716 2481,719 2525,719 2570,719 2615,719 2660,719 2704,719 2749,719 2794,722"/>
                <TextEquiv>
                    <Unicode>Die Sässliche, mesquine und undankbare Art, mit der man gegen</Unicode>
                </TextEquiv>
            </TextLine>
            <TextLine id="tr_1_tl_3" custom="readingOrder {index:2;}">
                <Coords points="1718,898 1889,898 1923,867 2084,901 2373,857 2563,913 2727,879 2727,817 2572,789 2448,783 2392,829 2311,783 2168,795 2122,764 1948,808 1879,777 1718,801"/>
                <Baseline points="1734,836 1782,838 1827,841 1871,844 1916,847 1961,850 2006,853 2051,850 2095,853 2140,853 2185,853 2230,850 2274,850 2319,850 2364,853 2409,850 2454,853 2498,853 2543,853 2588,850 2633,853 2678,853 2722,853 2734,853"/>
                <TextEquiv>
                    <Unicode>Ich empfinde es als ein</Unicode>
                </TextEquiv>
            </TextLine>
            <TextLine id="tr_1_tl_4" custom="readingOrder {index:3;}">
                <Coords points="1420,845 1463,842 1479,854 1503,848 1528,854 1538,845 1553,857 1562,845 1621,851 1628,848 1625,777 1594,789 1569,767 1534,792 1513,777 1488,773 1485,783 1448,773 1438,783 1416,783"/>
                <Baseline points="1436,838 1453,838 1498,841 1543,844 1588,841 1634,852"/>
                <TextEquiv>
                    <Unicode>verfà:</Unicode>
                </TextEquiv>
            </TextLine>
            <TextLine id="tr_1_tl_5" custom="readingOrder {index:4;}">
                <Coords points="332,898 522,932 792,879 901,919 969,873 1628,895 1628,836 1423,845 1308,777 854,761 742,817 662,773 332,777"/>
                <Baseline points="349,853 361,853 406,856 450,856 495,859 540,856 585,853 629,853 674,853 719,850 764,856 764,856 782,856 827,853 871,853 916,853 961,856 1006,856 1050,856 1095,853 1140,853 1185,853 1230,853 1274,853 1319,856 1364,859 1409,865 1453,868 1498,868 1543,868 1588,865 1634,852"/>
                <TextEquiv>
                    <Unicode>Ihre draucalische Production</Unicode>
                </TextEquiv>
            </TextLine>
            <TextLine id="tr_1_tl_6" custom="readingOrder {index:5;}">
                <Coords points="1621,895 1637,895 1646,888 1659,895 1677,876 1693,888 1727,888 1718,777 1696,777 1687,767 1668,783 1653,780 1637,789 1612,792"/>
                <Baseline points="1634,852 1680,862 1725,862 1730,861"/>
                <TextEquiv>
                    <Unicode>hat.</Unicode>
                </TextEquiv>
            </TextLine>
            <TextLine id="tr_1_tl_7" custom="readingOrder {index:6;}">
                <Coords points="332,1003 2761,1006 2761,919 2535,895 332,898"/>
                <Baseline points="349,991 394,991 438,991 483,988 528,988 573,985 618,982 662,982 707,988 752,988 797,991 841,988 886,991 931,988 976,985 1021,985 1065,985 1110,982 1155,982 1200,979 1244,982 1289,982 1334,982 1379,982 1424,982 1468,982 1513,982 1558,979 1603,979 1648,979 1692,979 1737,976 1782,976 1827,979 1871,979 1916,979 1961,979 2006,979 2051,982 2095,979 2140,985 2185,985 2230,985 2274,988 2319,988 2364,988 2409,991 2454,988 2498,991 2543,994 2588,991 2633,994 2678,994 2722,991 2767,991 2770,991"/>
                <TextEquiv>
                    <Unicode>Unrecht gegen uns alle im Sinne der geistigen Gemeinschaft, dass</Unicode>
                </TextEquiv>
            </TextLine>
            <TextLine id="tr_1_tl_8" custom="readingOrder {index:7;}">
                <Coords points="345,1177 2665,1165 2827,1149 2827,1041 345,1056"/>
                <Baseline points="361,1116 406,1116 450,1119 495,1119 540,1119 585,1116 629,1116 674,1116 719,1116 764,1116 809,1116 853,1116 898,1116 943,1113 988,1110 1033,1110 1077,1113 1122,1113 1167,1113 1212,1110 1256,1113 1301,1113 1346,1110 1391,1110 1436,1110 1480,1110 1525,1110 1570,1110 1615,1110 1659,1113 1704,1113 1749,1110 1794,1110 1839,1110 1883,1110 1928,1113 1973,1113 2018,1116 2063,1116 2107,1119 2152,1119 2197,1116 2242,1116 2286,1122 2331,1125 2376,1128 2421,1128 2466,1128 2510,1128 2555,1128 2600,1131 2645,1131 2689,1131 2734,1131 2779,1131 2824,1131 2833,1128"/>
                <TextEquiv>
                    <Unicode>Ihrem letzten Stück sich das würdige Theater nicht gefunden hat, dass</Unicode>
                </TextEquiv>
            </TextLine>
            <TextLine id="tr_1_tl_9" custom="readingOrder {index:8;}">
                <Coords points="345,1277 2830,1302 2718,1140 342,1183"/>
                <Baseline points="358,1241 403,1241 447,1244 492,1241 537,1241 582,1241 626,1239 671,1241 716,1241 761,1241 806,1241 850,1239 895,1239 940,1236 985,1239 1030,1236 1074,1239 1119,1239 1164,1239 1209,1236 1253,1236 1298,1239 1343,1241 1388,1241 1433,1241 1477,1241 1522,1241 1567,1241 1612,1241 1656,1244 1701,1244 1746,1244 1791,1244 1836,1244 1880,1244 1925,1241 1970,1241 2015,1244 2060,1244 2104,1247 2149,1250 2194,1253 2239,1253 2283,1253 2328,1256 2373,1259 2418,1259 2463,1259 2507,1262 2552,1262 2597,1262 2642,1265 2687,1268 2731,1268 2776,1268 2821,1271 2839,1271"/>
                <TextEquiv>
                    <Unicode>der erbärmlichste französinhe Dreck meisterlich inscemiert und inter¬</Unicode>
                </TextEquiv>
            </TextLine>
            <TextLine id="tr_1_tl_10" custom="readingOrder {index:9;}">
                <Coords points="345,1401 2255,1388 2740,1463 2740,1326 2392,1283 345,1339"/>
                <Baseline points="362,1373 409,1370 453,1370 498,1367 543,1370 588,1367 632,1367 677,1367 722,1364 767,1364 812,1361 856,1364 901,1367 946,1367 991,1367 1035,1364 1080,1364 1125,1367 1170,1370 1215,1367 1259,1370 1304,1367 1349,1367 1394,1370 1439,1367 1483,1367 1528,1364 1573,1367 1618,1370 1662,1373 1707,1373 1752,1376 1797,1373 1842,1376 1886,1373 1931,1370 1976,1373 2021,1376 2066,1379 2110,1382 2155,1382 2200,1385 2245,1385 2289,1385 2334,1385 2379,1391 2424,1391 2469,1391 2513,1391 2558,1394 2603,1397 2648,1400 2692,1400 2737,1400 2749,1397"/>
                <TextEquiv>
                    <Unicode>prehiert wird, indess man wagt, ein edele geformtes und geistig</Unicode>
                </TextEquiv>
            </TextLine>
            <TextLine id="tr_1_tl_11" custom="readingOrder {index:10;}">
                <Coords points="348,1522 2715,1572 2643,1451 2205,1472 2106,1404 345,1398"/>
                <Baseline points="364,1495 409,1495 453,1495 498,1492 543,1492 588,1492 632,1489 677,1489 722,1486 767,1486 812,1489 856,1486 901,1489 946,1489 991,1489 1035,1489 1080,1489 1125,1492 1170,1492 1215,1492 1259,1492 1304,1492 1349,1492 1394,1492 1439,1492 1483,1495 1528,1495 1573,1495 1618,1498 1662,1498 1707,1501 1752,1501 1797,1504 1842,1507 1886,1504 1931,1507 1976,1510 2021,1507 2066,1510 2110,1510 2155,1513 2200,1513 2245,1516 2289,1519 2334,1522 2379,1522 2424,1525 2469,1525 2513,1528 2558,1531 2603,1531 2648,1531 2692,1531 2719,1534"/>
                <TextEquiv>
                    <Unicode>ergreifendes Werk von Ihnen so einfach zur Seite zu legen. Ich</Unicode>
                </TextEquiv>
            </TextLine>
            <TextLine id="tr_1_tl_12" custom="readingOrder {index:11;}">
                <Coords points="360,1659 860,1649 997,1733 2724,1680 2678,1572 2376,1556 2181,1612 627,1522 360,1587"/>
                <Baseline points="376,1624 420,1627 465,1627 510,1627 555,1630 600,1627 644,1624 689,1624 734,1621 779,1621 824,1621 868,1621 913,1621 958,1624 1003,1624 1047,1624 1092,1624 1137,1624 1182,1624 1227,1624 1271,1621 1316,1621 1361,1621 1406,1627 1450,1627 1495,1630 1540,1630 1585,1633 1630,1633 1674,1633 1719,1630 1764,1630 1809,1633 1854,1636 1898,1636 1943,1639 1988,1642 2033,1639 2077,1642 2122,1642 2167,1645 2212,1645 2257,1645 2301,1645 2346,1648 2391,1651 2436,1654 2481,1654 2525,1656 2570,1656 2615,1659 2660,1659 2704,1659 2731,1659"/>
                <TextEquiv>
                    <Unicode>spüre diese Art Fränkung vehementer als eine mir</Unicode>
                </TextEquiv>
            </TextLine>
            <TextLine id="tr_1_tl_13" custom="readingOrder {index:12;}">
                <Coords points="2118,1696 2143,1693 2153,1702 2174,1693 2187,1693 2193,1699 2209,1690 2215,1696 2221,1690 2255,1693 2255,1656 2227,1659 2209,1646 2190,1649 2184,1643 2168,1643 2162,1653 2159,1649 2153,1656 2118,1653"/>
                <Baseline points="2134,1680 2179,1680 2224,1680 2260,1683"/>
                <TextEquiv>
                    <Unicode>G.C.H.P.</Unicode>
                </TextEquiv>
            </TextLine>
            <TextLine id="tr_1_tl_14" custom="readingOrder {index:13;}">
                <Coords points="354,1767 935,1823 935,1708 895,1680 860,1693 808,1659 730,1705 708,1684 550,1662 506,1684 354,1674"/>
                <Baseline points="370,1749 406,1752 450,1749 495,1749 540,1746 585,1743 629,1743 674,1746 719,1743 764,1746 809,1746 853,1746 898,1746 943,1743"/>
                <TextEquiv>
                    <Unicode>selbst zugefügte.</Unicode>
                </TextEquiv>
            </TextLine>
            <TextLine id="tr_1_tl_15" custom="readingOrder {index:14;}">
                <Coords points="342,1907 2814,1988 2808,1774 2466,1885 1448,1839 1028,1724 851,1820 339,1780"/>
                <Baseline points="358,1877 403,1880 447,1877 492,1877 537,1877 582,1877 626,1877 671,1877 716,1877 761,1877 806,1877 850,1877 895,1880 940,1880 985,1880 1030,1883 1074,1880 1119,1883 1164,1883 1209,1883 1253,1889 1298,1889 1343,1892 1388,1889 1433,1892 1477,1892 1522,1892 1567,1895 1612,1892 1656,1895 1701,1901 1746,1904 1791,1901 1836,1907 1880,1910 1925,1910 1970,1910 2015,1913 2060,1916 2104,1916 2149,1916 2194,1916 2239,1916 2283,1919 2328,1919 2373,1919 2418,1922 2463,1922 2507,1922 2552,1925 2597,1925 2642,1925 2687,1925 2731,1922 2776,1922 2818,1916"/>
                <TextEquiv>
                    <Unicode>Sonderbar: in der Novelle erfob sich mir jener Einwand, den ich</Unicode>
                </TextEquiv>
            </TextLine>
            <TextLine id="tr_1_tl_16" custom="readingOrder {index:15;}">
                <Coords points="367,2044 2820,2097 2817,2010 2364,1951 2230,2019 1435,1917 363,1941"/>
                <Baseline points="379,2018 423,2012 468,2012 513,2006 558,2006 603,2009 647,2009 692,2006 737,2009 782,2009 827,2009 871,2009 916,2012 961,2012 1006,2012 1050,2012 1095,2015 1140,2015 1185,2015 1230,2018 1274,2021 1319,2024 1364,2024 1409,2027 1453,2024 1498,2024 1543,2024 1588,2027 1633,2030 1677,2030 1722,2036 1767,2036 1812,2042 1857,2042 1901,2045 1946,2048 1991,2048 2036,2051 2080,2051 2125,2054 2170,2054 2215,2054 2260,2060 2304,2060 2349,2063 2394,2063 2439,2063 2483,2066 2528,2066 2573,2068 2618,2068 2663,2068 2707,2074 2752,2074 2797,2077 2824,2077"/>
                <TextEquiv>
                    <Unicode>bei fraülein Else selon verspürt hatte. Sie scheinen mir, sei, der un¬</Unicode>
                </TextEquiv>
            </TextLine>
            <TextLine id="tr_1_tl_17" custom="readingOrder {index:16;}">
                <Coords points="1013,2103 1078,2109 1100,2100 1140,2118 1180,2106 1196,2115 1211,2103 1264,2118 1329,2106 1329,2066 1274,2069 1252,2053 1208,2066 1190,2056 1171,2066 1156,2053 1146,2066 1103,2072 1065,2047 1037,2072 1013,2069"/>
                <Baseline points="1030,2098 1074,2095 1119,2095 1164,2095 1209,2095 1253,2095 1298,2098 1337,2101"/>
                <TextEquiv>
                    <Unicode>cʼest eu dʼavoir eu une seule</Unicode>
                </TextEquiv>
            </TextLine>
            <TextLine id="tr_1_tl_18" custom="readingOrder {index:17;}">
                <Coords points="360,2168 2845,2236 2842,2084 357,2059"/>
                <Baseline points="376,2134 420,2131 465,2131 510,2134 555,2134 600,2131 644,2128 689,2131 734,2128 779,2131 824,2131 868,2134 913,2134 958,2134 1003,2137 1047,2137 1092,2137 1137,2137 1182,2140 1227,2143 1271,2143 1316,2146 1361,2146 1406,2146 1450,2143 1495,2146 1540,2149 1585,2149 1630,2152 1674,2155 1719,2155 1764,2161 1809,2161 1854,2164 1898,2167 1943,2167 1988,2170 2033,2170 2077,2173 2122,2176 2167,2179 2212,2179 2257,2182 2301,2182 2346,2185 2391,2188 2436,2191 2481,2191 2525,2194 2570,2200 2615,2200 2660,2197 2704,2203 2749,2203 2794,2209 2839,2215 2854,2215"/>
                <TextEquiv>
                    <Unicode>Leben so Benteidene, in der künst verschwenderisch mit dem Gelde.</Unicode>
                </TextEquiv>
            </TextLine>
            <TextLine id="tr_1_tl_19" custom="readingOrder {index:18;}">
                <Coords points="2292,2258 2320,2240 2361,2261 2398,2243 2535,2274 2656,2258 2802,2280 2802,2236 2746,2212 2643,2233 2591,2209 2532,2221 2342,2199 2289,2221"/>
                <Baseline points="2307,2242 2352,2242 2397,2245 2442,2251 2486,2251 2531,2254 2576,2257 2621,2260 2666,2260 2710,2263 2755,2266 2800,2272 2806,2269"/>
                <TextEquiv>
                    <Unicode>bei meinem Vater</Unicode>
                </TextEquiv>
            </TextLine>
            <TextLine id="tr_1_tl_20" custom="readingOrder {index:19;}">
                <Coords points="360,2311 2802,2355 2699,2261 1985,2261 1448,2153 357,2168"/>
                <Baseline points="376,2260 420,2263 465,2260 510,2254 555,2257 600,2254 644,2254 689,2251 734,2254 779,2254 824,2254 868,2254 913,2257 958,2257 1003,2257 1047,2260 1092,2260 1137,2263 1182,2266 1227,2266 1271,2266 1316,2269 1361,2272 1406,2272 1450,2272 1495,2274 1540,2274 1585,2277 1630,2277 1674,2280 1719,2280 1764,2283 1809,2286 1854,2289 1898,2292 1943,2292 1988,2295 2033,2298 2077,2298 2122,2301 2167,2304 2212,2307 2257,2310 2301,2310 2346,2313 2391,2316 2436,2319 2481,2325 2525,2322 2570,2325 2615,2325 2660,2325 2704,2328 2749,2331 2794,2337 2809,2337"/>
                <TextEquiv>
                    <Unicode>Ich habe, obwohl“ aus reichem Haure, einen Tausens zu Wenschen.</Unicode>
                </TextEquiv>
            </TextLine>
            <TextLine id="tr_1_tl_21" custom="readingOrder {index:20;}">
                <Coords points="379,2401 2820,2473 2752,2348 379,2351"/>
                <Baseline points="397,2379 441,2382 486,2382 531,2379 576,2376 620,2376 665,2373 710,2373 755,2376 800,2376 844,2376 889,2376 934,2376 979,2376 1024,2376 1068,2379 1113,2379 1158,2382 1203,2382 1247,2382 1292,2385 1337,2388 1382,2391 1427,2391 1471,2394 1516,2397 1561,2400 1606,2403 1651,2403 1695,2406 1740,2406 1785,2409 1830,2409 1874,2412 1919,2415 1964,2415 2009,2418 2054,2418 2098,2421 2143,2424 2188,2427 2233,2427 2277,2430 2322,2430 2367,2433 2412,2436 2457,2436 2501,2439 2546,2445 2591,2445 2636,2448 2681,2451 2725,2451 2770,2457 2815,2460 2827,2460"/>
                <TextEquiv>
                    <Unicode>nie gesehen und kann mir kaum ausdenken wo die Leopoldine</Unicode>
                </TextEquiv>
            </TextLine>
            <TextLine id="tr_1_tl_22" custom="readingOrder {index:21;}">
                <Coords points="202,2457 382,2482 454,2448 550,2473 590,2445 677,2469 910,2442 1050,2476 1084,2445 1202,2448 1205,2395 631,2386 568,2414 513,2386 373,2404 264,2355 205,2376"/>
                <Baseline points="220,2448 265,2451 310,2451 349,2448 373,2445 403,2445 447,2445 492,2445 537,2445 582,2442 626,2439 671,2439 716,2439 761,2439 806,2439 850,2439 895,2439 940,2439 985,2439 1030,2439 1074,2439 1119,2442 1164,2439 1209,2442"/>
                <TextEquiv>
                    <Unicode>Diese schwer zu benhafende Note so rauh</Unicode>
                </TextEquiv>
            </TextLine>
            <TextLine id="tr_1_tl_23" custom="readingOrder {index:22;}">
                <Coords points="404,2553 752,2497 2820,2594 2699,2504 1566,2485 1314,2401 401,2469"/>
                <Baseline points="420,2501 462,2507 507,2504 552,2498 597,2498 641,2492 686,2492 731,2492 776,2492 821,2495 865,2495 910,2495 955,2498 1000,2498 1044,2498 1089,2501 1134,2501 1179,2501 1224,2501 1268,2504 1313,2504 1358,2504 1403,2507 1447,2510 1492,2516 1537,2519 1582,2522 1627,2525 1671,2525 1716,2528 1761,2531 1806,2534 1851,2537 1895,2537 1940,2537 1985,2543 2030,2543 2074,2546 2119,2549 2164,2549 2209,2552 2254,2555 2298,2555 2343,2558 2388,2561 2433,2561 2478,2564 2522,2567 2567,2570 2612,2570 2657,2573 2701,2576 2746,2576 2791,2579 2824,2579"/>
                <TextEquiv>
                    <Unicode>der aufgetrieben hat. Mir wäre es tragischer erschienen, wenn ein</Unicode>
                </TextEquiv>
            </TextLine>
            <TextLine id="tr_1_tl_24" custom="readingOrder {index:23;}">
                <Coords points="718,2541 746,2538 764,2556 770,2556 780,2547 786,2553 789,2550 808,2550 808,2504 780,2501 773,2507 767,2507 752,2501 746,2507 718,2507"/>
                <Baseline points="734,2528 779,2528 815,2528"/>
                <TextEquiv>
                    <Unicode>G.C.F.P.</Unicode>
                </TextEquiv>
            </TextLine>
            <TextLine id="tr_1_tl_25" custom="readingOrder {index:24;}">
                <Coords points="394,2690 1448,2637 2059,2755 2842,2765 2836,2637 2650,2603 388,2560"/>
                <Baseline points="409,2621 453,2624 498,2624 543,2621 588,2621 632,2618 677,2621 722,2621 767,2621 812,2621 856,2624 901,2621 946,2624 991,2624 1035,2630 1080,2630 1125,2630 1170,2633 1215,2630 1259,2633 1304,2633 1349,2636 1394,2639 1439,2639 1483,2642 1528,2645 1573,2648 1618,2654 1662,2654 1707,2657 1752,2660 1797,2663 1842,2663 1886,2666 1931,2666 1976,2669 2021,2666 2066,2672 2110,2678 2155,2681 2200,2684 2245,2684 2289,2687 2334,2689 2379,2692 2424,2692 2469,2692 2513,2698 2558,2698 2603,2698 2648,2701 2692,2704 2737,2704 2782,2707 2827,2707 2848,2707"/>
                <TextEquiv>
                    <Unicode>armer Teufel von Leutnant schon um einer jämmerlichen Summe</Unicode>
                </TextEquiv>
            </TextLine>
            <TextLine id="tr_1_tl_26" custom="readingOrder {index:25;}">
                <Coords points="391,2789 432,2811 500,2805 553,2768 627,2765 665,2746 733,2749 733,2706 708,2702 662,2662 615,2684 587,2671 547,2706 509,2706 485,2684 441,2696 394,2684"/>
                <Baseline points="412,2755 426,2755 471,2752 516,2752 561,2749 606,2746 650,2743 695,2743 738,2755"/>
                <TextEquiv>
                    <Unicode>von 800</Unicode>
                </TextEquiv>
            </TextLine>
            <TextLine id="tr_1_tl_27" custom="readingOrder {index:26;}">
                <Coords points="724,2786 752,2774 836,2786 873,2755 919,2796 963,2786 994,2799 1016,2786 1093,2799 1087,2696 1016,2696 938,2656 814,2693 767,2665 718,2674"/>
                <Baseline points="738,2755 785,2755 829,2752 874,2749 919,2752 964,2755 1009,2767 1053,2770 1098,2770 1101,2767"/>
                <TextEquiv>
                    <Unicode>Gulden</Unicode>
                </TextEquiv>
            </TextLine>
            <TextLine id="tr_1_tl_28" custom="readingOrder {index:27;}">
                <Coords points="584,2811 596,2814 603,2824 609,2817 637,2811 643,2811 649,2824 655,2820 655,2827 686,2814 690,2824 693,2820 708,2824 730,2752 711,2749 708,2743 680,2755 668,2749 652,2758 652,2752 624,2761 600,2752"/>
                <Baseline points="606,2794 647,2782 692,2770 738,2755"/>
                <TextEquiv>
                    <Unicode>G.C.H.F.P.M.</Unicode>
                </TextEquiv>
            </TextLine>
            <TextLine id="tr_1_tl_29" custom="readingOrder {index:28;}">
                <Coords points="1128,2768 1724,2789 1917,2870 2827,2864 2820,2758 2761,2749 2414,2786 1907,2746 1637,2659 1423,2721 1124,2681"/>
                <Baseline points="1146,2762 1194,2764 1239,2761 1283,2764 1328,2767 1373,2767 1418,2770 1462,2770 1507,2776 1552,2776 1597,2779 1642,2782 1686,2785 1731,2785 1776,2788 1821,2791 1865,2794 1910,2797 1955,2800 2000,2803 2045,2803 2089,2806 2134,2809 2179,2809 2224,2812 2269,2815 2313,2815 2358,2821 2403,2821 2448,2824 2492,2824 2537,2827 2582,2827 2627,2830 2672,2833 2716,2833 2761,2836 2806,2839 2830,2836"/>
                <TextEquiv>
                    <Unicode>Grunde gienge. Elftausend, das war damals</Unicode>
                </TextEquiv>
            </TextLine>
            <TextLine id="tr_1_tl_30" custom="readingOrder {index:29;}">
                <Coords points="1137,2817 1162,2811 1165,2802 1190,2808 1208,2820 1211,2814 1236,2808 1227,2765 1211,2768 1208,2774 1196,2768 1187,2771 1177,2761 1174,2765 1162,2758 1152,2758 1143,2768 1128,2771"/>
                <Baseline points="1145,2772 1191,2791 1236,2791 1241,2791"/>
                <TextEquiv>
                    <Unicode>8</Unicode>
                </TextEquiv>
            </TextLine>
            <TextLine id="tr_1_tl_31" custom="readingOrder {index:30;}">
                <Coords points="696,2839 724,2839 736,2845 767,2839 780,2827 808,2827 817,2836 823,2830 839,2830 839,2783 770,2783 755,2774 742,2780 730,2774 714,2786 696,2783"/>
                <Baseline points="713,2812 758,2818 803,2818 847,2815"/>
                <TextEquiv>
                    <Unicode>Deine</Unicode>
                </TextEquiv>
            </TextLine>
            <TextLine id="tr_1_tl_32" custom="readingOrder {index:31;}">
                <Coords points="404,2914 2771,3022 2765,2920 1898,2883 1736,2789 401,2814"/>
                <Baseline points="420,2881 465,2881 510,2878 555,2878 600,2878 644,2878 689,2878 734,2881 779,2881 824,2881 868,2881 913,2884 958,2884 1003,2887 1047,2890 1092,2893 1137,2895 1182,2893 1227,2893 1271,2895 1316,2898 1361,2901 1406,2901 1450,2904 1495,2904 1540,2904 1585,2907 1630,2907 1674,2913 1719,2913 1764,2919 1809,2919 1854,2922 1898,2922 1943,2925 1988,2928 2033,2931 2077,2931 2122,2934 2167,2937 2212,2937 2257,2940 2301,2943 2346,2946 2391,2952 2436,2955 2481,2955 2525,2958 2570,2958 2615,2961 2660,2961 2704,2964 2749,2967 2773,2961"/>
                <TextEquiv>
                    <Unicode>schon eine Villa in Stiezing. Seien Sie nicht böse, dass ich auf</Unicode>
                </TextEquiv>
            </TextLine>
            <TextLine id="tr_1_tl_33" custom="readingOrder {index:32;}">
                <Coords points="2581,2926 2597,2923 2612,2907 2647,2920 2656,2914 2668,2926 2690,2914 2712,2929 2724,2920 2749,2923 2743,2839 2727,2839 2696,2858 2668,2842 2647,2858 2637,2848 2597,2873 2578,2876"/>
                <Baseline points="2594,2893 2639,2901 2684,2904 2728,2904 2755,2907"/>
                <TextEquiv>
                    <Unicode>and</Unicode>
                </TextEquiv>
            </TextLine>
            <TextLine id="tr_1_tl_34" custom="readingOrder {index:33;}">
                <Coords points="407,3063 2786,3112 2783,3019 2681,2998 1786,3016 1643,2929 404,2966"/>
                <Baseline points="420,3009 465,3006 510,3003 555,3003 600,3000 644,3006 689,3009 734,3009 779,3009 824,3009 868,3009 913,3012 958,3015 1003,3015 1047,3015 1092,3015 1137,3015 1182,3018 1227,3018 1271,3024 1316,3027 1361,3027 1406,3027 1450,3030 1495,3030 1540,3030 1585,3033 1630,3039 1674,3039 1719,3042 1764,3045 1809,3045 1854,3051 1898,3054 1943,3054 1988,3057 2033,3060 2077,3063 2122,3063 2167,3066 2212,3069 2257,3072 2301,3075 2346,3078 2391,3078 2436,3081 2481,3084 2525,3087 2570,3087 2615,3090 2660,3093 2704,3090 2749,3093 2794,3093"/>
                <TextEquiv>
                    <Unicode>solchen Kleinigkeiten sehe: ich glaube nur rein technisch, dass</Unicode>
                </TextEquiv>
            </TextLine>
            <TextLine id="tr_1_tl_35" custom="readingOrder {index:34;}">
                <Coords points="407,3168 2867,3271 2808,3128 2159,3153 1302,3022 401,3063"/>
                <Baseline points="420,3128 465,3131 510,3131 555,3131 600,3131 644,3131 689,3128 734,3128 779,3131 824,3131 868,3131 913,3134 958,3140 1003,3140 1047,3137 1092,3143 1137,3146 1182,3146 1227,3146 1271,3149 1316,3149 1361,3152 1406,3155 1450,3155 1495,3158 1540,3158 1585,3158 1630,3161 1674,3161 1719,3164 1764,3167 1809,3170 1854,3173 1898,3176 1943,3179 1988,3179 2033,3182 2077,3185 2122,3191 2167,3191 2212,3191 2257,3194 2301,3197 2346,3197 2391,3200 2436,3203 2481,3203 2525,3209 2570,3209 2615,3212 2660,3218 2704,3221 2749,3224 2794,3227 2839,3227 2872,3230"/>
                <TextEquiv>
                    <Unicode>es wirklig ist zu zeigen, wie nie Leben oft an einem Hosenknorf</Unicode>
                </TextEquiv>
            </TextLine>
            <TextLine id="tr_1_tl_36" custom="readingOrder {index:35;}">
                <Coords points="2594,3277 2615,3277 2647,3258 2674,3262 2684,3252 2715,3265 2724,3258 2740,3258 2737,3224 2631,3224 2591,3218"/>
                <Baseline points="2609,3245 2654,3245 2698,3245 2743,3248"/>
                <TextEquiv>
                    <Unicode>G.C.P</Unicode>
                </TextEquiv>
            </TextLine>
            <TextLine id="tr_1_tl_37" custom="readingOrder {index:36;}">
                <Coords points="398,3308 2845,3361 2842,3271 1727,3184 391,3218"/>
                <Baseline points="412,3254 456,3254 501,3254 546,3257 591,3257 635,3257 680,3254 725,3254 770,3254 815,3257 859,3257 904,3257 949,3260 994,3260 1038,3260 1083,3263 1128,3266 1173,3266 1218,3266 1262,3266 1307,3266 1352,3269 1397,3272 1442,3275 1486,3278 1531,3281 1576,3284 1621,3287 1665,3290 1710,3290 1755,3293 1800,3296 1845,3299 1889,3299 1934,3302 1979,3302 2024,3305 2068,3308 2113,3313 2158,3313 2203,3313 2248,3316 2292,3319 2337,3322 2382,3325 2427,3328 2472,3328 2516,3334 2561,3337 2606,3340 2651,3340 2695,3343 2740,3343 2785,3346 2830,3346 2854,3349"/>
                <TextEquiv>
                    <Unicode>ein Schicksal schleitert. Die grosse Summe steigert den Leichni und des</Unicode>
                </TextEquiv>
            </TextLine>
            <TextLine id="tr_1_tl_38" custom="readingOrder {index:37;}">
                <Coords points="394,3401 2734,3495 2730,3398 2553,3376 391,3317"/>
                <Baseline points="412,3379 456,3382 501,3382 546,3382 591,3382 635,3382 680,3382 725,3382 770,3382 815,3382 859,3385 904,3382 949,3385 994,3388 1038,3388 1083,3391 1128,3391 1173,3391 1218,3394 1262,3394 1307,3394 1352,3397 1397,3397 1442,3403 1486,3409 1531,3412 1576,3415 1621,3415 1665,3418 1710,3421 1755,3424 1800,3424 1845,3424 1889,3427 1934,3430 1979,3430 2024,3433 2068,3433 2113,3436 2158,3439 2203,3442 2248,3442 2292,3445 2337,3448 2382,3451 2427,3454 2472,3457 2516,3460 2561,3463 2606,3466 2651,3469 2695,3469 2740,3475"/>
                <TextEquiv>
                    <Unicode>Seulmants uns entschuldigt das Gögern seiner verwandten: ich</Unicode>
                </TextEquiv>
            </TextLine>
            <TextLine id="tr_1_tl_39" custom="readingOrder {index:38;}">
                <Coords points="391,3498 2761,3616 2653,3510 388,3401"/>
                <Baseline points="409,3496 453,3502 498,3505 543,3505 588,3505 632,3505 677,3508 722,3505 767,3508 812,3508 856,3508 901,3508 946,3511 991,3511 1035,3514 1080,3514 1125,3516 1170,3516 1215,3519 1259,3519 1304,3519 1349,3522 1394,3522 1439,3528 1483,3531 1528,3537 1573,3537 1618,3540 1662,3543 1707,3543 1752,3546 1797,3546 1842,3549 1886,3552 1931,3552 1976,3555 2021,3555 2066,3558 2110,3558 2155,3561 2200,3564 2245,3567 2289,3567 2334,3567 2379,3573 2424,3573 2469,3576 2513,3579 2558,3582 2603,3585 2648,3585 2692,3588 2737,3585 2770,3588"/>
                <TextEquiv>
                    <Unicode>hätte als jänger Mann bei all meinen Leichen verwandten um</Unicode>
                </TextEquiv>
            </TextLine>
            <TextLine id="tr_1_tl_40" custom="readingOrder {index:39;}">
                <Coords points="370,3662 2777,3712 2771,3600 2224,3634 1864,3554 367,3591"/>
                <Baseline points="385,3630 429,3630 474,3630 519,3633 564,3630 609,3633 653,3636 698,3633 743,3636 788,3636 832,3633 877,3633 922,3636 967,3636 1012,3639 1056,3642 1101,3639 1146,3642 1191,3642 1236,3645 1280,3648 1325,3648 1370,3645 1415,3654 1459,3657 1504,3657 1549,3660 1594,3660 1639,3663 1683,3663 1728,3666 1773,3666 1818,3666 1862,3666 1907,3672 1952,3672 1997,3675 2042,3672 2086,3678 2131,3678 2176,3681 2221,3681 2266,3684 2310,3687 2355,3690 2400,3690 2445,3693 2489,3696 2534,3696 2579,3696 2624,3699 2669,3699 2713,3702 2758,3705 2782,3702"/>
                <TextEquiv>
                    <Unicode>1000 Gulden schon vergeblich gebeten. Dies wahrhaftig mein einziges</Unicode>
                </TextEquiv>
            </TextLine>
            <TextLine id="tr_1_tl_41" custom="readingOrder {index:40;}">
                <Coords points="379,3787 2395,3842 2392,3703 376,3665"/>
                <Baseline points="397,3758 441,3755 486,3758 531,3758 576,3761 620,3761 665,3761 710,3761 755,3761 800,3761 844,3764 889,3761 934,3764 979,3764 1024,3761 1068,3764 1113,3764 1158,3767 1203,3767 1247,3767 1292,3770 1337,3767 1382,3767 1427,3770 1471,3770 1516,3773 1561,3776 1606,3776 1651,3779 1695,3779 1740,3779 1785,3779 1830,3779 1874,3782 1919,3782 1964,3782 2009,3785 2054,3791 2098,3791 2143,3791 2188,3791 2233,3794 2277,3797 2322,3800 2367,3803 2403,3797"/>
                <TextEquiv>
                    <Unicode>Einwand inmitten leidenschaftlich dankbarer Zustimmung</Unicode>
                </TextEquiv>
            </TextLine>
            <TextLine id="tr_1_tl_42" custom="readingOrder {index:41;}">
                <Coords points="978,3920 1059,3945 1382,3911 1429,3945 1528,3883 1637,3948 1777,3926 1777,3796 1755,3790 1538,3814 1463,3790 1398,3814 1084,3780 978,3796"/>
                <Baseline points="997,3866 1041,3869 1086,3872 1131,3872 1176,3872 1221,3872 1265,3872 1310,3869 1355,3869 1400,3869 1445,3866 1489,3866 1534,3872 1579,3872 1624,3872 1668,3872 1713,3872 1758,3872 1785,3872"/>
                <TextEquiv>
                    <Unicode>Ihr getreu ergebener</Unicode>
                </TextEquiv>
            </TextLine>
            <TextLine id="tr_1_tl_43" custom="readingOrder {index:42;}">
                <Coords points="2442,3873 2479,3892 2659,3886 2702,3923 2727,3917 2808,3954 2892,3926 2889,3827 2848,3814 2780,3830 2746,3796 2659,3793 2603,3759 2581,3777 2522,3768 2476,3799 2438,3793"/>
                <Baseline points="2454,3869 2498,3872 2543,3872 2588,3872 2633,3878 2678,3881 2722,3878 2767,3884 2812,3881 2857,3884 2901,3878"/>
                <TextEquiv>
                    <Unicode>Actan Zweck</Unicode>
                </TextEquiv>
            </TextLine>
        </TextRegion>
    </Page>
</PcGts>
