4483 4072
2718 1244 3032 1429 VIII. KOCHGASSE
1252 1421 3254 1733 verehrter Herr Doktor, ich bei sehr unglüchlich:
1262 1621 3147 1858 Sie haben mit vergebens angerufen. Aber ich
1279 1741 3289 1968 Unterschätzte das Militär und meinte, dass wenn
1287 1875 3227 2125 man um 6 Uhr früh ausrückte, das Saluheren zu
1282 2000 3244 2247 erlernen, u in 12 Uhr schon zu Haure sein könnte
1284 2135 3207 2362 In Wirklichkeit wurde es 4 Uhr und ich weiss noch
1309 2254 3269 2474 nicht bestimmt, ob ich die Materie beherrsche. Alle
1279 2377 3264 2651 das eine Vorbereitungen für meinen Dieust: am 1. Der
