4452 4135
3373 461 3786 629 Votre très-hacheté.
3085 475 3373 611 "    "  .'
3930 453 4069 597 11: 1:
1128 475 1392 611 1 " "
2856 464 3005 605 1"    11
1885 2122 3871 2248 Es wäre mir ein menschliches Bedürfnis, Sie uns Ihre
1728 2240 3871 2330 verehrte Frau Gemahlin wieder einmal sehen zu dürfen. Aber
1741 2362 3853 2469 ich lebe ganz im Ungewissen. Vor 6 Wochen hat das Auswär¬
1744 2456 3850 2600 nige Amt für mich um einen Urlaub nach der Schweiz gebeten,
1744 2578 3821 2688 wo ich einige Vorträge halten soll. Das Kriegsministerium, das
1752 2706 3831 2821 jeden Filmschapsel uns Operettengankler willig entlien, hat in
1765 2821 3845 2917 sechs Wochen nicht geruht, darauf Antwort zu geben, der Vor¬
1770 2925 3823 3069 trag wartet auf mich und ich weiss nicht, ob ich darf oder
1773 3034 3853 3181 nicht. Freilich: ich rühre nicht einen Tinger, weil es mir zu
1776 3160 3845 3322 kläglich scheint, nach drei Jahren Dienst um so einen Atemzug
1773 3247 3813 3373 Freiheit noch bittlich zu werden: aber ich länge sezt in der
1752 3351 3871 3498 Luft uns weiss muss von heute auf morgen. Herzlich ergeben ihr getrennt
3418 3458 3821 3578 Stefan 8 weir
