4500 4136
319 786 2062 925 treibe, die Angst im Nacken, sie nicht voll
328 889 2068 1051 enden zu können, die Baugnis innen, ob nicht
328 1015 2046 1175 meine Kraft durch die innere Gegenwehr wider
330 1162 2014 1310 die Zeit nicht gebrochen sei. Sie mögen denken,
343 1293 2027 1443 was mir es bedeutet, da wieder einen Abend
361 1416 2023 1547 in der guten Atmosphare schaffender, aus eige¬
361 1503 2036 1673 ne Werk gestellter Menschen zu vertringen, wie
365 1608 1975 1801 viel nur wäre, wieder von ihrer gütigen
365 1714 1677 1899 Eigenwart Freude haben zu dürfen!
602 1831 2016 2018 Fürchten Sie nicht, dass ich zu trübe
365 1942 2018 2133 Stimmung Ihnen bringe: im Eegenteil, ich
365 2077 1964 2253 bin sehr durch Resignation gegen alles ir¬
385 2186 1968 2370 gendwie gepanzer. Etwas Anderes hätte ich
369 2329 1916 2494 Ihnen lieber mitgebracht, nämlich einen
371 2429 1892 2600 Akt oder zwei am meiner grossen Arbeit
361 2537 1907 2726 und Ihnen vorgelesen. Ich glaube nur zu
385 2648 1994 2831 wissen, dass sie nicht gerne sich lesen lassen
365 2772 1840 2955 andrerseits ist mein Stück eben noch
363 2889 1966 3113 weit von der Vollendung und ich hätte es
2151 802 3858 943 gerne Ihnen näher gebracht. Es ist eigentlich
2151 908 3854 1047 meine erste wirkliche Arbeit, die erste, die ich
2164 1036 3841 1167 innerlich ganz anerkenne, weil sie über das
2166 1145 3789 1288 Mars meines Willens so hinausgewachsen ist.
2172 1256 3854 1384 weil sie - wohl aussichtslos in jedem zweck.
2172 1360 3780 1484 Dienlichen Sinne — mir die ganzen innern
2177 1482 3806 1625 Probleme der Zeit und meines persönlichen
2199 1616 3774 1734 Erlebens erlösend aufgelöst hat. Es war in
2188 1714 3804 1834 den letzten acht Monaten die innerlichste
2214 1818 3787 1936 Zwiesprache die ich führen konnte, besser als
2196 1920 2933 2060 mit allen Meuschen.
2481 2036 3724 2214 Ich habe in diesen Zeilen gar
2203 2164 3826 2272 nicht Ihrer lieben frau gedacht und doch.
2199 2296 3748 2442 gehen auch meine Worte an sie. Es ist so
2205 2403 3802 2559 gut jetzt au wirkliche au menschliche Men¬
2205 2531 3834 2670 schen denken zu dürfen und ich tue es gern
2212 2653 3752 2811 nur oft, um mich über die andern zu
2218 2772 3789 2922 brösten. Wann immer sie mir es erlauben
2212 2894 3813 3024 wollen, homme ich zu thien. Meine herzlich
2212 3005 3778 3165 sten Früsse vor aus! Ihr getreuer Betau zwei
