3141 4135
502 639 2456 812 furchtbaren Verbannung von aller Freudigkeit, in welche dieser
502 796 2467 922 Mensch hineingeboren ist. Sie konnten nicht wehrer sein, indem
502 874 2528 1018 Sie aus Millionen eine solche Gestalt herausholten, und für mein
508 970 2608 1168 Empfinden stellt sich diese Chronik endgiltig dar. Sie romantisiert
508 1098 2542 1269 nicht, sondern sie bleibt grausam nüchtern und erschreckend wahr.
510 1195 2493 1374 Erschreckend - dies Wort gilt nicht für mich, der das Tragische
516 1299 2504 1478 und am liebsten das geheim Tragische des Daseins in Büchern als
510 1374 2384 1595 höchste Tugend ehrt, wohl aber vielleicht für ein breiteres
513 1486 2571 1676 Publikum, das, weil selbst diese Monotonie unbewusst erlebend, im
526 1598 2590 1777 Geschriebenen wie auf der Leinwand immer eine Spannung sehen will,
529 1697 2638 1881 bewegte Schicksale, und das unbewusst Depressive dieser Gestalt als
532 1828 2539 1999 genant empfinden wird - genant für ihre Sorglosigkeit, für Ihren
534 1903 2627 2047 Amisierwillen, ihr Darüberhinwegwollen im eigenen Dasein. Sie haben
529 2004 2411 2194 es gewiss von Anfang gewusst, dass Sie hier einer Publikums-
534 2103 2517 2304 neigung im inrersten entgegenwirken - die Menschen wollen immer
1122 2218 1307 2290 A.W.C
842 2234 975 2304 au moins
529 2226 2619 2395 nur Reichtum sehen, reiche Milieus, tropische Charaktere, rare und
537 2306 2683 2485 kuriose Erlebnisse - aber nichts ehrt Sie mehr, als dass Sie auf der
534 2403 2544 2595 Höhe Ihres Schaffens das Allerschwerste auf sich genommen haben,
545 2512 2568 2721 das dem Künstler vorbehalten ist: die arme Existenz zu schildern,
553 2651 2678 2811 die Tragödie der unzähligen Anonymen. Diese Menschen lesen nicht die
551 2713 2552 2908 Bücher in den ersten vier Wochen, insolange sie modern sind, sie
543 2836 2550 3017 kommen erst langsam an sie heran - dann aber werden Sie einzelne
561 2940 2582 3108 Dankbarkeiten erhalten, die Ihnen wirklich glückhaft sein müssen.
553 3020 2512 3226 Als Mann des Metiers muss ich ein wenig neugierig sein auf den
1775 3129 1868 3204 F.T
556 3111 2571 3330 Wiederhall im Kreise der Geistigen, ob das bewusst Heroische
561 3242 2392 3434 dieser Chronik wahrnehmen und würdigen können, das für uns
567 3338 2590 3536 Oesterreicher noch überdies besonderen dokumentarischen Wert hat.
561 3448 2571 3608 Das Gefährlich einer solchen Chronik im Gegensatz zu einem wirk-
