4473 4168
841 457 984 605 11;
626 336 774 624 "  "
2112 562 3249 731 Salzburg, am 18. August 1920.
1123 710 1363 895 is
1537 933 2698 1059 Lieber verehrter Herr Doktor!
2851 1234 3273 1336 10g und 100
1349 1239 2860 1395 Ich telegrafierte Ihnen den Vorschlag
2849 1306 3179 1376 (4,9)
1164 1330 3322 1465 Anzahlung. Ich glaube damit, Ihnen das andtändig
1150 1440 3241 1588 erreichbare geraten zu haben. Natürlich kenne ich Ih¬
1169 1575 3287 1682 ren Kontrakt mit Fischer nicht und weiss nicht, ob Sie
1169 1672 3322 1771 diesem auch noch etwas abzugeben haben. Immerhin ist es
1166 1755 3241 1887 gerade jetzt für uns wichtig drauesen Fuss zu fassen,
1177 1879 2811 1986 weil ja ein Ruch dem andern den Weg bahnt.
1373 1938 3295 2061 Verzeihen Sie dass ich diktiere, statt Jhnen per¬
1180 2056 3281 2166 sönlich zu schreiben, aber es ist jetzt die Teufelswo-
1234 2158 1580 2231 de dermains
1188 2161 3287 2276 che in Salzburg, wo einem nicht Zeit zum atmen bleibt.
1177 2266 3338 2389 Ich hoffe, dass Sie zu stillerer Jahreszeit bald herkom
1169 2368 3273 2502 men und mich des lange entbehrten Vergnügens erfreuen
1182 2513 2591 2591 kann., Sie zu sahen, Sie zi sprechen.
1526 2569 2446 2714 In Verehrung getreu Ihr
2618 2798 3319 3005 Stefan Zweig
