4519 4055
524 794 1979 1053 ihnen neuerlich nahe trete, ist es
544 998 1906 1171 mir Bedürfnis ein Wort an Sie
571 1136 2077 1284 richten, Ihnen irgendwie zu danken für
559 1272 2036 1463 Alles was Sie uns gegeben haben. Ich
548 1404 2044 1616 meine wie das Einzelne damit und
556 1556 2026 1717 gerade gestern, im „Einigmen Weg
561 1659 2080 1834 der mir vor Jahren, als er das letzte
575 1812 2121 1983 war, auch das liebste Ihrer Stücke schien
569 1929 2127 2119 ist mir bewürst geworden, wie stark in
575 2073 2123 2238 Ihrer Kunst seitdem der Zusammenachläs¬
575 2199 2005 2376 aller innerlichen Kräfte geworden ist.
567 2352 2078 2516 wie Manches, was hier noch Andeutung
587 2471 2061 2652 ist, im „Weiten Land“ und der „Frau“
591 2632 2135 2778 Peate" schöpferisch xxx sich ausgebaut hat.
587 2749 2125 2929 Es ist für mich ein grosser Genuss, spüren,
583 2883 2098 3069 zu dürfen, wie organisch sich über das
581 2990 2075 3186 einzelne Werk hinaus Ihre Molive ent¬
569 3116 2098 3312 wicheln, wie Ihr ganzes schaffen gleichsam
2187 785 3749 983 sympfouine in Anlauf und Widerklauf
2216 956 3724 1129 das gewisse persönlichste menschliche Be¬
2207 1084 3763 1255 men verarbeitet und wie eigentlich alle
2214 1220 3737 1401 diese einzelnen Dramen von einer ge¬
2218 1305 3726 1533 wißen Ferne der Jahre, von der notwen¬
2232 1434 3714 1630 digen Erhebung des Alters gesehen, eine
2238 1556 3693 1740 complexe Gesammt seit bilden. Es gibt
2244 1706 3702 1863 darum für mich eigentlich nicht wie
2267 1807 3638 2009 für die meisten (die Ihre Werke in
2259 1929 3751 2115 erster Linie als Theaterstücke werten) ein
2255 2104 3761 2238 Mehr- oder Minder des Gefallens, ich wefre
2282 2195 3728 2387 mich gegen den Vergleich und freue
2277 2314 3772 2479 mich Ihnen immer und immer wieder¬
2271 2442 3737 2652 für das ganze danken zu können. Es
2288 2556 3755 2758 sei Leute und nicht zum letzten Mal
2298 2712 3665 2877 aus aufrichtiger Empfindung getan.
2531 2852 3745 3023 Leblaft leid is) es mir, dass
2282 2976 3675 3127 Sie mir so lange nicht erlaubten
2292 3122 3741 3261 sie sehen zu durfen. Ich reise nun
