4514 4184
1402 757 2994 934 und Ihre verehrte Frau Gemaklin.
1424 946 2978 1085 bald wieder sehen zu dürfen: heute
1432 1043 2933 1190 abends habe ich mir den Sonaten.
1412 1180 2970 1328 abend Walter Rové, morgen das Lied.
1424 1287 2970 1449 von der Erde, Mittwoch Elehtra zu¬
1408 1398 2950 1608 gedacht, ich lebe jetzt wirklich von
1396 1525 2950 1711 Mu sich, denu soust wäre es nicht zu
1449 1685 1886 1826 ertragen.
1713 1749 2962 2013 In dankbarer Verehrung ge¬
1445 1898 1882 2143 bruc Sr
2272 2024 2895 2282 Stelantweis
1481 2397 2956 2659 Viele Grüsse Störer Frau Eemahlin.
1396 2599 3014 2774 Und noch die Erinnerung: wenn
1382 2728 2956 2921 Sie einmal zeit und Lust haben
1515 2853 3030 3014 gedenken Sie jenes Bildhauess. Gustum
1479 2972 3012 3099 Ambrosi, der so gerne Ihre Büste mach
1475 3075 3020 3220 te. Ich halte diesen taubstummen den
1475 3186 3040 3353 schen für einen Wahrhaft gemalen Künstler
