3155 4135
2165 401 2395 554 SALZBURS
864 447 1375 625 G.C.R.M. I. S.
1400 438 1939 616 Votre très jusqu'au moins de l'averti-
2110 456 2818 622 KAPuzINBERG 4. II 1927
805 658 1102 854 Brayin
410 781 2870 1038 Lieber verehrter Herr Pottor, u. war, wie wohl alle, erst über-
435 919 2796 1148 rascht, von Ihnen ein characterologisches Buch zu empfangen, doch
450 1075 2842 1250 gleichzeitig sehr neugierig gereizt, wie ein so verantwortliches Probleck bei
453 1210 2784 1369 Ihren Lösung finde. Sie wissen ja, dass mein essagistisches Hauptwerk
466 1298 2885 1464 von dem nur zwei Bände bisher erschienen sind, eine "Typologie des Jeistes"
475 1458 2854 1562 sein will, also die ganzen Idenlitäten in Parianten aufzeigen, so war
475 1544 2808 1706 Ihre Formulierung mir eine Art Bestätigung und insbesondere jener
481 1675 2842 1779 tragende Gedanke, dass jede Erscheinung ihren Schatten wirft wie ein or-
487 1743 2897 1939 ganisches Gebilde, daß jeder Sinn tätig seinen Widersinn, seine Vergerrung
496 1880 2863 2027 in der irdischen Erscheinung erwäfft, will nur ausserordentlich frucht
493 2018 2836 2128 bar erscheinen. Dazu formt seit die Abwandlung durchaus klar: more geo-
487 2128 2827 2242 metrico nu Sinne unseres Spinoza und auch das Widerspiel fehlt nicht,
487 2214 2818 2324 amor i intellectualis, du rein geistige Liebe zur beinahe metaphysischen
493 2331 2824 2456 Problematik. Ich bin für Sie dieses kleinen Büchleins sehr froh, denn
496 2453 2793 2569 die Menschen nehmen den Künstler am liebsten dort, wo er leicht und
496 2576 2897 2701 locher wird, in ihre Wertung auf. Hier werden manche über den sarflichen
514 2658 2894 2808 Ernst erstaunen, der in Ihnen die Urmacht ist - ich freilich erstattne nicht
508 2778 2940 2912 ich weiss ja auch von Ihren verstreuten uns leider noch nicht gesammelten
518 2891 2919 3029 Reflexionen über die Kunst, wie sehr Sie die innerliche Versanik dessen
518 2983 2903 3133 berhäftigt, was nach aussen für als Selbstverständlich-wirkendes erscheint.
524 3087 2949 3234 Es wäre mir innige Freude, einmal ausführlich mit Ihnen über diese Prob¬
524 3237 2903 3363 leine spreifen zu dürfen: im tiefsten Grunde sind die damit dem Sinn der Zeit
527 3338 2919 3461 nafegekommen, die endlich – endlich! – müde wird der collectiven Typen¬
533 3461 2888 3586 lehre von den „Rassen“ uns „National“ wie sie Kobineau in die Welt setzte.
1795 3537 2067 3623 Jadividaal
521 3552 2909 3703 und die Einordnung in den Pypus begaldt. Das haben Sie mit
1020 3724 1807 3954 I am is a/c
2468 3748 2937 3938 Otetan Zweck
