4514 4184
2122 738 2306 892 bin.
2328 846 3628 1014 In der Sache Dr. Kosenbau us
718 931 1060 1012 38BHO0X.IIV
813 990 940 1058 Maiw
2180 957 3665 1111 habe ich von Gerhardt Hauptmann
2199 1082 3658 1255 noch keine Antwort: ist es die Post,
2215 1200 3573 1382 die den Brief so lange hält oder
2225 1319 3671 1489 irgend etwas in hin? Jedesfalls bin
2237 1444 3680 1610 ich sehr erbittert, wie gut Thimig alles
2248 1549 3687 1737 gelu ugen ist. In aller Stille hat man
2271 1676 3656 1862 diesen zu ten Mann begraben und
2282 1757 3735 1939 in einem Jahr wird niemand mehr
2283 1904 3746 2055 von ihm wissen. Ich hoffe noch immer,
2298 2033 3700 2201 etwas tun zu können: es wäre ja
2311 2153 3603 2289 sehr nötig und nicht nur im
2315 2225 3726 2416 moralischen Sinne, denn Dr R. der
2318 2379 3739 2554 selst ein vierteljahrhundert in un¬
2333 2512 3748 2655 ablässiger Arbeit gelebt hat, braucht
2320 2637 3665 2795 wissamkeit, um nicht bitter zu
2328 2762 3746 2946 werden. Hoffentlich findet sich da
2322 2896 2696 3056 ein Weg.
2530 2983 3671 3178 Ich freue mich sehr, die
