4452 4135
1342 444 2603 661 '̃ ̃ • • • ; • •
528 470 1368 627 ...,.. i... l'annolle.
3313 478 3425 651 "
3682 502 4130 689 '̃̃:̃ ̃
4128 522 4257 691 14
1145 948 2264 1101 Kalhsburg, 25. August 1917
2519 964 2804 1169 Tives
1193 1209 2750 1394 Verehrter lieber Herr Doktor vielen
1229 1358 2732 1521 Dank für Ihren guten Brief. Es liess
1239 1468 2838 1601 wir doch keine Ruhe, ehe ich nicht xxxren
1233 1613 2834 1752 Dohtor Gräsler noch einmal gelesen hatte
1260 1720 1732 1792 (votreretreur)
1254 1724 2836 1880 und ich zögere nicht, zu bekennen, dass
1266 1856 2859 1985 das Unverstehen des Schlusses mein Fehler
1280 1959 2851 2101 war. Ich fülle jetzt besser: dass diese
1266 2073 2768 2236 scheinbare Episodeureihe (als die ich
1278 2196 2851 2332 Das Buch zuerst empfand) der concen¬
1276 2318 2800 2471 brierte Lebenszustand dieses Menschen
1288 2455 2838 2595 ist, das einzige Dasein im höheren Sinn
1290 2571 2865 2714 der Spannung zwischen einer gleichgiltigen
1302 2684 2748 2847 vergangealeit nur zukunft. Und ich
1304 2810 2792 2963 empfinde sehr erst, nach dem ich nicht
1300 2933 2790 3142 mehr so hitzig zu Ende las, die ganze
