4473 4168
383 963 2376 1117 Hieber verehrter Herr Doktor, meines Bleibens in Wien
386 1096 2283 1261 wird nicht lange sein: in etwa 10 Tagen gele ich, und
386 1228 808 1343 diesual wofe
757 1230 2324 1372 Für immer, fort. Gerne hätte ich gerade Sie,
409 1333 2340 1470 den wandellos verehrten, zu vor noch gesehen uns bitte
402 1452 2391 1585 Sie um Wort und Erlaubnis, wann ich zu Ihnen kommen
404 1549 2360 1706 darf. Mit vielen Empfehlungen Ihrer verehrten Frau Ge¬
404 1678 2345 1840 mahlin und den herzlichsten Grützen Ihr treu ergebener
1161 2759 1482 2901 Seleurs
528 2880 1575 2955 Pächer verehrter Herr Doktos, von Zermatt für weiss
543 2942 1565 3058 ich noch, wie gut es ist, mit Ihnen zu sprechen
551 3022 1552 3140 und weiss es nun wieder wie wohltueres auch
569 3107 1591 3217 Ihr geschriebenes Wort einen grüsst. Dankbar.
574 3189 1537 3294 (abe ich ihren Eindruch und seine mich sehr
571 3269 1529 3387 anregende Ausführlichkeit empfangen und
569 3356 1565 3475 Ihre Zustimmung gilt mir noch genau wie
574 3431 1565 3552 vor zwanzig Jahren als innere Bestärkung.
577 3521 1567 3603 2h werde froh sein, baer ihren wieder die
574 3583 1578 3706 Hand vensen zu dürfen, viel Grüsse u. altes
571 3680 1284 3804 berehrung voraus: Ihr getreuer
1251 3711 1588 3845 Stefanzweig
2924 69 3073 196 F.
2895 456 3022 618 G.C.
2213 450 2383 592 1
1920 659 2376 821 14. April 1919
1827 759 2198 857 VIII. KOCHGASSE 8.
1840 826 2167 916 Tel. 36 104
1807 1799 2311 1984 Retan Zweig
3173 2154 3827 2291 12. October 1917
2255 2203 2417 2350 Coe
3413 2288 3778 2422 VIII. decHGASSE 8.
1990 2257 2126 2522 3
1869 2507 3943 2664 Lieber verehrter Herr Dohtor, ich danke thuen sehr für
1902 2666 3940 2775 Ihre guten Worte; dass dieses Werk, eigentlich aus Zorn
1915 2751 3961 2903 und Qual geboren, mir nun Liebe gerade der Besten ge¬
1917 2929 3928 3042 winnt, bezeugt mir die Notwendigkeit dieser Erbitterung,
1928 2991 3992 3161 die ich lange selbst wie eine sinulose Verstörung empfand.
1925 3148 3992 3279 Vielleicht hat die Verwandlung die Leidenschaft gelöst und
1928 3251 3964 3410 damit auch das Seiden erlört: ich fühle mich jetzt freier,
1928 3372 3364 3526 so sehr ich äusserlich noch gebunden bin.
