4490 4151
2210 964 3076 1130 VIII. KoCHGASSE 8 12 Nov 12
2391 1089 2531 1235 WIEN,
1566 1222 3052 1381 Verehrter lieber Herr Doktor,
1619 1357 3057 1597 mit ungemeiner Freude habe ich
1625 1555 3081 1778 Thren Professor Bernhardt empfan-
2312 1682 2583 1769 lʼhonneur de lʼadresse
1628 1737 3085 1900 gen, mit Leidenschaft ihn sofort gelegen
1638 1861 3091 2029 und eigentlich noch immer nicht aus
1645 1996 2958 2156 der hand gelegt, wiewohl ich schon
1663 2103 3078 2293 längst bei der letzten Seite war nur
1667 2251 3102 2411 wieder mitten darin und wieder am
1689 2371 3074 2555 Ende. Aber es ist ja unsere engste
1680 2505 3078 2701 Welt, die sich hier auflut, weit frei¬
1667 2629 3032 2808 lich, u. nendlich weit, bis man den
1689 2727 3098 2900 Himmel der grossen seelischen Eerechkeit
1699 2856 3085 3065 keit über ihr mit allen guten Sternen
1680 2972 3083 3166 sicht. Ich weiss nicht, ob ich Ihnen
1699 3107 3078 3290 etwas Liebes damit sage, aber meine
1691 3224 3107 3419 Empfindung will doch aufrichtig sein.
