4521 4071
1891 707 3003 907 Constellationen unser 9/4.91
2205 835 2755 966 iff. Zt. KOCHGASSE
2089 905 2779 1023 G.C.K. G. G, J. C. J.
2219 988 2720 1141 nier vorbei
1485 1092 2952 1302 Verehrter lieber Herr Doktor, Sie
1490 1229 3065 1424 sind so gütig, meine bescheidene Ulei¬
1492 1363 3058 1593 nu es in dieser Sache anzufragen
1506 1508 2940 1689 und ich sage sie aufrichtigst. Ich
1526 1622 3048 1844 glaube nur der erste Teil der Berich¬
1514 1758 3010 1976 tigung ist notwendig, der zweite bloss
2881 1879 3028 1958 G.C.F.
1522 1885 2938 2105 eben nur eine Richtigstellung einer
1530 2007 3071 2239 Veränderung, die niemanden beleidigt.
1534 2129 3001 2356 Und im ersten Teile hätte ich so gerne
1545 2284 3003 2455 von einem Manne Ihrer Zerechliskeit
1544 2388 3010 2584 eines gesehen: ein Wort der Posiliven
1522 2504 2987 2728 der Bejahung. Ich glaube, nie war
2863 2602 3030 2696 G.D.
1544 2629 3065 2830 eine Zeit besser für das Bekennen, nie
1545 2747 3052 2953 es notwendiger, die Auerschütterlichkeit
1479 2900 2194 3111 unserer innern
2205 2881 3058 3065 Überzeugungen gegen
1569 3008 3036 3189 gewiße Veräuche aufrecht zu erhalten, da
