3141 4135
481 463 886 612 t.csef ilst..
336 594 2411 697 welche die Spender wenigstens davor schützt, dass sie eine gewisse
344 697 2269 820 öffentliche Unfreundlichkeit erleiden, indem ihre Manuskripte
336 794 2426 954 keinen Käufer finden, was natürlich auf einem puren Zufall beruhen
331 889 2255 1049 kann. Aber Sie kennen ja die Zeitungen, die sich's nicht ver-
344 986 2319 1130 kneifen werden, eine derartige Zufälligkeit literarisch zu kom-
344 1096 2237 1270 mentieren. Darum bin ich unbedingt gegen jede Vereinzelnung.
531 1193 2347 1325 Sommerpläne habe ich noch gar keine, alles hängt davon ab,
344 1285 2453 1427 ob ein Stück, das ich schrieb und mit dem ich fertig zu sein glaub-
1756 1398 2245 1462 3 actes de la nouvelle. — Lehti
2282 1396 2429 1475 G.C.H
352 1404 2369 1543 te, wirklich fertig wird, aber ich bin mit dem letzten Akt nicht
352 1514 2390 1643 zufrieden und gebe es nicht aus der Hand, ehe nicht der
352 1609 2445 1767 Engel eines neuen Einfalls erschienen ist, mit dem ich ringen kann.
358 1714 2387 1869 Gerade weil mir das Stück wichtig ist, wäre es mir ein besonderes
355 1811 2408 1958 Glück gewesen, Ihren Rat zu erbitten, und ein Gespräch hätte mich
352 1922 2340 2061 unermesslich gefördert. In solchen Verlegenheiten zündet
365 2032 2337 2158 oft ein einziges schöpferisches Wort. Vielleicht also winkt mir
358 2124 2337 2271 die besondere Freude, Ihnen irgendwo zu begegnen. Ich will wohl
350 2221 2408 2432 auch für einige Tage in die Schweiz oder wenn nicht dorthin, nach
352 2340 1837 2484 Ferleiten oder einen anderen versteckteren Ort.
544 2439 2371 2568 Bitte, wagen Sie eine Postkarte, ehe Sie übreisen, die mir
358 2539 2334 2700 sagt, wohin Sie wandern; es wäre mir ein sehr tiefes und inner-
352 2652 2382 2792 liches Bedürfnis, mit Ihnen beisammen zu sein. So selten ich Sie
355 2747 2466 2876 sehe, habe ich doch das Gefühl, Sie von Jahr zu Jahr besser zu ver-
355 2860 2255 3005 stehen und die Gewissheit, Sie noch immer inniger zu lieben.
2150 2942 2495 3036 anediee beim
1427 2957 2071 3102 Ihr getreu ergebener
1966 3023 2495 3178 xxx. xxxw xxxn
1343 3076 1530 3181 G.H.F.P.
2308 3147 2468 3244 J.F.P.
1157 3136 1724 3310 :titm aH.nod.ed us ne
1940 3160 2484 3386 Stefan Zweig
1262 3270 1527 3431 eale -
1585 3265 1693 3404 G.F.P.
