4496 4152
1350 422 1609 660 Tweve
2033 577 2770 831 VIII. KoCHGASSE 8 13. Dez 09
2163 733 2321 833 WIEN,
1369 642 1512 885 3
1393 1001 2500 1183 Sehr verehrter Herr Echtor,
1905 1216 2717 1380 ich hatte gestern die
1404 1330 2792 1514 Freude, der erfolgreichen Aufführung
1408 1475 2781 1635 Ihres „ Ruf des Lebens“ bei zu wolecen. Es
1425 1555 2820 1728 wäre ungeziemend wollte ich mir eine
1415 1691 2840 1840 Bemerkung über das Wesen und den Wert
1440 1787 2816 1966 des Stücher in Ihnen ungefragt gestatten, aber
1434 1908 2848 2079 das darf ich Ihnen wohl sagen, lass ich
1434 2024 2827 2184 vielleicht niemals von einem Ihrer Wirke
1445 2133 2881 2282 im Theater einen so gewaltigen und wirklich
1445 2247 2881 2394 Die letzten Erschütterungen aufwühlen den Ein¬
1440 2358 2900 2526 Adurch empfunden habe. Sie bedürfen heute
1440 2472 2857 2639 längst nicht mehr einer Zustimmung
1460 2574 2894 2742 -am wenigsten von uns, die wir alle an¬
1449 2693 2881 2851 Ihnen zu lernen haben — aber eben, weil
1440 2812 2935 2991 diesem Hüch so viel Eliz verständnis - feind¬
