4491 4152
2556 486 2720 593 in
1145 437 1613 648 V. E. W. & J.
510 476 597 655 1:
1546 772 2443 905 Wien 4. Februar 1910
1655 898 1990 1026 Zioly.
1551 1030 2679 1162 Sehr verehrter Herr Doktor,
2624 1152 3114 1331 in dauke.
1621 1308 3036 1472 Ihren viel - vielmals zu das „Weite
1630 1440 3099 1574 Land, das ich natürlich sofort mit
1628 1547 3129 1711 aller Ungeduld der Erwartung geleven
1619 1692 3131 1818 habe. Und folge mich, dass ich da hein
1623 1775 3129 1903 Urteil habe, sondern nur einen restlo¬
1628 1890 3117 2029 sen und innigen Glückwünsch. Es ist
1645 2005 3134 2165 wie eine Zusammenfassung Ihres gan¬
1658 2108 3142 2257 zen Werkes in einen Ratmen, ungemein
1658 2219 3112 2363 reich (erst beim zweiten Lesen tut nah
1662 2323 3059 2470 einem die Linter das auscheinend zu¬
1677 2436 3161 2592 fällige versteckte Schönleit voll auf) und
1674 2545 3136 2662 von einer schönen Reife, saftig und bunt
1786 2654 3114 2803 Die schönste frücht vielleicht aus
