4500 4136
434 458 696 635 V. F.
729 422 825 608 1
2731 410 3514 650 4. Nov. 1524
3812 476 4002 678 G.C.P.
2819 578 3029 659 SALZBURG
1563 404 1957 714 Twee
1132 407 1451 756 hj
1144 961 3291 1186 Lieber verehrter Herr Dottor, ich bin
1018 1156 3406 1466 schwer in Arbeit - aber ich muss mich für
1021 1337 3352 1590 eine Minute unterbressen, um Ihnen zu sagen,
1024 1515 3445 1768 wie ausserordentlich ich ihre Hörelle in der „Aenen
1051 1695 3403 1918 Ründschau "finde: eine trouvaille in der Testaik
1048 1828 3400 2063 der Horelle, Spannen, aufwühlend, ganz ins Tra¬
1060 1993 3373 2195 gische aus kleinem Präladium aufsteigend. Die
1039 2120 3361 2349 von eße kein Wort darin zu ändern — einzig
1042 2298 3333 2496 für die Buchausgabe eine Zahl. 50 000 Gulden
1051 2466 3355 2617 100.000 friedenskronen — das over eine Summe
1033 2566 3358 2767 Du ein Notschild kaum seinem Bruder a fond
1039 2692 3376 2912 perdu lich. Georg es Ihnen nicht, da wir Jacob.
1021 2870 3333 3096 Wassermann in der Ulrike Worteck, dass un¬
1021 3029 3330 3207 sere Erinnerungsgefühle an Eels auch schon in¬
1030 3183 3312 3382 flationiert sind? Gerade weil es ein entferuter
1015 3342 3249 3496 Beharntes aus dem mi Helstand ist, schien
1000 3499 3306 3716 nur die Summe großesh hoch — ich verstehe, daß
