4481 4167
1553 790 1998 982 Tweig
2365 871 2938 964 VIII. koCHGASSE 23. V/3
2480 936 2604 1037 WIEN,
1507 871 1641 1135 S
1487 1142 2904 1314 Verehrter Herr Doktor, ich habe soe
1511 1336 2887 1559 ben Ihre neue korelle empfangen
1518 1506 2982 1686 u. ad keine eigene Arbeit ist mir so wich
1528 1630 2962 1809 tig, u ue nicht sofort für 10. liebe Lechiré
1537 1774 2951 1938 unterbrochen zu werden. In einem Zug
1542 1896 2995 2057 von Anfang bis zu Ende, hatte ich doch
1551 2006 2956 2183 nachher das Gefühl einer grossen Fülle
1548 2139 2997 2292 das ei neu immer übernommt, wenn
1560 2258 2973 2405 man Existenzen nicht an einem zu
1575 2367 2918 2540 fälligen Puncte ihres Schicksals du
1570 2515 2938 2672 streift sondern durchlebt bis zu je
1571 2626 2997 2789 nem innersten Kern, in dem die ganze
1560 2727 2997 2936 Summe ihres Lebens in stärkstem Extract
1571 2873 2995 3039 eingeprest ist. Nichts ist darin eigent.
1570 2993 2991 3196 lich episodisch, sondern Alles so zum
