4496 4152
1692 441 2040 662 G.C.H.P.
2222 482 2444 620 V. F.
3082 508 3293 618 1:°
1046 491 1299 647 1e.
2162 647 3705 923 den Jüngern, durch Blick und Heimat-
2182 890 3690 1040 liebe verwandten, ist es ja wohl zu
915 965 1332 1088 8 B OZ AEROOM JIV
1050 1040 1201 1144 “V.
2195 1002 3617 1165 geschrieben, uns wird es vielleicht
2203 1132 3692 1305 mehr getören, als jeder anderen Eene¬
2207 1247 3696 1393 ration, jeder andern Stadt, jedem an-
2212 1383 3663 1529 dern Kreis: mögen die andern das
2210 1470 3676 1631 Au were lieben, den Blich, den Griff,
2243 1600 3680 1754 die Melodie, so steben wir doch sei.
2239 1715 3544 1900 nem Herzen am nächsten, desen
2251 1825 3701 1999 unbewusst vielleicht - für uns ist
2258 1948 3738 2082 es geschrieben, ist es als Wegzeiger hin
2276 2088 3751 2249 gestellt. So empfangen Sie mit meinem
2278 2208 3720 2368 Tant den vieler anderer, dem die
2283 2337 3732 2492 Freude nicht gegeben war, es direct
2285 2443 3751 2627 aus Ihren Händen nehmen zu dürfen
2291 2554 3757 2725 einen Dank, nicht für Einzelnes, nichts
2326 2700 3745 2847 für das Etschaffene allein sondern für
2326 2822 3743 2955 das Eauze, für den grossen schönen
2326 2926 3738 3068 Willen und für alle die viele Liebe,
2333 3037 3657 3220 Die Sie diesen Menschen - für
2333 3158 3417 3329 uns - mitgegeben haben.
