4491 4152
2521 496 2641 614 1
2273 780 3714 926 möge er nicht — aber nur die erste
1040 883 1347 1002 38EADHO0X
2284 898 3785 1049 Zeile. - erfüllen. Ich hätte ihn rahmen
1151 978 1280 1053 .13IV
2297 1023 3788 1144 laisen, wir ste ich, wie und wo sie ihn
3568 1116 3693 1170 nun
2303 1131 3779 1267 placi eren wollten: nehmen Sie ihn
702 1183 788 1344 P.S
2322 1230 3796 1372 so als einen Raak für heles, für das
2309 1355 3774 1486 Schöne, das ich von Ihnen mit vielen
2323 1458 3714 1586 andern aus Ihren Büchern, für das
2318 1562 3815 1685 Ihoue, das ich von Ihnen allein durch
2342 1672 3824 1816 Ihr Mannscript, Ihr Bild, das allem aber
2348 1777 3811 1928 manches gute Gesprach und Ihre Güte
2351 1902 3742 2057 empfangen habe. In herglicher Liebe
2351 2008 3475 2163 und Verehrung Ihr getreuer
3083 2221 3714 2439 Stefan Zweig
