4490 4151
1495 699 3011 869 kunft wünschen, ich bleibe noch drei
1510 801 3040 977 Wochen zu mindest. Ulem Leben ist hier
1520 927 3013 1126 vielfällig durch die Stadt und Hoch ge¬
1530 1060 3084 1228 schlossener durch das Fremdsein, das nur
1541 1155 3086 1315 die Freundschaft einiger guter Menschen
1557 1265 3098 1464 zum doppelten Hüch macht. Bewahren Sie
1566 1387 3111 1570 mir gutes Gedenken, überbringen Sie Ihrer
1578 1510 3094 1682 Frau Eemahlin beste Empfehlungen und
1562 1653 3105 1792 Seien Sie aufrichtigst gegrüsst von Ihrem
1578 1788 2122 1929 tren ergibenen
2549 1970 3078 2182 Hetau Zweig
1574 2273 2487 2418 Paul Morissen's Adreise ist
1725 2397 2352 2503 mercure de France
1862 2457 2431 2598 26, rue de Condé
