4475 4153
1044 755 3144 906 das fühle ich — viel an den Erfahrungen und selbst
1076 872 3126 1034 der Kritik gelernt. Erhalten sie nur, verehrter Herr
1086 1000 3107 1141 Doktor, Ihre gute Gesinnung: sie ist mir wertvoller,
1105 1110 3131 1246 als Sie vielleicht vermüten, und gibt, so freundlich
1110 1222 3175 1366 ne auch nur sein mag, nur unvolltommen die Stár
1123 1360 3165 1483 he des Gefühls zurück, das ich Ihnen von je – und
1118 1447 3154 1622 Jahr um Jahr verstärkt – freundig entgegenbringe. In
1115 1572 1987 1750 Verehrung getreu Ihr
2434 1687 3144 1948 Stefan Ewers
1334 2337 2128 2504 Verehrter Herr Doktor, ist
1334 2478 2076 2583 habe Monisse noch mals ge-
1337 2572 2131 2679 schrieben, er möge bei einer
1342 2645 2120 2781 Übertragung womöglich ge¬
2744 2692 2935 2794 15
1358 2737 2144 2859 meinsam mit einem Oheater
2217 2778 2914 2959 Dr Artur Schnitzler
1342 2825 2126 2945 räutimer vorgehen und zweif
1355 2898 2113 3016 le nicht, dass er diesen Rat
2204 2992 2350 3047 ....
1355 2990 2099 3107 befolgen wurde. Er ist sehr
2212 3066 2431 3173 ...
1353 3066 2144 3199 truchtig uns hat den Vorteil
2541 3045 2682 3173 ouvrage
1358 3152 2141 3267 einige Jahre in Wien gelebt zu
2285 3094 2938 3316 Wien-Cotage
1345 3233 2162 3355 haben und das Specifisch-Wie
2212 3280 2982 3463 Sternwartestrasse 72
1353 3316 2139 3434 nesische besser wiederzugeben.
1337 3395 2131 3533 da hoffe Siebaer darüber nach.
