4496 4152
2470 449 3229 603 V.,,.,, 1 1, 1, 0,
1808 433 1936 644 1
1491 768 2375 908 Wiln VIII. Kochgasse 8
1568 928 1753 1097 five
1528 1097 2833 1285 Sehr verehrter Herr Doktor,
2859 1267 2996 1384 ich
1583 1395 3028 1550 weis nicht, ob Sie schon in Wien
1584 1526 3057 1663 sind und ob ich meine Bitte an
1601 1661 3007 1781 Sie richten darf. Sie will nicht
1614 1773 3050 1913 viel: ich mochte die gerne wieder
1616 1902 2991 2045 einmal besuchen dürfen, das ist
1606 2026 3029 2147 Alles. Maa erza hlt mir viel von
1619 2142 3097 2279 Ihrem neuen Stück und so viel Gutes
1634 2246 2965 2399 sas ich ganz rngeduldig werde
1647 2358 3072 2505 und das Frühjahr kaum erwarten
1634 2466 3083 2598 kann: Freilich ist zuvor noch die
1649 2584 3061 2714 Frende der Medardus - Remière:
1649 2677 3101 2826 Wie viel Ihnen doch in den letzten
1652 2800 3064 2954 Jahren gelungen ist, wir, die wir
1652 2905 3114 3035 Ihr Werk lieben, sind immer
1654 3026 3128 3172 ungeduldig und wollen noch immer
