4500 4136
2674 467 2807 597 V. P.
1275 456 1728 638 1.  ̃   =  =
490 470 640 615 1
2640 591 2960 687 KAPuzINERBERG
2957 574 3384 741 23. Juli 1923
2700 666 2920 767 SALZBURG
998 886 3197 1076 Lieber verehrter Herr Doktor, ich weiss nicht
1013 1105 3263 1252 wo Sie den Sommer verbringen, vermüte Sie aber
1027 1249 3251 1417 im Salzkammergut oder im Bayrischen und wollte
1027 1431 3272 1621 nicht verabsäumen, Ihren etwas — allerdings streng
1018 1558 3096 1662 vertraulich! - zu sagen. Unser verehrter Freund
1018 1624 3205 1812 Romain Rolland wird vom 1 - 10 August bei uns in
1018 1797 3283 1950 Salzburg zu Gast sein und, wenn Sie nahe sind, wäre
1018 1916 3260 2080 es doch wunderschön, Sie kämen für einen Tag vorbei.
1021 2071 3326 2233 Nichts scheint mir nötiger, als dass die paar wesentli¬
1001 2219 3286 2348 chen Menschen unserer zersprengten Zeit einander persön¬
1004 2314 3263 2513 lich kennen; und wenn Sie gerade in der Käle sind,
1004 2452 3182 2620 wäre es doch natürlich, dass Sie sich und ihm (und
1007 2599 3326 2758 uns) die Freude Ihrer Gegenwart machten. Ich müte Ihnen
1001 2741 3266 2868 natürlich nicht eine Reise zu, aber einen Ausflug von
1004 2856 3049 3009 nale her, ist dieser wunderbare Kleusch wohl wert.
1356 2951 3058 3176 immer in Liebe uns Verehrung der Ihre!
2608 3228 3179 3430 Stefanzweig
