4490 4151
631 851 2220 987 meinetarillen (der vielfach Widerspruch
1029 948 1169 1001 B0OH.
657 972 2228 1144 wecken dürfte, denn Bafs ist eine so provo
673 1102 2200 1229 cant agressive Tessönlichkeit, dass er heute
669 1213 2224 1367 sogar noch als Thema erbittert) sondern
669 1338 2171 1488 u in Bahr's willen, von dem vielfach
675 1454 2206 1593 vermeint wird, er sei von seiner ganzen
687 1583 2224 1727 Generation heute irgendwie verlassen oder
691 1706 2228 1866 che entfremdet. Es ist ja zum Teil leider
681 1842 2187 1969 wahr, nicht aber, wie ich doch weiss, bei
697 1955 2232 2101 Ihnen: derhalb hätte ich, ohne zu dring¬
698 2078 2192 2256 lich sein zu wollen, für ihn gerne Ihre
697 2200 1433 2369 Gegenwart erbeten.
968 2309 2222 2493 Empfangen sie verehrter Herr
712 2444 2206 2614 Poktor nochmals den Dank alter und
716 2572 2141 2719 immer wieder erneuter Liebe und
708 2695 2202 2887 Verehrung von Ihrem gelreu ergebenen
1601 2901 2234 3124 Stetan Evers
