4490 4151
2196 726 3675 927 gen politischen Lage, wo die Aufhührung
2219 889 3762 1029 deutscher Werke geringer Sympathie begegnet.
2441 1000 3670 1136 Sicher wäre das Theater des Arts
2240 1094 3696 1247 das jetzt modernste von Paris, das Slaw¬
2250 1226 3689 1374 Hebbel, die jungen Franzosen spielt. Es
2261 1326 3698 1485 ist natürlich ein a - coté - theater ud.
2267 1453 3647 1602 brägt gar nichts oder beinahe so viel:
2284 1567 3729 1711 Morisse wagte Ihnen dies nicht anzubieten,
2292 1684 3741 1807 etwas Zehlassierendes wt dabei
2303 1774 3756 1941 nicht zu finden und die Presse vollgählig
2294 1889 3645 2029 vertreten. Hier müssten Sie entscheiden.
2453 1981 3744 2140 Auch ist er bereit, das Werk so fort
2309 2116 3723 2254 als Buch erscheinen zu lassen, nur soll
2313 2248 3760 2355 Dies in Fraubreich gewissermaisen einen
2321 2322 3767 2472 schweigenden Verzicht auf die Aufführung
2328 2466 2666 2591 bedeuten.
2501 2512 3787 2679 Ich hoffe, verlhrter Herr Doktor, Dar
2334 2654 3815 2779 berichtet zu haben. Morissen hat sich alle
2345 2773 3792 2909 mühe gegeben, Sie wissen ja selbst, wie
2355 2886 3754 3037 Schwer Paris in erobern ist. Jedes falls
2355 2989 3758 3139 stehe ich hier ganz zu Ihrer Verfügung,
2370 3102 3781 3263 falls Sie irgend eine bestimmte Aus¬
