4552 4105
760 383 882 551 eve
1909 383 2478 533 Salzburg 10. Nov 26
970 372 1792 621 1 1/2 1/4 4 1/7 1 1 4 1
1893 507 2278 631 VIII. KοCHGÄSSE s.
375 706 2387 879 Lieber verehrter Herr Doktor, gewisse Beziehungen
396 841 2297 1016 vermag die Zeit nicht zu ändern — ich bin jetzt
411 975 2325 1104 Gottseisgeklagt, 45 Jahre alt, aber dennoch, wenn Sie
411 1125 2351 1231 zu mir spreyen, bin ich noch immer der schüchterne
2576 1122 3331 1288 Hieber verehrter Herr Doktor, ich
409 1192 2395 1353 flaumbärtige Bursch, der rückwärts ins Parterre gedrücht
2594 1265 3316 1381 (abe nachgefragt: in montreux
1976 1301 2160 1404 empor.
396 1360 2361 1451 zu dem berühmten Dichter auf der Bühne-Tah, Em¬
2586 1345 3308 1446 hann man nicht seebaden,
2594 1422 3347 1536 mir in Clareas und Oudys. Ich
406 1435 2348 1585 zustimmendes Wort von Ihnen macht mich noch genau
3380 1497 3481 1585 B
2591 1508 3264 1627 denke fier, herrlich still in
403 1562 2330 1707 So beglücht und all die Freundschaft, die stolz gefühlte
2602 1591 3285 1707 glasendster Sonne im Hotel
4071 1593 4169 1666 er
3401 1562 3993 1733 Dr Arthur Schule
4068 1635 4226 1741 Zurich
2597 1671 3047 1787 Byron in Erlency
3039 1678 3305 1782 ure rastend
2860 1743 3047 1792 G.C.H.F.P
2604 1756 3365 1870 mit viel Dankbarheit unserer
2610 1841 3254 1953 Begegnung im Bergland!
3613 1821 4112 1981 Zerma T
3600 1947 3781 2041 Aufgenommen von........
2615 1857 3367 2038 Grüssen Sie, bitte, Frau Pollage
2602 2012 3341 2113 ergebenst von mir und denken
3494 2007 4205 2165 Hotel Beau Site
2597 2087 3295 2180 Sie freundlichst Ihres immer
1922 2105 2506 2271 2. Januar 1925
2682 2165 3277 2237 6ép.-Nr. 9161 B EdiUon Guggenheim & Co., Zürich
815 2072 1053 2242 were
2610 2201 2806 2315 getreuen.
2897 2209 3290 2315 Stefan Zweig
1950 2255 2317 2366 VIII. KOCHGASSE 8.
385 2452 2410 2612 Lieber Herr Doktor, jetzt erst, von Paris fumge
380 2584 2353 2775 Lehrt aus kaum eingewohnt, danke ich Ihnen
383 2754 2418 2935 innigst für das Dreifack hostbare Büde Fraulein
380 2853 2460 3028 else. Dreifach kostbar: erstens als meisterliches Werk,
380 2953 2426 3127 zweitens durch Ihre Widmung, drittens als Erstausga¬
380 3098 2426 3197 bei Deine dieses Buch wird (wenn ich nur irgenswie¬
372 3168 2423 3323 Talent zum Profeten habe) in so gewalligen Auflagen,
349 3321 2392 3453 bals verbreitet sein, daß die erste ein Sammelobjek
