3141 4135
343 321 602 495 over
1485 351 1833 522 Yours
2071 409 2310 503 SALZBURG
2023 484 2379 610 KAPuzINERBERG 5
1975 586 2368 701 15.Mai 1928.
1980 661 2451 784 a eV r ea e m m r
931 586 1841 808 ai :dixxxvxxeile nov gn¬
1432 739 2465 864 xxx ei8.Jai neuodag xxxn li ###
522 773 1587 998 Lieber und verehrter Herr Doktor!
1611 843 2494 1004 oioa orie omoiU x sua xxx
835 966 2641 1183 Ich habe zwiefach zu danken und beide Male sehr herzlich:
543 1116 2612 1290 swohl für Ihren lieben Brief, der mich unendlich erfreute, und Ihr
541 1188 2567 1402 Buch, das mich überrascht hat - Ihr Fleiss gerade in den letzten
546 1311 2698 1488 Werken wirkt auf uns Jüngere beschämend. Nichts selbstverständlicher,
546 1392 2599 1608 als dass ich sofort das Buch zur Hand nahm und Ihnen so heute mit
562 1485 2494 1697 dem Danke zugleich ungehemmt meinen Eindruck aussprechen darf.
859 1608 2588 1798 Sie haben sich ein ungeheuer schweres Problem gestellt,
567 1718 2524 1905 denn nichts ist in der Kunst schwieriger und undankbarer darzu-
567 1798 2553 2002 stellen als das Negative, eine gewisse Monotonie des Glücks und
573 1908 2492 2114 des Unglücks, die Tragik der Hoffnungslosigkeit. Ich weiss es
559 2042 2617 2219 gerade jetzt, weil ich eine grössere Arbeit mitten im Werke aufge-
573 2114 2644 2323 geben habe, wo gleichfalls ein armer Lebenslauf geschildert werden
573 2221 2639 2430 wollte; aber unwillkürlich dringt die Monotonie leicht in die Ge-
581 2312 2500 2521 staltung, und für mein Empfinden manifestierte sich Rembrandt
562 2417 2500 2625 nie genialer als wie er die drei riesigen Bäume allein in die
575 2521 2596 2727 ungeheure (sonst kaum malerisch darstellbare) Ebene stellte. Der
586 2633 2641 2840 Stoff also, den Sie sich gewählt haben (oder vielmehr, der Sie ge-
586 2716 2652 2939 wählt hat: es wähalt ja für uns) will mir nur scheinbat ### bewegt vor-
586 2837 2532 3040 kommen. Es ereignet sich ein fortwährendes Wellenspiel von Ge-
589 2947 2604 3139 schehnissen und Veränderungen - ich aber spüre am grossartigsten
589 3040 2513 3246 und tragisschesten darin die innere Hoffnungslosigkeit dieses
589 3155 2604 3316 Menschen. Ich weiss nicht, wieso es kommt, aber von der 5. Seite
594 3262 2542 3463 an wusste ich schon bei jedem Erlebnis, es würde nicht dauern,
589 3375 2591 3575 nicht Glück prochzieren, es würde wieder enden an ebender selben
