3141 4135
372 757 2749 1041 Verehrter Herr Doktor, der Dozent der Universit채t
399 934 2761 1177 London, Mr. T. Isaac's wurde auf seiner Reise nach
429 1129 2643 1336 Wien zu ungemeen gerne sehen: als Dozent der
426 1298 2737 1487 englinden Literatur kann er Ihnen wohl in man.
426 1410 2800 1650 der Auskunft n체tzlich sein nur zu w체rden, glaube
443 1588 2817 1809 ich, es nicht bedauern, ihm eine St체nre zu kleichen,
473 1732 1951 2016 In alter inniges Verehrung Ihr
2108 1936 2779 2232 Befanzweig
