4475 4153
2218 474 2496 629 1 1/2
1268 683 2815 925 die Bewunderung fehlen. Ich wein Ihr
1287 858 2817 1057 werh wird wirken (im banalen büszen
1314 986 2813 1193 technischen Sinn und um wie viel mehr
1303 1140 2773 1305 im höheren), ich werde seresfalls in
1299 1255 2778 1443 Berlin bei den Première sein, sobals
1293 1383 2803 1545 ich das Patum erfahre und eine Ein¬
1314 1512 2798 1690 teilung zu treffen vermag. Denn ich
1335 1637 2798 1819 möchte nicht feflen, wenn ein solches
1334 1765 2819 1949 Werk aus Buch zum Wort und vom
1347 1884 2799 2078 Wost zur lebendigen Wirkung wird.
1639 2022 2840 2220 Nele Grüsse Ihrer verehrten
1382 2145 2778 2347 Frau Eemahlin! Innipt getreu
1410 2302 2700 2581 uns mit frohem Glückwunsch
2088 2492 2237 2709 Sr
2247 2692 2740 2926 Stehan Zweig
