4501 4168
2651 815 2823 939 G.H.F.P.
2303 924 2825 1071 VIII. KoCHGASSE /2. XI'
1670 893 1922 1105 eolig
2417 1010 2549 1104 WIEN,
1322 1182 2861 1373 verehrter Herr Doktor, Romain Rolland
1350 1302 2836 1459 schreibt mir soeben „Je recois le noble
1371 1421 2890 1589 écrit de Arthur Schuikler. Je le traduirai
1375 1553 2785 1696 avec plaisir et je prierai seippel de le
1394 1668 2894 1832 faire paraître dans le Journal de Genève.
1404 1761 2890 1949 envoyez moi un second exemplaire pour
1421 1886 2825 2025 un journal de la Suisse Allemande) Je
1417 2002 2800 2134 crains seulement qu'on n'objecte que
1429 2108 2863 2249 personne, ici ni en France, n'a entendu
1434 2228 2855 2383 parler de ces mensonges; personne chez
1434 2329 2815 2465 nous, n'a élevé, ni pensé a clever des
1446 2444 2830 2567 accusations semblables contre a.s., ni
1452 2582 2852 2687 contre aucun des principans écrivains
1455 2676 1870 2792 allemands
1457 2721 2896 2924 Ich freue mich für sie, dass die Lügen
1463 2867 2859 3026 also kurize Beine hatten und vorlaübig
1461 2976 2850 3121 nicht über Russland hinausgelaufen
1469 3091 2924 3244 sind. Das Dementi kann aber doch nur
