3155 4135
1681 470 1848 605 G.C.F.P.
628 668 2371 895 Ich beglückwünsche Sie sehr dazu, so rasch und fleissig
370 805 2376 1001 ein schöpferisches Buch dem anderen nachzusenden, was mir leider
365 918 2321 1103 nicht gelingen will. Ich habe nur Kleineres zu bieten und dies
378 993 2396 1211 mögen Sie heute mit der Biographie der Desbordes-Valmore und den
393 1168 1856 1318 essayistischen Miniaturen freundlich empfangen.
965 1218 2089 1411 In getreuer Liebe und Verehrung Ihr
1823 1458 2609 1703 Stefan Zweig
