4500 4136
809 328 3324 615 Sie für die seelische Mol große schon eine Johe Sämme
881 600 3255 806 Frauchten — uns klingt 10 000 Kronen Leute wie
847 743 3314 897 ein „Fetzen“ war aber doch schon als Seifgeld uner¬
878 887 3327 1046 hört die. Ich kam auf diesen klein biam zu reden,
890 1009 3308 1181 weil ich selbst bei einer (unveröffentlichten) Arbeit
868 1171 3352 1378 den Widersinn spädte, zehn Kronen zu einer Entscheidung
862 1281 3286 1518 über ein Schichtal zu massen: aber es gab damals
884 1421 3161 1643 Katasbriefen wegen fünfzig steller. Wo ist die Zeit.
1431 1584 3380 1787 Wie habe ich mich gefreut an Heim Werk.
893 1721 3342 1937 von an der Überraschung, die mir trotz aller alten
890 1877 3296 2059 Liebe, alles guten Vertrauens, dieser Aufstieg war.
906 2043 3349 2258 Seien Sie innigst begluch wu nicht von Schrem er¬
931 2199 1371 2387 gebenen
2355 2561 3158 2880 Hetauzweig
