4475 4153
2331 347 2451 620 re
2478 568 3426 796 VIII. KOCHGASSE 8 27. Oct. 11.
2625 681 2767 799 WIEN,
1230 1046 3263 1217 Sehr verehrter Herr Doktor, für das Gautier
1251 1224 3290 1372 Verkmal habe ich gar nichts gezeichnet, son¬
1256 1372 3337 1498 dern nur unterzeichnet, weil ich nicht glaube, dass
2817 1466 3074 1584 deutscher
1282 1492 3345 1666 nich in Frantreich drei Francs für ein Febbel oder
1269 1608 3342 1805 kleist - Denkmal zusammenfinden würden. Frau Freich
1293 1724 2517 1892 braucht was wahrhafliß nicht.
1285 1845 3384 1994 noch eines: ich bitte Sie, officiell von meiner Mit¬
1298 1957 3413 2134 teilung wegen Ihres Buches bei Fischer nichts zu wissen.
1301 2084 3355 2215 Ich hatte nur eine Art Schuldgefühl, dass ich selbst
1280 2197 3371 2357 dieses Buch nicht übernahm (ich stecke in einer Ar¬
1287 2304 3232 2451 beit, fühle mich übrigens nicht ganz zu länglich.
1285 2409 3355 2572 und sachte dies zu tilgen, indem ich den empfahl¬
1293 2528 3337 2712 der mir der Reste dünkte: Avern keines. Ich hoffe,
1285 2667 3298 2809 es wird bald zustande kommen. Auch die Feier
1287 2756 3116 2930 der fünfzigsährigen wird organisiert werden.
1295 2874 3321 3043 Ich bin inde November wieder in Wien und
1282 3022 3374 3174 freue mich dann innig, mich bei Ihnen wieder
1274 3111 3384 3311 anmelden zu können. Viele Grüsse Ihrer verehrten
1259 3237 2798 3432 Frau Gemahlin von Ihrem getreuen
807 3371 2546 3508 Mein „Haus aia Uleer“ für dit gute freunde. Ein paar
2714 3308 3413 3597 Stehanzweig
801 3500 2541 3615 der grossen Bähnen sind mir schon so viel wie sicher.
