3113 4135
1757 1108 2172 1242 Kapuzinerberg 5
1874 1125 2777 1281 SALZBURG, am 2. April 1930.
777 1103 1069 1340 7we
1195 1315 2103 1487 Sehr verehrter Herr Doktor!
838 1501 2874 1660 Ich bin nicht Besitzer Ihrer geheimen Telefonnummer, vielleicht
649 1626 2827 1768 sind Sie so lieb, sie meiner Wiener Adresse ( IX., Garnisongasse 10,
660 1693 2894 1866 Tel.Nr. A 26-0-57 ) anzuvertrauen und mir zu sagen, wann ich Sie wieder
671 1835 2860 1975 einmal sehen dürfte; ich bin endlich wieder einmal eine Woche in Wien,
666 1975 1841 2128 um ein wenig die Proben mitanzusehen.
1936 2000 2540 2153 Ihr immer getreuer
663 2250 1526 2390 Herrn Dr. Artur Schnitzler
2273 2242 2947 2498 Wetan Zweig
827 2331 1328 2462 V i e n, XVIII.
1629 2660 1752 2793 P.
