4435 4135
2328 801 2971 985 13. October 1915
1660 877 1841 1059 Sire
2381 962 2725 1120 VIII. KOCHGASSE
2505 1063 2645 1156 WIEN,
1467 1207 2981 1478 Verehrter lieber Herr Dohtor, ich
1472 1387 2998 1583 habe gestern am einem versteckten
1472 1533 2945 1725 Winkel des Burstheaters die Freude
1484 1668 2939 1856 der Widerbegegnung mit Ihren drei
1486 1810 2907 2021 Stücken gehabt und war glücklich
1503 1918 2985 2110 zu sehen, dass die Andern, denen sie
1516 2034 3006 2220 zum erstenmal gegeben waren, so herz¬
1518 2137 3011 2334 lich ihren Dank äußerten. Mir war
1524 2273 3009 2446 jedes Wort von damals noch gewär¬
1524 2391 2973 2596 bis, manches fehlte mir sogar, nur
1550 2499 2992 2731 dais der Interpret damals mir lieber
1543 2615 2981 2799 war als dies mal manche seiner Dar¬
1533 2748 3030 2945 steller. Für mein Eifühl ist Walden
1539 2844 3042 3061 irgendare unzuläuglich, weil er allen
1541 2966 2939 3171 Menschen, die er darstellt, etwas Un¬
1548 3093 2985 3324 freundliches, Antipathisches mitgibt und
