<?xml version="1.0" encoding="UTF-8" standalone="yes"?>
<PcGts xmlns="http://schema.primaresearch.org/PAGE/gts/pagecontent/2013-07-15" xmlns:xsi="http://www.w3.org/2001/XMLSchema-instance" xsi:schemaLocation="http://schema.primaresearch.org/PAGE/gts/pagecontent/2013-07-15 http://schema.primaresearch.org/PAGE/gts/pagecontent/2013-07-15/pagecontent.xsd">
    <Metadata>
        <Creator>prov=READ-COOP:name=TrHtr:version=2.1.0:model_id=51170:date=26_07_2023_04:51</Creator>
        <Created>2023-05-02T07:56:59.918+02:00</Created>
        <LastChange>2023-07-26T04:51:05.693+02:00</LastChange>
        <TranskribusMetadata docId="1416738" pageId="54952465" pageNr="62" tsid="130893204" status="IN_PROGRESS" userId="64420" imgUrl="https://files.transkribus.eu/Get?id=NTDUSSXQMZOLDZSKTQDMVZVA&amp;fileType=view" xmlUrl="https://files.transkribus.eu/Get?id=LDHUSOZLLLVSAQFKEBRPRXHU" imageId="44456191"/>
    </Metadata>
    <Page imageFilename="1416738_0062.jpg" imageWidth="4521" imageHeight="4199">
        <ReadingOrder>
            <OrderedGroup id="ro_1711828149458" caption="Regions reading order">
                <RegionRefIndexed index="0" regionRef="tr_1"/>
            </OrderedGroup>
        </ReadingOrder>
        <TextRegion id="tr_1" custom="readingOrder {index:0;}">
            <Coords points="1009,705 3234,705 3234,3121 1009,3121"/>
            <TextLine id="tr_1_tl_1" custom="readingOrder {index:0;}">
                <Coords points="1423,824 1445,819 1469,830 1491,813 1502,822 1545,803 1567,816 1586,805 1610,808 1632,789 1662,800 1665,653 1648,651 1613,675 1535,651 1507,672 1429,659"/>
                <Baseline points="1442,761 1445,761 1490,761 1535,761 1579,761 1624,758 1669,755"/>
                <TextEquiv>
                    <Unicode>itsitä</Unicode>
                </TextEquiv>
            </TextLine>
            <TextLine id="tr_1_tl_2" custom="readingOrder {index:1;}">
                <Coords points="1193,1025 2917,1052 3047,1014 3047,892 2831,846 2543,908 1193,927"/>
                <Baseline points="1209,1000 1254,1003 1299,1006 1343,1006 1388,1006 1433,1006 1478,1006 1523,1006 1567,1009 1612,1006 1657,1006 1702,1006 1747,1006 1791,1009 1836,1006 1881,1006 1926,1009 1971,1009 2015,1009 2060,1006 2105,1009 2150,1009 2195,1006 2239,1006 2284,1009 2329,1009 2374,1009 2419,1009 2463,1009 2508,1009 2553,1006 2598,1006 2643,1009 2687,1009 2732,1009 2777,1009 2822,1009 2867,1006 2911,1006 2956,1006 3001,1003 3046,1006 3052,1003"/>
                <TextEquiv>
                    <Unicode>immer zwischen 4 und 6 Uhr zuhause vorher hält.</Unicode>
                </TextEquiv>
            </TextLine>
            <TextLine id="tr_1_tl_3" custom="readingOrder {index:2;}">
                <Coords points="1185,1155 2475,1109 2573,1169 3188,1169 3188,1030 1185,1017"/>
                <Baseline points="1200,1102 1245,1102 1290,1105 1334,1105 1379,1105 1424,1105 1469,1105 1514,1105 1558,1105 1603,1107 1648,1107 1693,1107 1738,1107 1782,1107 1827,1107 1872,1107 1917,1107 1962,1107 2006,1107 2051,1107 2096,1107 2141,1107 2186,1107 2230,1110 2275,1110 2320,1110 2365,1110 2410,1107 2454,1107 2499,1107 2544,1107 2589,1107 2634,1107 2678,1107 2723,1110 2768,1110 2813,1113 2858,1113 2902,1113 2947,1116 2992,1113 3037,1110 3082,1110 3126,1107 3171,1107 3195,1107"/>
                <TextEquiv>
                    <Unicode>mich der kriegerische Dienst,nachher verlockt mich</Unicode>
                </TextEquiv>
            </TextLine>
            <TextLine id="tr_1_tl_4" custom="readingOrder {index:3;}">
                <Coords points="1188,1255 2039,1207 2258,1277 2543,1212 3153,1269 3153,1155 1188,1152"/>
                <Baseline points="1203,1209 1233,1206 1278,1206 1323,1206 1367,1206 1412,1206 1457,1209 1502,1209 1547,1209 1591,1206 1636,1209 1681,1209 1726,1209 1770,1209 1815,1212 1860,1209 1905,1209 1950,1209 1994,1206 2039,1209 2084,1209 2129,1209 2174,1209 2218,1209 2263,1209 2308,1209 2353,1209 2398,1209 2442,1209 2487,1209 2532,1209 2577,1209 2622,1209 2666,1212 2711,1212 2756,1212 2801,1209 2846,1212 2890,1212 2935,1212 2980,1212 3025,1212 3070,1212 3114,1209 3159,1206"/>
                <TextEquiv>
                    <Unicode>jetzt oft und öfter die Musik. Aber ich will gern</Unicode>
                </TextEquiv>
            </TextLine>
            <TextLine id="tr_1_tl_5" custom="readingOrder {index:4;}">
                <Coords points="1188,1361 1730,1315 3178,1383 3178,1261 2963,1217 2730,1274 1188,1255"/>
                <Baseline points="1203,1314 1212,1314 1257,1311 1302,1308 1346,1308 1391,1308 1436,1311 1481,1311 1526,1311 1570,1311 1615,1311 1660,1311 1705,1311 1750,1308 1794,1311 1839,1308 1884,1308 1929,1311 1974,1311 2018,1311 2063,1311 2108,1311 2153,1308 2198,1311 2242,1314 2287,1311 2332,1311 2377,1311 2422,1308 2466,1308 2511,1308 2556,1308 2601,1308 2646,1311 2690,1311 2735,1311 2780,1311 2825,1311 2870,1311 2914,1311 2959,1311 3004,1314 3049,1311 3094,1311 3138,1308 3183,1305"/>
                <TextEquiv>
                    <Unicode>jede Stunde des Nachmittags von 4 Uhr, die Sie mir</Unicode>
                </TextEquiv>
            </TextLine>
            <TextLine id="tr_1_tl_6" custom="readingOrder {index:5;}">
                <Coords points="1188,1464 2006,1475 2185,1418 2288,1483 2668,1413 3164,1472 3164,1372 3091,1358 1188,1356"/>
                <Baseline points="1203,1409 1248,1409 1293,1409 1337,1409 1382,1409 1427,1409 1472,1409 1517,1409 1561,1412 1606,1412 1651,1412 1696,1412 1741,1412 1785,1412 1830,1412 1875,1415 1920,1412 1965,1412 2009,1412 2054,1412 2099,1412 2144,1412 2189,1412 2233,1412 2278,1412 2323,1412 2368,1412 2413,1409 2457,1412 2502,1412 2547,1412 2592,1412 2637,1412 2681,1415 2726,1412 2771,1412 2816,1412 2861,1412 2905,1412 2950,1412 2995,1412 3040,1412 3085,1412 3129,1412 3171,1409"/>
                <TextEquiv>
                    <Unicode>erlauben wollen, dazu wahrnehmen zum in das Cotta¬</Unicode>
                </TextEquiv>
            </TextLine>
            <TextLine id="tr_1_tl_7" custom="readingOrder {index:6;}">
                <Coords points="1190,1570 1800,1578 1998,1513 3099,1567 3099,1475 2906,1453 1190,1461"/>
                <Baseline points="1206,1520 1221,1517 1266,1514 1311,1511 1355,1511 1400,1511 1445,1511 1490,1508 1535,1511 1579,1511 1624,1511 1669,1511 1714,1511 1759,1511 1803,1511 1848,1511 1893,1511 1938,1511 1983,1514 2027,1511 2072,1511 2117,1511 2162,1511 2207,1511 2251,1511 2296,1511 2341,1511 2386,1511 2431,1511 2475,1511 2520,1511 2565,1511 2610,1511 2654,1511 2699,1514 2744,1511 2789,1511 2834,1514 2878,1514 2923,1514 2968,1514 3013,1514 3058,1511 3102,1514"/>
                <TextEquiv>
                    <Unicode>ge hinauszukommen oder wohin immer es Ihnen gut -</Unicode>
                </TextEquiv>
            </TextLine>
            <TextLine id="tr_1_tl_8" custom="readingOrder {index:7;}">
                <Coords points="1182,1662 3053,1621 3053,1564 2681,1583 2513,1510 2264,1570 1182,1559"/>
                <Baseline points="1197,1609 1242,1609 1287,1612 1331,1609 1376,1609 1421,1609 1466,1609 1511,1609 1555,1609 1600,1609 1645,1612 1690,1612 1735,1612 1779,1612 1824,1612 1869,1612 1914,1612 1959,1612 2003,1612 2048,1615 2093,1615 2138,1612 2183,1612 2227,1612 2272,1612 2317,1612 2362,1612 2407,1615 2451,1612 2496,1612 2541,1612 2586,1612 2631,1612 2675,1612 2720,1612 2765,1612 2810,1615 2855,1615 2899,1618 2944,1615 2989,1612 3034,1612 3061,1612"/>
                <TextEquiv>
                    <Unicode>dünkt und Sie dann nicht nur Nachts im Traum</Unicode>
                </TextEquiv>
            </TextLine>
            <TextLine id="tr_1_tl_9" custom="readingOrder {index:8;}">
                <Coords points="1177,1768 1892,1781 2006,1716 2394,1776 2622,1716 2709,1781 2953,1789 3053,1768 3053,1665 2397,1681 2256,1619 2180,1670 1177,1686"/>
                <Baseline points="1191,1711 1236,1711 1281,1711 1326,1711 1370,1714 1415,1711 1460,1711 1505,1714 1549,1714 1594,1714 1639,1714 1684,1714 1729,1714 1773,1714 1818,1714 1863,1714 1908,1714 1953,1714 1997,1714 2042,1717 2087,1717 2132,1717 2177,1717 2221,1714 2266,1714 2311,1714 2356,1714 2401,1714 2445,1714 2490,1714 2535,1714 2580,1714 2625,1714 2669,1714 2714,1717 2759,1717 2804,1717 2849,1720 2893,1723 2938,1720 2983,1717 3028,1714 3061,1717"/>
                <TextEquiv>
                    <Unicode>ohne Ihre Erlaubnis „sondern am lichten Tag“ mit</Unicode>
                </TextEquiv>
            </TextLine>
            <TextLine id="tr_1_tl_10" custom="readingOrder {index:9;}">
                <Coords points="1182,1860 2242,1817 2429,1876 2587,1817 2746,1871 2806,1857 2806,1765 2709,1781 2616,1716 2440,1781 1182,1768"/>
                <Baseline points="1197,1809 1242,1809 1287,1812 1331,1812 1376,1812 1421,1812 1466,1812 1511,1815 1555,1815 1600,1815 1645,1812 1690,1815 1735,1815 1779,1812 1824,1812 1869,1815 1914,1815 1959,1815 2003,1815 2048,1815 2093,1815 2138,1815 2183,1815 2227,1815 2272,1815 2317,1815 2362,1815 2407,1815 2451,1815 2496,1815 2541,1815 2586,1812 2631,1815 2675,1812 2720,1812 2765,1812 2810,1812"/>
                <TextEquiv>
                    <Unicode>Ihrer freundlichen Verstattung heimzusuchen</Unicode>
                </TextEquiv>
            </TextLine>
            <TextLine id="tr_1_tl_11" custom="readingOrder {index:10;}">
                <Coords points="1513,1960 2242,1977 2443,1930 2654,1977 3126,1930 3126,1871 2969,1817 2532,1884 2039,1817 1513,1876"/>
                <Baseline points="1529,1914 1573,1914 1618,1914 1663,1914 1708,1914 1753,1914 1797,1917 1842,1917 1887,1917 1932,1917 1977,1920 2021,1920 2066,1920 2111,1920 2156,1917 2201,1917 2245,1917 2290,1917 2335,1917 2380,1917 2425,1917 2469,1917 2514,1917 2559,1917 2604,1917 2649,1917 2693,1920 2738,1920 2783,1920 2828,1920 2873,1920 2917,1917 2962,1917 3007,1917 3052,1914 3096,1914 3132,1914"/>
                <TextEquiv>
                    <Unicode>Ich beschäftige mich auch damit,für Ihre</Unicode>
                </TextEquiv>
            </TextLine>
            <TextLine id="tr_1_tl_12" custom="readingOrder {index:11;}">
                <Coords points="1204,2009 1600,2085 3031,2023 2966,1920 2109,1987 1350,1979 1204,1917"/>
                <Baseline points="1218,2009 1263,2009 1308,2012 1352,2012 1397,2015 1442,2012 1487,2015 1532,2015 1576,2015 1621,2015 1666,2015 1711,2015 1756,2015 1800,2012 1845,2015 1890,2015 1935,2018 1980,2021 2024,2018 2069,2018 2114,2015 2159,2015 2204,2015 2248,2015 2293,2015 2338,2018 2383,2018 2428,2018 2472,2018 2517,2018 2562,2018 2607,2018 2652,2018 2696,2018 2741,2018 2786,2018 2831,2018 2875,2015 2920,2015 2965,2015 3010,2015 3037,2009"/>
                <TextEquiv>
                    <Unicode>Frau Gemahlin ein paar schöne Lieder für jenen</Unicode>
                </TextEquiv>
            </TextLine>
            <TextLine id="tr_1_tl_13" custom="readingOrder {index:12;}">
                <Coords points="1174,2120 1358,2183 3186,2147 3186,2014 3121,2009 2549,2099 1434,2077 1174,2001"/>
                <Baseline points="1188,2114 1233,2114 1278,2117 1323,2117 1367,2114 1412,2114 1457,2114 1502,2117 1547,2117 1591,2114 1636,2117 1681,2114 1726,2117 1770,2117 1815,2117 1860,2120 1905,2120 1950,2120 1994,2117 2039,2117 2084,2117 2129,2117 2174,2117 2218,2117 2263,2117 2308,2117 2353,2117 2398,2120 2442,2120 2487,2120 2532,2120 2577,2120 2622,2120 2666,2123 2711,2120 2756,2120 2801,2120 2846,2120 2890,2123 2935,2120 2980,2123 3025,2120 3070,2120 3114,2120 3159,2117 3192,2117"/>
                <TextEquiv>
                    <Unicode>Liliencron-Abend zusammenzustellen, dessen Gelingen</Unicode>
                </TextEquiv>
            </TextLine>
            <TextLine id="tr_1_tl_14" custom="readingOrder {index:13;}">
                <Coords points="1171,2161 1188,2158 1201,2172 1220,2169 1225,2174 1234,2174 1253,2158 1280,2158 1280,2115 1261,2115 1242,2123 1228,2115 1215,2120 1212,2117 1171,2120"/>
                <Baseline points="1185,2150 1230,2153 1275,2150 1287,2153"/>
                <TextEquiv>
                    <Unicode>G.C.F.P.</Unicode>
                </TextEquiv>
            </TextLine>
            <TextLine id="tr_1_tl_15" custom="readingOrder {index:14;}">
                <Coords points="1169,2288 3229,2231 3226,2166 3083,2145 1166,2169"/>
                <Baseline points="1182,2212 1227,2215 1272,2218 1317,2218 1361,2218 1406,2215 1451,2215 1496,2215 1541,2215 1585,2218 1630,2215 1675,2218 1720,2218 1765,2218 1809,2218 1854,2218 1899,2218 1944,2218 1989,2218 2033,2218 2078,2218 2123,2215 2168,2218 2212,2218 2257,2218 2302,2221 2347,2221 2392,2218 2436,2221 2481,2221 2526,2218 2571,2218 2616,2221 2660,2221 2705,2221 2750,2218 2795,2221 2840,2221 2884,2221 2929,2221 2974,2221 3019,2224 3064,2224 3108,2221 3153,2221 3198,2218 3234,2218"/>
                <TextEquiv>
                    <Unicode>mich schon um des denkbaren Arbeiterpublikums willan</Unicode>
                </TextEquiv>
            </TextLine>
            <TextLine id="tr_1_tl_16" custom="readingOrder {index:15;}">
                <Coords points="1166,2367 1483,2321 1665,2380 2649,2394 2728,2329 3053,2332 3053,2231 1166,2291"/>
                <Baseline points="1182,2317 1227,2320 1272,2320 1317,2317 1361,2320 1406,2320 1451,2320 1496,2320 1541,2317 1585,2317 1630,2317 1675,2317 1720,2317 1765,2320 1809,2320 1854,2320 1899,2320 1944,2317 1989,2320 2033,2320 2078,2320 2123,2320 2168,2323 2212,2320 2257,2320 2302,2323 2347,2323 2392,2323 2436,2323 2481,2320 2526,2323 2571,2323 2616,2323 2660,2320 2705,2320 2750,2323 2795,2323 2840,2323 2884,2323 2929,2323 2974,2323 3019,2320 3061,2317"/>
                <TextEquiv>
                    <Unicode>so sehr freuen würde. Bishin vielen Dank und die</Unicode>
                </TextEquiv>
            </TextLine>
            <TextLine id="tr_1_tl_17" custom="readingOrder {index:16;}">
                <Coords points="1171,2462 1380,2494 1535,2467 1573,2494 1657,2424 1727,2421 1795,2475 2099,2481 2099,2378 2074,2370 1670,2383 1483,2318 1171,2370"/>
                <Baseline points="1185,2416 1230,2416 1275,2419 1320,2419 1364,2422 1409,2422 1454,2419 1499,2419 1544,2419 1588,2419 1633,2416 1678,2419 1723,2419 1768,2419 1812,2419 1857,2422 1902,2419 1947,2419 1991,2419 2036,2419 2081,2416 2105,2416"/>
                <TextEquiv>
                    <Unicode>herzlichsten Grüsse von</Unicode>
                </TextEquiv>
            </TextLine>
            <TextLine id="tr_1_tl_18" custom="readingOrder {index:17;}">
                <Coords points="1597,2600 1792,2578 1873,2603 1928,2568 2161,2597 2408,2576 2389,2386 2275,2391 2164,2440 2120,2408 2001,2481 1795,2475 1730,2421 1597,2440"/>
                <Baseline points="1612,2517 1657,2517 1702,2517 1747,2520 1791,2520 1836,2523 1881,2523 1926,2523 1971,2523 2015,2526 2060,2526 2105,2526 2150,2523 2195,2523 2239,2523 2284,2523 2329,2523 2374,2520 2413,2523"/>
                <TextEquiv>
                    <Unicode>Ihrem immer getreuen</Unicode>
                </TextEquiv>
            </TextLine>
            <TextLine id="tr_1_tl_19" custom="readingOrder {index:18;}">
                <Coords points="2581,2709 2690,2728 2771,2687 2947,2709 2982,2684 3056,2717 3156,2706 3156,2608 3075,2624 2999,2578 2942,2573 2806,2606 2581,2519"/>
                <Baseline points="2595,2669 2640,2672 2684,2672 2729,2672 2774,2675 2819,2675 2864,2675 2908,2675 2953,2672 2998,2675 3043,2675 3088,2675 3132,2675 3162,2672"/>
                <TextEquiv>
                    <Unicode>Stefan Zweig</Unicode>
                </TextEquiv>
            </TextLine>
            <TextLine id="tr_1_tl_20" custom="readingOrder {index:19;}">
                <Coords points="995,2993 3096,3037 3167,3015 3169,2831 2928,2820 2812,2906 998,2898"/>
                <Baseline points="1009,2980 1027,2983 1072,2986 1116,2986 1161,2989 1206,2986 1251,2986 1296,2986 1340,2983 1385,2986 1430,2983 1475,2983 1520,2980 1564,2980 1609,2980 1654,2980 1699,2980 1744,2980 1788,2980 1833,2977 1878,2977 1923,2977 1968,2977 2012,2977 2057,2977 2102,2974 2147,2974 2192,2974 2236,2968 2281,2968 2326,2968 2371,2968 2416,2968 2460,2971 2505,2968 2550,2968 2595,2968 2640,2968 2684,2968 2729,2965 2774,2968 2819,2968 2864,2962 2908,2962 2953,2962 2998,2959 3043,2956 3088,2953 3132,2947 3177,2944"/>
                <TextEquiv>
                    <Unicode>Verzeihen die die Schreibmascline! Ich schreibe den ganzen Vor¬</Unicode>
                </TextEquiv>
            </TextLine>
            <TextLine id="tr_1_tl_21" custom="readingOrder {index:20;}">
                <Coords points="1014,3113 2882,3107 2882,3007 2803,2996 2614,3050 2435,2991 2248,3045 2134,2991 1014,2996"/>
                <Baseline points="1030,3108 1051,3105 1096,3108 1140,3111 1185,3108 1230,3108 1275,3108 1320,3108 1364,3105 1409,3105 1454,3108 1499,3105 1544,3108 1588,3105 1633,3105 1678,3105 1723,3102 1768,3102 1812,3102 1857,3099 1902,3099 1947,3099 1991,3099 2036,3102 2081,3102 2126,3102 2171,3102 2215,3105 2260,3102 2305,3102 2350,3102 2395,3102 2439,3102 2484,3102 2529,3102 2574,3099 2619,3099 2663,3096 2708,3094 2753,3094 2798,3094 2843,3091 2887,3091"/>
                <TextEquiv>
                    <Unicode>mittag im Amt und gebe dann meinen Fingern Rast!</Unicode>
                </TextEquiv>
            </TextLine>
        </TextRegion>
    </Page>
</PcGts>
