4508 4136
657 431 876 621 1:10:
420 791 2059 963 und zu erledigen scheint, innerlich aber doch
427 980 2032 1065 tätig sein lässt, uin in überraschender verwand¬
435 1085 2038 1193 lung den Schwerpunkt dann immer wieder neu
433 1176 2017 1317 und nun zu verschieben, sodass wie ein Kreisel
441 1288 1993 1388 die Erzählung wie fällt, sondern in ständiger
441 1377 2046 1535 aurei fender Schwebe bleibt. Diese Überraschungen
456 1491 1995 1618 du aus allen Characteren hier vorbrechen und
464 1599 2022 1734 im liefern Sinne doch wieder nicht überraschen
441 1715 2036 1839 weil sie logisch sind, bilden für mich die Meister¬
460 1831 1995 1964 haftigheit der Korelle: immer geht sie den Weg,
458 1943 2013 2059 den man nicht vermutet und immer in ein
464 2069 2080 2193 Ziel hinein, so wird auch der innerlich trocke.
466 2177 1984 2322 ne und mir eigentlich wenig wichtige Mensch
458 2260 2055 2428 als den ich Gräsler empfinde, ohne dass er eigent.
901 2349 996 2409 G.C.H.
464 2345 1997 2521 lich problematisch wäre, ungemein interessant.
474 2465 1970 2597 weil er, gleichsam aus sich selbst erwachend
478 2570 1988 2699 sich immer an anderer Stelle findet, als er
481 2676 2024 2811 eigentlich wollte. Vielleicht war gerade dies Ihre
470 2792 1995 2949 innere (uns dann unendlich süblien getührte)
458 2881 2075 3065 Absicht, hier einer persönlichen Trineilivität, deren
2386 445 3200 644 1 „ „ 9 „ 4 „
2133 843 3799 990 Gedanterie die doch so nachdrüchlich betonen, das Un¬
2156 980 3792 1087 erwartete uns Ungemässe als Conflick und Contrart
2160 1077 3786 1216 zu geben. Wirklich es ist ein Weg von Aberraschung
2164 1179 3068 1311 in Aberraschung, dieses Buch!
2177 1286 3805 1404 Freilich, wie es zu Ende ist, halte auch ich inne!
2181 1404 3755 1537 Der Kreisel fällt kraftlos zu Boven, wie ihm die
2169 1524 3811 1640 Schnelle des Wirbels fehlt und den Doktor Gräsler
2179 1607 3743 1746 faise und falle ich nicht mehr gans auf den
2191 1723 3792 1870 letzten Blättern. Sein Entschluss, ist es Resignation,
2167 1823 3734 1945 Schwäche, Ausicherheit - sein Leben, ist es zu eude.
2179 1930 3780 2061 oder vielmehr, beginnt nicht hier das eigentlich
2189 2061 3813 2212 Tragische Semer Existenz? Ich bin aufrichtig genug
2198 2198 3813 2307 gegen sie – oder vielleicht gegen mich (denngegen
2198 2278 3753 2403 den nicht genug gestalten den oder gegen den
2204 2380 3766 2510 nicht genug verstehenden wendet ich dieser Em¬
2200 2496 3799 2637 sprüch) um zu sagen, dass ich den Abschluss nicht
2204 2641 3751 2763 als Abschluss, nicht als restlose Auflösung ein.
2204 2736 3768 2846 pfonde. Sie Gestalten des Buches sind mit sel¬
2216 2827 3739 2943 tener Meisterschaft, eine nach der andern, in
2216 2927 3770 3084 chrer irdischen nur seelischen Form abgeschlossen,
