4496 4152
2680 473 2939 630 Votre très-hier.
1859 710 2007 904 for
2009 846 3093 1013 VIII. KoCHGASSE 8 3. Juni 08
2441 941 2576 1076 WIEN,
1651 826 1788 1091 S
1716 1192 2893 1371 Sehr verehrter Herr Dohtor
2910 1377 3071 1520 ich
1731 1442 3027 1633 hatte nur schon Sorge gemacht
1725 1602 3090 1726 Sie wurden es vielleicht übel ver-
1755 1716 3099 1869 merkt haben, dass ich gestern mit
1748 1851 3092 1960 nur raschem Pruss au Ihnen vor-
1769 1965 3102 2118 beigieng - ich fürchtete, Sie zu
1774 2087 3058 2225 stören - da bringt nur heute
1774 2191 3076 2336 Ihr Buch ein liebes Eeschenk und
1784 2319 3053 2460 ein uir noch wertvolleres : das
1793 2435 3102 2605 zeiten freundlicher Eesinnung. Ich
1796 2549 3085 2687 bin so sehr froh, das Buch von
1796 2668 3124 2824 Ihnen zu besitzen: es wird mir
1796 2782 3047 2933 nun vielleicht noch mehr sein
1793 2911 3025 3032 als es mir durch seine innere
1793 3019 3127 3187 Gewalt ohneken schon bedeutet. Uns,
