4500 4136
131 312 2281 552 Sicherteit Ihrer Neigung kann nichts ändern an diesem
163 432 2259 648 dankbaren Aufblick. Und eigentlich möchte ich's nicht an
179 499 2251 755 ders. Fast alle, zu denen ich einst aufgeblicht, haben mich
181 648 2262 856 enttauscht durch ihr Werk oder durch Ihre menschliche Hal¬
205 795 2257 992 tung — Darum bin ich so froh, dass sich gerade an ihren
221 920 2310 1128 meine Stellung, meine wirklich aufschauende, niemals änder¬
235 974 2257 1216 te uns niemals ändern wird. Ich liebe Sie sehr und
245 1102 2299 1344 Ein froh, dass Sie es wissen: vielleicht kann ich das alles
256 1246 2129 1438 einmal besser ausdrüchen als gerade Blick in Blick.
1638 1350 1835 1424 oue
627 1392 1617 1560 Van Ebarst, treulichst Ihr
1651 1475 2297 1691 Stefan Zweig
323 2009 2374 2163 für Bibliophilen darstellen muss. Mir wird es aber
325 2150 2417 2254 nicht um diesen materiellen Wertes Lostbar sein, sondern
325 2267 2377 2366 als geistiger Genuss und als Zeihen Ihrer nur so wert¬
331 2395 2379 2510 vollen Sympathie, — die soffentlich eine Gegengabe
339 2510 2427 2622 In den Iden den März, mein neues Essaywerk, um nicht
333 2603 1923 2788 entziehen wird. Freulichst, daakbarst J
1681 2836 2411 3092 Stefan Zweig
3060 469 3193 611 "    "
2844 1227 4220 1358 Ver Blick von meinem Fenster! Ein menschenleere
3124 1347 4081 1470 wunderbares Hotel, herrlich absei¬
3230 1403 4079 1576 in dem man Monati leben an.
