4475 4153
590 684 2080 915 ich spürte im Groten Lesen gar nicht
609 873 2151 1088 mehr, dass dies ein Drama ist, ein Theater
631 1011 2121 1152 stück, ein Kunstwerk, ich würte mir le¬
627 1138 2090 1307 bendigsten Leben, das mich ergriff wie
640 1282 2147 1475 ein fait divers der Zeitu’ ns, ein politischer
640 1407 2128 1601 Fall, spürte erst nur menschliche Empo¬
657 1517 2128 1734 rung, Freude, Hans und Frebe. Dann
675 1644 2086 1826 später erst ham das Besinnen, dass
661 1773 2092 1919 dies Eestaltetes, verwandeltes, kunst
657 1907 2126 2059 werk und nicht unmittelbares Leben
652 2034 2072 2182 ist. Und immer habe ich noch
652 2159 2069 2332 heine Rule, um den Perulardi als
648 2295 2126 2438 Kunstwerk oder sar auf den Reaterer¬
677 2413 2144 2592 folg hin betrachten zu können, ich bin
667 2545 2040 2720 zu passioniert davon, zu sehr uns
661 2680 2065 2866 Sympathie und zovor gefä und fin
677 2813 2092 3032 seine so herrlich lebendigen, so atem
665 2928 2015 3099 nalen Menschen. Nostra ipsissima
671 3061 2163 3320 res agitur — ich spür es zu sehr uns
2220 671 3739 915 kann gar nicht recht heraus, mir's
2232 856 3714 1034 zu betrachten, so sehr bin ich darin.
2236 1017 3741 1173 Jedesfalls: Sie haben nie eine grössere
2244 1119 3755 1286 Seene geschrieben als die im vierten Aht¬
2247 1261 3766 1417 zwischen dem Eerstlichen und Bernhardi,
2242 1371 3762 1525 Es ist die Provinquisitors eene Ihres dra-
2247 1513 3757 1650 matinhen Werks, ganz weit blickend, hart
2259 1636 3785 1771 und doch voll Güte, groß in jedem, nu
2251 1753 3768 1898 meuschlichen im kunstlerischen Sinn.
2247 1882 3757 2032 Nie waren Ihre Menschen lebendiges, nie
2253 2003 3766 2201 Sie selbst dichterisch so weit, das spüre
2257 2132 3760 2320 ich mit Beglückung und verzei¬
2251 2255 3762 2451 hen Sie? — mit Stolz, wenn man darf
2253 2361 3697 2557 doch niemandem versagen, auf die
2259 2505 3470 2665 Stolz zu sein, die man liebt.
2278 2636 3728 2816 tramaturgisch den Bernhardi zu
2282 2759 3682 2928 betrachten, vermag ich noch nicht,
2284 2901 3697 3089 ich sagte es ja, er ist noch zu heiss
2263 3014 3732 3193 in mir. Aber ich weiß, solchen letzten
2265 3141 3776 3337 menschlichen Entaüsserungen kann nie
