4499 4088
2146 798 3668 951 politischen Constellationen unsere kün-
788 903 1097 1097 3eeA3H3O8
2161 911 3568 1083 lerischen Empfindungen preiszugeben.
876 1014 1005 1095 .H'E1W
2157 1037 3637 1183 meine: es wäre schön und vorbildlich
2173 1162 3676 1325 wesen (und zugleich die stärkste, die
2184 1290 3722 1455 schlagendste Berichtung jeder Entstellung,
2201 1404 3739 1576 Da wenn Sie an einer Stelle sagten, wie
2220 1522 3701 1684 sehr sie Tolstoi bewundern und auch
2209 1638 3751 1795 Ihr Verhältnis zu France und Maeter¬
2213 1762 3724 1942 linck in künstlerischer Bejahung an¬
2219 1881 3724 2038 deuteten. Id glaube, wir müssen ein
2230 2015 3724 2142 Theilpiel bei jedem Anlass geben, zu Zei¬
2245 2128 3722 2307 gen, daß unsere Neigungen nicht ein
2242 2243 3735 2412 Tauschgeschäft auf Regenliebe sind, son¬
2240 2372 3716 2529 dern unerschütterlich selbst, durch Nax
2245 2487 3707 2658 und Aufeindung. Gerade weil Einige
2268 2612 3728 2754 versuchen, jeden, der gegen Deutschland
2236 2750 3728 2884 heute auftritt, zu negieren, statt seine
2245 2853 3724 3030 Ärgumente zu befeinden, müssen wir
2253 2970 3756 3112 u unsere Unathängigkeit in der eigensten
2255 3097 3791 3281 engsten Welt unseres Standes und Wirkens
