3155 4135
512 610 2204 800 in vielerlei eingelassen habe, stehe heute vor dem Prob.
489 760 2055 947 dass auf eine Seite Produktion 18 Seiten Briefe konnte
495 854 2351 1009 eben habe ich beschlossen, zumindest die materiellen kleinen
1710 961 2162 1102 aufen zu lassen.
469 986 1693 1133 legenheiten wie Uebersetzungen selbst
427 1037 2572 1224 Ihnen sich vielleicht an die allerschlechteste Auskunftei in diesen
2145 1184 2238 1283 G.F.P.
1687 1187 2103 1314 dreie ist i
393 1207 1139 1348 Dingen gewandt.
390 1277 2524 1444 Ilch hoffe, bald mit meiner Essay-Arbeit fertig zu sein
294 1314 384 1461 G.H.P.
291 1374 2563 1563 Die kleine Komödie war ich zu faul und zu dumm selbst zu schreiben
373 1498 2416 1662 und es machtemit Spass, zum erstenmal im Leben mich mit einer
444 1580 2623 1738 Kompagnie zu versuchen. Mein Freund und Nachbar Lemet-Holenia, der
472 1704 941 1797 gerade vorbei kann
461 1676 2484 1826 war von Thema und Linie sehr entzückt und nun amüsieren wir uns
486 1806 2597 1944 täglich drei Stunden ausgezeichnet, indem wir vergnüglich tun, was
336 1860 2578 2063 man sonst Arbeit zu nennen pflegt: ob das Eier lebendes bleibe
1020 2001 2289 2145 Mit vielen innigen und getreuen Grüssen
873 2041 989 2148 G.H.F.P.
500 2046 839 2162 weiter Gott,
1761 2103 2004 2224 Ihr
509 2125 820 2269 jederfalls
520 2219 916 2337 maat es viel
506 2244 1153 2456 Spass, es zu schaukeln:
2193 2286 2628 2496 Jan Zwen
981 2442 1091 2552 G.C.F.P.
526 2450 619 2572 be
317 2648 455 2798 G.H.F.P
955 2758 1074 2860 G.F.P.
1032 2936 1187 3072 G.F.P.
