3155 4135
2097 210 2556 401 18. Mai 1927
1899 319 2133 425 SALZBURG
1848 404 2158 520 KAPuzINERBERG
504 325 744 538 Mrs
1641 438 1872 605 ....
830 453 978 608 1
131 507 237 708 "
88 665 2525 921 Lieber verschüter Herr Doktor, man sagt mir, irgend eine
131 814 2574 1064 Zeitung hätte Ihren fünfundsecksigten Geburtstag gemeldet: nun
131 997 2540 1206 den habe ich gründlich verschlafen und komme mit einem späten,
140 1143 2498 1364 darum nicht minder herzlichen Glückwunsch. Und sage Ihnen gleich
158 1261 2592 1492 zeitig Paul für Ihre ausverordentliche horelle. H hatte seineszeit
182 1383 2610 1607 die ersten drei Fortsehungen in der B. J. gelesen, die andern ver-
188 1559 2613 1735 säumte ich und was schon besser und wichtiger. - ich blieb ge¬
213 1674 2638 1881 spaient uns hatte so deutlich alle Figuren und Situationen um Ge¬
210 1823 2629 1993 dächtnis, dass ich im Büche gleich dort weiter las, wo mir die Con¬
225 1963 2562 2136 linuität genommen war. Ich erzähle Ihren das, um Ihnen am
243 2100 2601 2249 lebendigen Objekt die Plastik Ihrer Figuren zu erweisen: ich hatte
261 2212 2580 2373 nicht einen Zug von ihnen oergewen, so scharfkantig waren in
267 2340 2674 2516 in mein Gedächtnis eingekrägt. Ja, das ist wieder eine autres ordent-
280 2486 2638 2641 liche Horelle, geradtinig im Ablauf uns doch kreisförmig rund.
277 2616 2656 2793 rein abgeschlossen und vier Menschen voll erfällend, fünf
295 2741 2671 2923 eigentlich, denn auch der Consul, den Sie bewusst abdunkeln, er¬
307 2844 2708 3063 füllt sich als character. Vorbildlich bleibt mir die Ruhe Ihres
316 2987 2720 3179 Erzählens erregter uns erregender Zustände: ich fühle, wie viel
310 3090 2714 3285 nur da von Ihnen zu lernen nottut und ich stäme mich nicht
331 3221 2689 3434 willig dies Vorbildliche Ihrer ruhig referierenden und dabei den
331 3337 2686 3598 Item der andern festhaltenden Kunst einzugestelen. Möge Sie
