4504 3976
2499 670 2955 810 Mei E11-
1656 721 1884 947 several
2112 770 2920 965 Wm. VIII. KOCHGASSE
2490 861 2627 926 WIEN,
1737 914 2922 1096 und von Gerlandt Hauptmann
1393 1022 2977 1352 Sehr verehrter lieber Herr Doktor
1452 1265 2961 1486 ich war innerlich noch sehr be¬
1468 1427 3010 1645 drückt, Ihnen für den schönen Abend
1484 1582 2916 1770 von damals nicht noch besonders
1499 1672 2908 1890 gedankt zu haben: der Grund für
1513 1835 2981 2016 dieses Unterlassen war, daß ich mich
1537 1937 2938 2146 innerlich um den Titel für das
1554 2014 3030 2254 Werk mütte und ohne diese beschei¬
1562 2171 3052 2382 deue Regeugabe Ihnen nicht schreiben
1580 2293 2942 2515 wollte. Und nun muß ich Ihnen
1590 2425 2991 2643 für neuerliche Güte danken: glau
1592 2564 2987 2761 ben sie mir, bitte, dass ich gerade
1598 2672 2991 2887 in dieser Zeit, wo sonst alle Meu¬
1605 2780 3048 2981 schen das Harte in sich herauskehren,
1631 2916 3001 3168 Ihnen dafür besonders erkenntlich
