4490 4151
623 805 2199 972 nun weniger von der Spannung nach
636 947 2194 1096 vorwärts gejagte Lectüre mir die Kolwen¬
646 1053 2192 1249 digheit fühlbarer machen wird. Das Mo¬
654 1176 2225 1351 tiv der Entladung aufgestauter erölischer
648 1318 2174 1479 Kräfte, das die Earlau und das weite
658 1445 2182 1569 sand schon so prachtvoll ausbildeten.
670 1545 2194 1708 ist hier su wu udervoller vehemeng ge-
664 1679 2178 1824 worden und ich freue mich, dass wir
660 1795 2195 1958 du Ihnen gerade u jenen Jahren, wo die
676 1923 2117 2103 Eichter sonst geniessen und vorsichlich
666 2050 2201 2233 werden, ebenso wie nu Bernhardi eine
668 2178 2209 2366 mänliche geradeusblickende Küssheit
670 2302 2215 2494 so sehr bewundern dürfen. Für mich wer¬
677 2451 2180 2624 den ihre Werke immer selbstbewuister
683 2582 2219 2773 immer näher der Wahrheit, immer weiter
693 2706 2213 2881 vom Hlusionären, das doch irgendwie
676 2824 2195 2993 immer mit Jugend und Traumerei zu
677 2957 2217 3118 sammenlängl. Haben sie innigen Pank
676 3095 2225 3295 auch für dieses Werk wie für all die an¬
3260 803 3605 976 VIII. KoCHGASSE
3374 948 3513 1074 WIEN,
2355 844 2523 1137 $
2321 1068 3816 1316 dern, (mit deren ich öfter dank der
2305 1296 3831 1451 schönen Gesammansgabe jetzt Zwiespra-
2327 1428 3886 1567 che tau sche, als sie es vermuten möchten).
2594 1551 3878 1699 Nielleicht komme ich noch irgend
2345 1705 3865 1824 wo zu recht, mich über das Werk öffent¬
2351 1799 3890 1934 lich amemanderzusetzen: es reizen mich
2343 1915 3904 2070 so viele ineinander gefaltete Probleme hier
2360 2050 3845 2170 einzeln vor den Blick zu stellen. Bei der
2356 2156 3851 2317 sind Ihre Bücher bei den Plättern fast
2368 2280 3841 2463 immer schon am Tage des Erscheinens
2355 2411 3898 2573 vergeben und man käme post festum.
2665 2549 3835 2684 Nūn noch eines: ich spreche
2366 2675 3902 2838 Montag um ½ 8 Uhr im kleinen Festsaal
2382 2789 3845 2936 der Universität zur Bahs-Feier und
2376 2912 3871 3085 sage es offen, daß ich Sie sehr gerne
3274 3020 3389 3103 sähe
2378 3036 3847 3181 unter den Anwesenden: nicht um
