4508 4136
3230 410 3497 577 1:5:8
2364 404 2614 537 " - "    "
2170 448 2268 550 „ „
1291 825 2965 998 in den letzten Jahren so fortschreitet, in
1316 954 2943 1141 denselben Jahren, in denen sie bei den
1333 1100 2974 1245 meisten abzunehmen pflegt. Dass Ihnen heu¬
1354 1237 2855 1374 te künstlerisch nun mehr wichtig ist.
1349 1366 2953 1489 was menschlich wichtig ist: Das Blut.
1358 1468 2916 1616 problem, die Eefülle des nakten, nicht
1606 1568 2499 1668 nur Verheisung nur Erfüllung
1358 1599 2963 1733 bloss des socialen Menschen? Die Bourgoi¬
1368 1714 2982 1876 sie ist mit allen ihren Problemen im letzen,
1366 1824 2984 1968 glaube ich, in fruchtbar, es sei denn, dass
1372 1958 2957 2112 man sie mit dem Hans und der terach¬
1372 2068 2974 2203 lung au faist, du sie vervient. Darüber bin
1370 2176 2874 2339 ich persönlich in diesem Kriege ganz
1377 2293 2997 2468 klar geworden und gerade an den Besten
1381 2424 2970 2597 wie Wertel, snüre ich diese Wahrheit bestä¬
1377 2561 1539 2695 1181
1377 2645 2876 2828 Mein Buch zögert und zögert noch: ich
1379 2751 2974 2949 habe uns Bühnenereinklares. Aber in paar
1385 2876 2882 3018 Tajea ist es doch in Breu Händen. Neil
1370 2959 2441 3122 vielen Grünwen zu erkreuer.
2503 2965 3003 3078 Stefan Ewers
