4499 4135
797 428 1615 615 Monsieur M. G. A. et C. J. M. de F.
2292 488 2390 575 III
2618 482 2824 586 i n'y
505 434 764 677 .
1242 847 2228 978 Wien 25. September 1916
1325 978 1530 1115 froce
1275 1127 2934 1264 Lieber verehrter Herr Doktor, ich weiss
1298 1256 2959 1387 nicht, ob sie schon wieder in Wien sind
1310 1397 2979 1534 möchte mich doch aber bei Ihnen anfragen
1310 1512 2959 1657 weil ich eigentlich recht ungeduldig bin
1331 1626 2979 1742 Sie wieder zu rehen. So lange habe ich mir
1323 1742 2973 1883 es versagen müssen, von Ihnen zu hören, aber
1341 1862 2913 1977 meine Existenz in dieser Zeit ist ja eine so
1372 1964 3011 2126 zu dem men gepresste, dass selbst die erwünsch¬
1352 2099 2952 2226 testen Dinge au wen bleiben müssten. Seit
1352 2226 2898 2377 bald zwei Jahren bin ich nun eine Art
1356 2321 2952 2454 Diurnist, habe in zwei Jahren keine acht
1356 2450 3000 2599 Fagi fin mich gehabt und muss selbst dieses
1372 2558 2992 2710 kleine Stück Leben tagtäglich fast vor dem
1358 2676 2903 2832 Absturz hüten, dazu kam in den letzten
1368 2799 2938 2950 acht Monaten eine grosse Arbeit, die ich
1364 2928 2967 3123 mit zusammengebissenen zähnen vorwärts.
