4496 4152
518 674 1994 855 lich oder auch freu udlich — gegenüber
965 782 1273 853 ΠΟΛΑΟBΟO·.III
512 807 1996 957 stand, möchte ich Ihnen sagen, dass ich
532 928 2048 1069 das Gebühl gänzlichen Einverständnis hatte.
532 1029 2046 1140 Ich habe wie selten hier die Gefühle in einer
532 1117 2050 1256 nahten und doch nicht schamlosen mensch.
532 1242 2034 1379 lichen Rörperlichheit gefühlt und den unge¬
535 1327 2030 1491 Leuren Raum wirklich, mit einem sieren uns
539 1449 2053 1568 bezwingenden Schrechen aufgeriwen gesehen, der
557 1558 2051 1695 zwischen dem intensivesten Leben und dem
547 1660 2040 1770 nichts plötzlich aufspringen kann. Die, soweit
553 1761 2001 1884 ich Ihr werk überschaue, haben die eine
553 1868 2096 2013 ähnliche Gewalt, über das Schicksal gezeigt und
557 1984 2032 2125 ich wäre froh, wenn Sie sich dieses Süch¬
568 2096 2100 2227 nicht um ein paar Heatralischer Einzi willen
572 2192 2050 2327 jemals verärgern oder minder lieb haben
572 2308 2103 2448 liessen. Ich werde Ihren immer dafür dank.
572 2412 2102 2560 bar sein und ich glaube, immer mehr wer¬
578 2514 2005 2672 den sich finden, die es so fühlen werden:
578 2618 2051 2783 nicht u m des gesagten willen, der Worte
572 2741 2102 2872 und der Menschen zösehr, sondern um der
566 2822 2111 2982 ungeheuren vitalität willen, die aus jedem
562 2941 2030 3105 Wesen darin atmet. Diese feindliche Um¬
2150 611 3656 792 schlingung von Leben und Tor, die feuri ge¬
2165 732 3689 900 Secunde ihres Einswerdens in der Leidenschaft
2171 859 3683 1011 wird mir unvergeplich eine der schönsten¬
2188 977 3394 1119 Erinnern noch an den Abend sein.
2493 1071 3652 1229 nehmen die also innigen Dank
2209 1202 3637 1352 Ein dieses Wert, das alte Liebe und ter¬
2200 1312 3677 1462 ehrung bei mir nur vermehrt, behräftigt
2206 1425 3704 1560 und vertieft hat. Wie freue ich mich Ihrem
2219 1547 2874 1676 nächsten entgegen.
2493 1628 3513 1801 In herzlicher Ergebenheit
3092 1947 3681 2175 Stefan Zwein
