4496 4152
2251 460 2654 707 908 Sept
2096 721 2857 885 VIII. KOCHGASSE 8 Donnerstag
2221 798 2406 904 WIEN,
1468 978 2868 1161 Sehr verehrter Herr Doktor, als
1509 1139 2929 1327 ich Ihren Brief in die Hand nahen
1512 1273 2824 1443 dachte ich mir - ehe ich ihn
1540 1401 2772 1563 öffnete - noch in mei ne erste
1542 1523 2890 1713 Frende hinein: Wenn Sie nur nicht
1546 1655 2857 1831 Samstag sagen! Nun sagten sie es
1553 1762 2912 1933 wirklich und Samstag ist der einzige
1562 1889 2949 2074 für mich unaufschiebbar besetzte Abend
1567 2011 2929 2184 (eine Vorlesa ny nu Volksheim, die ich,
1579 2152 2644 2304 Herrn Professor Reich zu sagte.
1985 2254 2961 2401 Wollen die, verehrter Herr
1592 2364 2919 2538 Toktor, es nach ein mal vermehen.
1600 2483 2965 2668 jeder Tag, jede Stunde ist nur recht
1600 2591 2940 2779 die Sie mir für nächste Woche be¬
1611 2716 2367 2864 stimmen wollten
1955 2779 2834 2980 In Verehrung getreu
2351 2975 2861 3180 Stefan Bn
