4473 4168
2733 400 3327 726 13. Mai 1923
825 416 2071 844 Salzburg, Kapuzinerberg 5
908 1007 3481 1243 Lieber verehrter Herr Doktor, in einem Versteigerungs¬
927 1215 3417 1387 hatalog entdecke ich eben dieses Buch. Da ich nicht
876 1381 3337 1544 Saunehme, dass Sie die Exemplare Ihrer gewidmeten
3228 1483 3410 1582 le reste de ses
921 1531 3346 1675 Bücher verkaufen (vielleicht werden wir bald so wei
933 1716 3468 1819 sein) so fandelt es sich offenbar um ein entwendetes
943 1812 3369 1994 Exemplar und zu haben wohl das Recht es zurück
943 1966 3391 2138 zu fordern. Ich glaubte Sie aufmerksam machen zu
949 2126 3465 2365 weil ich selbst jüngst ähnlich einen entwendeten
2493 2289 3404 2468 u un daun freue
972 2308 2042 2522 Buch auf die Spür kam
975 2468 3410 2634 der auch jeder Gelegenheit, Ihnen meine herzliche Ver¬
1000 2615 3158 2873 Bung ausspressen zu können. Ihr getreuer
2349 2870 3430 3164 Stefan Zweig
