4500 4136
2394 457 2901 606 KAPuzINERBERG 5
1930 407 2116 631 G.C.F.P.
3507 467 3851 624 1 4/1 1 1/2
2618 561 2819 637 SALZBURG
2394 596 2927 807 zu 28. Juli 1933.
1476 905 2176 1098 Verehrter Herr Dektor!
1239 1227 3002 1378 Ich empfange freudig Ihre Nachricht und brauche nicht aus
987 1356 2999 1482 sagen, dass ich Ihnen gern, wenn Sie mich rechtseitig verständi-
997 1463 1772 1615 gen, im “Oesterreichisch“
1832 1463 3006 1612 Hof" ein Zimmer reserviere. Ich hätte
993 1564 2703 1684 Sie lieber zu um gebeten, aber wir sind durch die Oug
990 1665 3075 1804 Rellands besetzt. Das Hotel Darege ist aber nennten wirklich et-
1009 1769 2955 1899 aus kostepielig und die vorden in "Omterreichischen Hof ebenen
997 1873 1485 1996 aufrieden sein.
1271 1914 2958 2094 Gestern und heute waren wir mit Bahr und Leute glüger
1908 2075 2870 2186 Itae hirauf. Zu var ein rechtes
981 2047 1662 2208 in einem Zugs sur
1003 2179 3002 2356 Vergnügen, ihn so heiter und vollgeleumt, wie seit Jahren nicht,
997 2293 1290 2416 zu sehen.
1236 2375 2914 2558 In herzlicher Erwartung Ihnen entgegen uit aufrichtig
2302 2488 2577 2649 eben Ihr
2419 2633 3252 2845 Stefan Zweig
3138 2835 3321 2974 &
738 3204 3267 3406 P.S. auch Bahr kommt in jenen Tagen aus Münch¬
792 3330 1161 3520 herüber.
