3480 4136
2879 343 3010 451 20
1011 545 3026 720 kann Ihnen wirklich gar nicht zuhören. Sie
1017 692 3123 875 reden vom Altwerden! Sie wissen ja gar nicht,
1032 865 3102 1064 wie jung Sie sind. Während Sie die Geschich-
1043 1093 3039 1255 te Ihrer verstorbenen Freundin erzählten -
1040 1294 1920 1433 o gnädige Frau
1066 1420 2948 1611 (auf den Himmel weisend) Sie vergessen -
582 1506 935 1640 Agathe:
1051 1598 3000 1761 Nein,gnädige Frau; wenn Sie vom Alter re-
584 1677 846 1821 Emil:
1066 1821 2172 1975 den, das ist wirklich.
1066 1965 3099 2120 Koketterie - natürlich. Ja, ich weiss schon,
605 2025 951 2167 Agathe:
1077 2138 3094 2329 wenn ich wollte - o gewiss, es kostete mich
1077 2282 3118 2468 nicht viel Mühe, einen jungen Mann vom gros-
1095 2510 3089 2659 sen Bären herunterzuholen - vielleicht nur
1095 2688 1543 2848 ein Wort.
1098 2827 3152 2997 Ja, nur ein Wort,nur einen Blick. Diesen zum
629 2934 888 3047 Emil:
1103 3021 3065 3228 Beispiel. - Warum gestehen Sie mir's denn
1108 3236 3144 3369 nicht ein,gnädige Frau? Sie sind es, Sie wa-
1114 3380 3152 3571 ren es, die in einer Nacht wie heute mit ih-
