3464 4120
2934 284 3041 450 2
650 494 3147 672 hinaus; der Schnee fällt dicht und kau;zahlreiche er-
653 697 3031 841 leuchtete Fenster gegenüber. Unten fährt ein Wagen
650 841 3162 1025 vorbei wie über einen Teppich. Stimmen tönen gedämpft
656 1006 3119 1188 herauf. Der Sohn des Hauses, jung und blind, kommt aus
653 1231 3119 1356 dem Salon und will das Speisezimmer passieren; da er-
653 1384 2550 1588 blickt er Agathe und wendet sich zu ihr.
1112 1581 3009 1762 Haben Sie nicht Angst, sich zu verkühlen,
650 1594 912 1750 Emil!
1119 1766 1759 1922 gnädige Frau?
1116 1947 2456 2103 nein; es ist ja ganz mild.
659 1959 997 2122 Agathe:
1125 2112 3144 2259 (eine Hand zum Fenster hinaushaltend) Merk-
650 2141 919 2288 Emil:
1116 2303 3025 2453 würdig - der Schnee ist beinah warm. Der
1112 2447 3041 2625 Frühling muss schon in der Nähe sein. Im
1112 2659 2594 2812 übrigen.glückliches neues Jahr.
1116 2853 3084 2975 Danke, gleichfalls. Sagen Sie mir, wird
656 2828 1006 2991 Agathe:
1119 3022 2647 3184 denn jetzt eigentlich geschehen?
1116 3194 1656 3384 In wiefern?
650 3166 925 3350 Emil:
666 3356 3119 3569 Agathe: Nun, es wird doch auf irgend eine Weise für
