3512 4168
3033 516 3166 645 15
1143 613 3169 813 cher, als man es auf irgend einem sternbild
1148 844 3216 975 sein kann, Und eine Stunde, nachdem sie fort-
1132 1030 3093 1153 gegangen, war die Frau wieder daheim unter
1127 1180 1777 1308 ihren Gästen.
647 1305 915 1460 Emil:
1122 1379 2739 1541 Ohne dass es Jemand gemerkt hätte?
647 1512 988 1685 Agathe:
1117 1531 3077 1709 Das will ich eben nicht sagen; vielleicht
1109 1691 3127 1927 war ihre Abwesenheit dem Einen oder dem An¬
1098 1919 3127 2084 dern aufgefallen - aber da sie nun doch zu¬
1085 2084 1633 2223 riickkam
608 2236 875 2377 Emil:
1072 2249 2579 2427 Ja - sie kam zurück - und doch
600 2430 941 2553 Agathe:
1069 2427 3143 2611 Es hätte schlimm ausgehen können, meinen Sie?
592 2585 868 2739 Emil:
1059 2624 3166 2792 Ja, das mein' ich allerdings.- Wenn der Gatte
1067 2807 3077 2975 der Sache nachgeforscht - wenn er entdeckt
1048 2957 1499 3119 hätte....
579 3130 920 3248 Agathe:
1033 3111 3098 3358 Ja - dann wäre es eben missglückt; er hätte
1035 3334 1811 3463 sie davongejagt.
558 3478 820 3612 Emil:
1025 3486 3035 3714 Ah! was für ein Mut! Was hat Ihre Freundin
