3448 4184
2904 297 3034 473 17
1053 450 3085 675 stehe hier am Fenster nur, weil die Luft mir
1046 611 3106 851 wohltut. Und dann - da ich weder tanze, noch
1071 879 1802 1048 Karten spiele -
1071 1022 3021 1196 Jedenfalls steht es fest: Auch Sie feiern
603 1094 859 1222 Emil:
1084 1196 3009 1393 Ihren Sylvester nicht an dem rechten Ort.
1084 1380 2942 1567 Auch sie sind nicht - wo sie eigentlich
1094 1608 1769 1764 sein möchten -
1117 1779 2751 1930 (lachend) Was fällt Ihnen denn ein!
631 1810 966 1953 Agathe:
1089 1943 3111 2104 Und ich sage noch mehr: Sie wären mit ihm,
626 1999 884 2163 Emil:
1102 2119 2485 2270 wenn er nicht sehr fern wäre!
1107 2321 1828 2472 Er? Welcher gr?
637 2347 976 2482 Agathe:
1102 2467 3101 2656 Er, mit dem Sie in dieser festlichen Stunde
642 2543 902 2674 Emil:
1120 2638 2725 2791 am liebsten zusammen sein möchten.
1122 2822 3106 3006 Sehr fern?... Nicht einmal - da drin sitzt
652 2863 997 3029 Agathe:
1140 3006 2986 3157 er und spielst Whist mit Ihrem Papa und
1125 3206 1907 3359 Herrn Friedmann.
1122 3369 3124 3561 Wieso? Entschuldigen Sie... das ist ja Ihr
662 3413 933 3553 Emil:
