3416 4184
2774 433 2906 536 15
930 627 2934 834 cher, als man es auf irgend einem Sternbild
940 764 3004 1000 sein kann. Und eine Stunde, nachdem sie fort-
940 969 2888 1202 gegangen, war die Frau wieder daheim unter
951 1173 1590 1360 ihren Gästen.
963 1334 2564 1531 Ohne dass es Jemand gemerkt hätte?
500 1383 749 1513 Emil:
956 1523 2901 1689 Das will ich eben nicht sagen; vielleicht
495 1572 839 1712 Agathe:
958 1668 2973 1917 war ihre Abwesenheit dem Einen oder dem An-
976 1893 2991 2062 dern aufgefallen - aber da sie nun doch zu¬
966 2095 1507 2251 riickkam....
969 2253 2473 2422 Ja - sie kam zurück - und doch -
510 2279 780 2445 Emil:
979 2409 3046 2600 Es hätte schlimm ausgehen können, meinen Sie?
515 2466 868 2618 Agathe:
979 2595 3064 2753 Ja, das mein' ich allerdings.- Wenn der Gatte
526 2634 782 2815 Emil:
995 2766 2994 2966 der Sache nachgeforscht - wenn er entdeckt
997 2989 1450 3186 hätte...
995 3004 3051 3336 Ja - dann wäre es eben missglückt; er hätte
536 3157 888 3349 Agathe:
1015 3320 1792 3476 sie davongejagt.
1013 3434 3025 3675 Ah! was für ein Mut! Was hat Ihre Freundin
562 3512 808 3662 Emil:
