3496 4136
2923 297 3062 496 19
1098 488 3196 696 einmal so. Ich sage Ihnen, wenn zwei Menschen
1095 706 3123 825 nur überhaupt zusammen bleiben, so kommt im-
1095 917 3183 1040 mer eine Zeit, wo sie einander wieder finden.
1095 1100 3096 1216 Und man verzeiht einander sehr viel, haupt-
1098 1234 3152 1395 sächlich weil es gar nichts unverzeihliches
1095 1431 2448 1563 gibt, wenn es nur vorbei ist,
1106 1610 3212 1736 Nun - warum sind Siedann eigentlich so melan¬
622 1634 882 1749 Emil:
1095 1765 3062 1922 cholisch am Fenster gestanden? Sie werden
1114 1967 3167 2125 Ihr Fest eben um zwei Stunden später feiern,
1106 2148 3128 2266 das ist alles. Denn in zwei Stunden fahren
1108 2322 3167 2511 Sie mit Ihrem Mann nach Hause. Ich hingegen
1108 2513 2190 2663 bin und bleibe allein.
1119 2684 3104 2807 Und doch ist Ihre Sylvesterfeier die schö-
649 2695 980 2852 Agathe:
1106 2876 3117 3002 nere. Denn bei jedem Fest kommt es auf das
1111 3052 3073 3212 Morgen an. Und darum gibt es nur Feste, so
1108 3186 2744 3404 lang man auch morgen nachjung ist.
1114 3388 3136 3614 gnädige Frau, reden Sie doch nicht so - man
643 3409 903 3540 Emil:
