3448 4152
2936 239 3061 451 18
1059 535 1339 652 Mann.
1067 713 1561 848 Natürlich.
603 718 960 843 Agathe:
1082 899 1428 1031 Aber -!
603 906 868 1031 Emil:
1072 1003 3073 1209 Nun ja; er ist's, mit dem ich Sylvester fei-
606 1075 962 1215 Agathe:
1100 1166 3071 1370 ern möchte,- und er spielt Whist mit Ihrem
1077 1393 3109 1574 Papa und Herrn Friedmann. Uebrigens wäre er
1095 1556 3063 1714 nicht sehr geschmeichelt, wenn er jetzt Ihr
1095 1726 3063 1912 Gesicht sähe. Ich bin nicht so romantisch,
1097 1902 3145 2073 wie sie glauben - und wie meine todte Freun-
1072 2149 1500 2269 „din war.
1108 2256 3096 2432 O gnädige Frau, ich durchschaus Sie ja. Das
634 2317 899 2478 Emil:
1095 2500 3094 2610 ist einfach ein ehrenvoller Rückzug, nichts
1110 2671 1518 2809 anderes.
1120 2793 3081 2984 Sie irren sich sehr. Ich versichere Ihnen,
644 2821 985 3017 Agathe:
1120 2974 3081 3203 dass es keinen Menschen auf der Welt gibt,
1123 3147 2956 3333 der mir näher steht, als mein Mann - ja.
1120 3287 3157 3521 Sehen Sie mich nicht so dumm an. Es ist nun
