3352 4168
1055 382 3050 593 Sitte fest, dass an solchen Abenden nur die
1050 593 3019 777 Menschen zusamenkommen, die auch zusammen-
1058 751 3003 913 gehören, die durch die Bande der Verwandt-
1047 934 2985 1130 schaft miteinander verknüpft sind. Na ja,
1050 1133 3042 1316 darum unterhält man sich auch so gut, daher
1050 1287 3050 1471 die festliche und gerührte Stimmung. Haben
1027 1481 2270 1680 Sie das gar nicht bemerkt?
570 1636 918 1829 Agathe:
1027 1664 2928 1821 Gewiss. Auch hab' ich die Sitzordnung so
1029 1847 2967 2000 sinnig gefunden: Ehepaare zusammen,Kinder
1014 2025 1984 2242 neben den Eltern....
552 2193 815 2361 Emil:
1011 2201 1223 2371 Ja.—
1014 2386 2833 2572 Und was sollen die Leute tun, die nicht
560 2371 895 2606 Agathe:
1017 2565 1360 2755 tanzen?
547 2745 808 2939 Emil:
1004 2675 2933 2949 Nun, die Herren werden Karten spielen; Ihr
1001 2895 3006 3106 Mann, Papa und Herr Friedmann haben bereits
1006 3065 2923 3261 angefangen. (klavierspiel im Nebenzimmer)
1001 3251 3073 3480 Hören Sie, Fritz hat sich schon an den Flügel
