3480 4120
1163 545 3124 714 (trällert mit) „0 je,o jeh,wie rührt mich
1152 773 1565 919 dies...
1155 921 3083 1092 Also was ist das für ein geheimnisvolles
693 955 1028 1113 Agathe:
1137 1118 1731 1246 Rendez-vous?
1144 1279 3137 1422 Das verhält sich folgendermassen: ich bin
688 1329 945 1451 Emil :
1165 1458 2608 1611 hier, wie sie bemerken, und sie.
1160 1661 2105 1791 Die Unsichtbare....
701 1682 1028 1801 Agathe:
1152 1819 3226 1954 Ja, die Unsichtbare ist in diesem Augenblick
698 1853 950 2014 Emil:
1160 2019 3124 2143 auch irg endwo, wo sie nicht hingehört oder
1168 2214 2660 2323 wo sie nicht sein will, ebenso -
1170 2338 3249 2502 Ebenso wie Sie. Das ist nicht sehr liebens-
708 2382 1041 2541 Agathe:
1176 2512 3239 2694 würdig, aber es ist wahr. Nun weiter. Wo Sie
1176 2701 3088 2847 sind, weiss ich - aber die unsichtbare...
1168 2880 3106 3052 Lassen wir das dahingestellt; vielleicht
706 2878 965 3070 Emil:
1183 3065 3200 3205 auch im Kreise ihrer Familie, vielleicht in
1201 3231 3226 3384 einem andern Kreis - kurz,wir können zusam-
1183 3425 3267 3610 men nicht kommen, der Champagner ist viel zu
