3352 4152
1101 472 2331 654 SYLVESTERNACHT
1089 607 1564 717 r~n ̃
1661 614 2464 796 ̃ ̃'̃̃ v/o  ==================̃
1372 755 1866 925 Einxxialog
1479 872 1576 1032 F.
1721 881 1869 1032 --
1573 1026 1730 1167 von
1557 1161 1774 1325 ###
947 1293 2489 1422 ARTHUR SCHNITZLLER
1007 1416 2492 1576 ........................................,  ==================
934 1699 2901 1903 Das geräumige Speisezimmer der Familie, in
469 1891 2939 2130 dem eben ein Souper zu vierundzwanzig Gedecken statt-
450 2070 2923 2303 gefunden hat. Gläser mit Champagner, andere mit rotem
450 2322 2756 2460 und weissem Wein, halbgefüllt, stehen noch auf dem
453 2451 2910 2665 Tisch. Die Sessel in Unordnung. Zwei Kellner, die für
456 2589 2923 2819 den heutigen Abend gemietet worden sind, verschwinden
450 2794 2976 3008 durch die Ausgangstüre. Eine andere Tür, die in den Sa-
437 2970 2964 3237 lon führt, ist angelehnt. Gewirr von Stimmen dringt he-
444 3149 2913 3360 rein. Zwei Fenster sind geschlossen, das dritte steht
444 3329 2822 3543 weit offen. Frau Agathe, die ganz allein ist, blickt
