3368 4200
967 590 2906 795 (trällert mit) „0 je,0 jeh,wie rührt mich
964 836 1398 975 dies....
972 939 2868 1131 Also was ist das für ein geheimnisvolles
492 1039 846 1185 Agathe:
970 1188 1575 1339 Rendez-vous?
975 1262 2934 1493 Das verhält sich folgendermassen: ich bin
508 1390 770 1518 Emil:
982 1498 2465 1660 hier, wie Sie bemerken, und sie -
990 1649 1970 1870 Die Unsichtbare....
531 1690 875 1890 Agathe
988 1829 3042 2052 Ja, die Unsichtbare ist in diesem Augenblick
526 1944 787 2070 Emil:
1003 1975 2957 2201 auch in endwo, wo sie nicht hingehört oder
1018 2183 2480 2373 wo sie nicht sein will, ebenso -
1018 2332 3081 2560 Ebenso wie Sie. Das ist nicht sehr liebens-
559 2434 903 2647 Agathe:
1034 2488 3083 2737 würdig, aber es ist wahr. Nun weiter. Wo Sie
1039 2709 2922 2916 sind, weiss ich - aber die unsichtbare...
1036 2850 2955 3137 Lassen wir das dahingestellt; vielleicht
575 2968 831 3170 Emil:
1057 3055 3052 3268 auch im Kreise ihrer Familie, vielleicht in
1072 3278 3078 3465 einem andern Kreis - kurz,wir können zusam-
1059 3445 3109 3671 men nicht kommen, der Champagner ist viel zu
