<?xml version="1.0" encoding="UTF-8" standalone="yes"?>
<PcGts xmlns="http://schema.primaresearch.org/PAGE/gts/pagecontent/2013-07-15" xmlns:xsi="http://www.w3.org/2001/XMLSchema-instance" xsi:schemaLocation="http://schema.primaresearch.org/PAGE/gts/pagecontent/2013-07-15 http://schema.primaresearch.org/PAGE/gts/pagecontent/2013-07-15/pagecontent.xsd">
    <Metadata>
        <Creator>prov=READ-COOP:name=TrHtr:version=2.1.0:model_id=51170:date=27_07_2023_20:46</Creator>
        <Created>2023-05-10T13:46:38.319+02:00</Created>
        <LastChange>2023-07-27T20:46:35.906+02:00</LastChange>
        <TranskribusMetadata docId="1428592" pageId="55414291" pageNr="40" tsid="131300418" status="IN_PROGRESS" userId="64420" imgUrl="https://files.transkribus.eu/Get?id=SRMNFILXCSRCXVPNMPGTLAJO&amp;fileType=view" xmlUrl="https://files.transkribus.eu/Get?id=YFLZXRJVNSSTDHFMGGWYLQUS" imageId="44688425"/>
    </Metadata>
    <Page imageFilename="1428592_0040.jpg" imageWidth="3480" imageHeight="4136">
        <ReadingOrder>
            <OrderedGroup id="ro_1711790483956" caption="Regions reading order">
                <RegionRefIndexed index="0" regionRef="tr_1"/>
                <RegionRefIndexed index="1" regionRef="tr_2"/>
            </OrderedGroup>
        </ReadingOrder>
        <TextRegion id="tr_1" custom="readingOrder {index:0;}">
            <Coords points="722,487 3246,487 3246,1842 722,1842"/>
            <TextLine id="tr_1_tl_1" custom="readingOrder {index:0;}">
                <Coords points="3023,572 3041,572 3069,551 3085,567 3101,562 3108,570 3124,557 3166,564 3163,447 3135,440 3124,450 3103,447 3095,455 3043,466 3036,476 3020,476"/>
                <Baseline points="3037,540 3082,537 3127,537 3172,543"/>
                <TextEquiv>
                    <Unicode>14</Unicode>
                </TextEquiv>
            </TextLine>
            <TextLine id="tr_1_tl_2" custom="readingOrder {index:1;}">
                <Coords points="1163,749 2149,796 2401,736 2848,796 3103,760 3106,643 2125,643 2039,702 1823,627 1165,635"/>
                <Baseline points="1178,746 1187,746 1232,743 1277,743 1321,743 1366,740 1411,737 1456,740 1501,737 1545,737 1590,734 1635,737 1680,737 1724,737 1769,737 1814,737 1859,737 1903,734 1948,734 1993,734 2038,731 2082,731 2127,728 2172,725 2217,728 2261,728 2306,728 2351,728 2396,731 2441,734 2485,734 2530,734 2575,731 2620,731 2664,728 2709,728 2754,725 2799,725 2843,725 2888,725 2933,725 2978,728 3022,725 3067,725 3112,725"/>
                <TextEquiv>
                    <Unicode>Auf die einfachste Weise von der Welt. Er</Unicode>
                </TextEquiv>
            </TextLine>
            <TextLine id="tr_1_tl_3" custom="readingOrder {index:2;}">
                <Coords points="710,765 767,765 791,783 921,752 944,775 994,786 1054,780 1054,674 965,697 874,663 791,702 736,674 710,676"/>
                <Baseline points="725,752 769,746 814,749 859,746 904,746 948,743 993,746 1038,749 1059,752"/>
                <TextEquiv>
                    <Unicode>Agathe:</Unicode>
                </TextEquiv>
            </TextLine>
            <TextLine id="tr_1_tl_4" custom="readingOrder {index:3;}">
                <Coords points="1163,918 1964,973 2716,918 3077,978 3077,851 2877,825 1163,879"/>
                <Baseline points="1178,916 1205,919 1250,916 1295,919 1339,919 1384,916 1429,916 1474,916 1518,916 1563,916 1608,916 1653,916 1697,916 1742,913 1787,913 1832,913 1877,916 1921,919 1966,916 2011,916 2056,916 2100,916 2145,913 2190,910 2235,910 2279,907 2324,907 2369,904 2414,907 2458,904 2503,907 2548,907 2593,907 2637,904 2682,904 2727,904 2772,904 2817,904 2861,904 2906,904 2951,904 2996,907 3040,907 3085,910"/>
                <TextEquiv>
                    <Unicode>wartete im Wagen, nicht weit vom Hausthor,</Unicode>
                </TextEquiv>
            </TextLine>
            <TextLine id="tr_1_tl_5" custom="readingOrder {index:4;}">
                <Coords points="1173,1129 3062,1129 3148,1025 1173,1048"/>
                <Baseline points="1187,1101 1226,1101 1271,1098 1316,1098 1360,1095 1405,1095 1450,1095 1495,1095 1539,1095 1584,1092 1629,1092 1674,1092 1718,1092 1763,1092 1808,1092 1853,1095 1897,1095 1942,1092 1987,1095 2032,1092 2076,1092 2121,1092 2166,1092 2211,1092 2256,1092 2300,1089 2345,1089 2390,1089 2435,1086 2479,1086 2524,1083 2569,1083 2614,1083 2658,1083 2703,1086 2748,1083 2793,1086 2837,1086 2882,1086 2927,1083 2972,1083 3016,1080 3061,1080 3106,1080 3151,1077"/>
                <TextEquiv>
                    <Unicode>von Mitternacht an, und meine Freundin ver-</Unicode>
                </TextEquiv>
            </TextLine>
            <TextLine id="tr_1_tl_6" custom="readingOrder {index:5;}">
                <Coords points="1178,1321 2895,1298 2989,1290 2989,1207 1178,1223"/>
                <Baseline points="1193,1286 1205,1283 1250,1280 1295,1277 1339,1277 1384,1277 1429,1277 1474,1277 1518,1277 1563,1274 1608,1274 1653,1274 1697,1274 1742,1274 1787,1274 1832,1274 1877,1274 1921,1274 1966,1274 2011,1271 2056,1268 2100,1271 2145,1271 2190,1271 2235,1271 2279,1271 2324,1274 2369,1271 2414,1271 2458,1274 2503,1271 2548,1271 2593,1271 2637,1268 2682,1268 2727,1265 2772,1262 2817,1262 2861,1262 2906,1262 2951,1265 2996,1265"/>
                <TextEquiv>
                    <Unicode>liess das Haus, ihre Wohnung,ihre Gäste,</Unicode>
                </TextEquiv>
            </TextLine>
            <TextLine id="tr_1_tl_7" custom="readingOrder {index:6;}">
                <Coords points="1163,1537 1753,1465 2086,1527 2221,1462 2635,1514 2859,1451 3114,1511 3244,1394 1165,1376"/>
                <Baseline points="1178,1459 1187,1459 1232,1459 1277,1453 1321,1453 1366,1453 1411,1453 1456,1453 1501,1453 1545,1453 1590,1456 1635,1456 1680,1453 1724,1453 1769,1453 1814,1453 1859,1453 1903,1453 1948,1453 1993,1453 2038,1453 2082,1453 2127,1453 2172,1450 2217,1450 2261,1453 2306,1450 2351,1450 2396,1450 2441,1450 2485,1450 2530,1447 2575,1450 2620,1447 2664,1447 2709,1447 2754,1444 2799,1444 2843,1444 2888,1444 2933,1444 2978,1444 3022,1444 3067,1444 3112,1444 3157,1444 3201,1444 3246,1447"/>
                <TextEquiv>
                    <Unicode>ihren Mann, während man tanzte, spielte, trank.</Unicode>
                </TextEquiv>
            </TextLine>
            <TextLine id="tr_1_tl_8" custom="readingOrder {index:7;}">
                <Coords points="1163,1657 1766,1688 1852,1639 2180,1639 2432,1678 2500,1657 2500,1540 1938,1595 1745,1553 1579,1597 1163,1558"/>
                <Baseline points="1178,1641 1208,1638 1253,1638 1298,1638 1342,1638 1387,1638 1432,1635 1477,1641 1521,1638 1566,1638 1611,1638 1656,1638 1700,1638 1745,1635 1790,1635 1835,1635 1880,1632 1924,1635 1969,1632 2014,1635 2059,1632 2103,1632 2148,1629 2193,1629 2238,1629 2282,1632 2327,1629 2372,1629 2417,1629 2461,1629 2506,1626"/>
                <TextEquiv>
                    <Unicode>Wie? Wie konnte sie das tun?</Unicode>
                </TextEquiv>
            </TextLine>
            <TextLine id="tr_1_tl_9" custom="readingOrder {index:8;}">
                <Coords points="708,1662 728,1657 752,1673 793,1657 838,1670 864,1662 905,1680 926,1667 957,1667 957,1576 908,1582 887,1566 879,1574 858,1569 827,1597 806,1600 780,1574 752,1566 708,1574"/>
                <Baseline points="722,1647 766,1644 811,1644 856,1644 901,1644 945,1647 963,1650"/>
                <TextEquiv>
                    <Unicode>Emil:</Unicode>
                </TextEquiv>
            </TextLine>
            <TextLine id="tr_1_tl_10" custom="readingOrder {index:9;}">
                <Coords points="1163,1852 3023,1844 2965,1727 1163,1743"/>
                <Baseline points="1178,1814 1193,1814 1238,1817 1283,1817 1327,1817 1372,1823 1417,1823 1462,1823 1506,1823 1551,1826 1596,1820 1641,1820 1686,1820 1730,1817 1775,1814 1820,1817 1865,1817 1909,1814 1954,1814 1999,1817 2044,1814 2088,1814 2133,1814 2178,1814 2223,1811 2267,1811 2312,1811 2357,1811 2402,1811 2446,1811 2491,1811 2536,1808 2581,1808 2626,1811 2670,1811 2715,1808 2760,1805 2805,1808 2849,1808 2894,1808 2939,1808 2984,1808 3028,1811"/>
                <TextEquiv>
                    <Unicode>Wie man Alles kann -: indem man es tut.</Unicode>
                </TextEquiv>
            </TextLine>
            <TextLine id="tr_1_tl_11" custom="readingOrder {index:10;}">
                <Coords points="721,1842 791,1852 835,1883 903,1839 931,1849 1004,1831 1043,1852 1046,1751 981,1740 900,1769 887,1756 864,1766 835,1743 791,1756 723,1745"/>
                <Baseline points="734,1832 778,1829 823,1829 868,1826 913,1826 957,1823 1002,1823 1047,1823"/>
                <TextEquiv>
                    <Unicode>Agathe:</Unicode>
                </TextEquiv>
            </TextLine>
        </TextRegion>
        <TextRegion id="tr_2" custom="readingOrder {index:1;}">
            <Coords points="722,1934 3273,1934 3273,3644 722,3644"/>
            <TextLine id="tr_2_tl_1" custom="readingOrder {index:0;}">
                <Coords points="1173,2047 1636,2089 1974,2016 2588,2050 2729,1990 3054,2039 3114,2021 3114,1881 1626,1961 1173,1896"/>
                <Baseline points="1187,1996 1232,1999 1277,1996 1321,1999 1366,1999 1411,1996 1456,1999 1501,1999 1545,1999 1590,1999 1635,1999 1680,1996 1724,1996 1769,1996 1814,1996 1859,1993 1903,1996 1948,1996 1993,1996 2038,1993 2082,1993 2127,1993 2172,1999 2217,1999 2261,1999 2306,1999 2351,1996 2396,1996 2441,1990 2485,1990 2530,1990 2575,1990 2620,1987 2664,1987 2709,1987 2754,1987 2799,1987 2843,1984 2888,1984 2933,1984 2978,1987 3022,1987 3067,1990 3112,1996 3121,1996"/>
                <TextEquiv>
                    <Unicode>Sie eilte zu dem Wagen, in dem er wartete,</Unicode>
                </TextEquiv>
            </TextLine>
            <TextLine id="tr_2_tl_2" custom="readingOrder {index:1;}">
                <Coords points="1178,2253 1249,2224 1277,2242 1353,2214 1465,2219 1501,2195 1566,2232 1644,2177 1764,2190 1852,2234 1852,2094 1758,2084 1623,2136 1592,2110 1543,2130 1324,2099 1288,2123 1178,2123"/>
                <Baseline points="1193,2175 1238,2178 1283,2175 1327,2175 1372,2175 1417,2175 1462,2175 1506,2175 1551,2172 1596,2169 1641,2175 1686,2175 1730,2178 1775,2178 1820,2175 1859,2181"/>
                <TextEquiv>
                    <Unicode>und stieg ein.</Unicode>
                </TextEquiv>
            </TextLine>
            <TextLine id="tr_2_tl_3" custom="readingOrder {index:2;}">
                <Coords points="1176,2372 1592,2398 1766,2359 2076,2401 2219,2365 2221,2263 2141,2286 1917,2247 1563,2302 1493,2268 1178,2300"/>
                <Baseline points="1190,2363 1196,2360 1241,2357 1286,2354 1330,2357 1375,2357 1420,2357 1465,2357 1509,2354 1554,2357 1599,2354 1644,2354 1689,2354 1733,2354 1778,2354 1823,2357 1868,2357 1912,2357 1957,2357 2002,2354 2047,2354 2091,2351 2136,2351 2181,2351 2226,2348"/>
                <TextEquiv>
                    <Unicode>Unglaublich! Und dann?</Unicode>
                </TextEquiv>
            </TextLine>
            <TextLine id="tr_2_tl_4" custom="readingOrder {index:3;}">
                <Coords points="713,2380 736,2375 757,2393 767,2378 786,2385 819,2372 856,2383 877,2375 908,2388 934,2378 952,2388 970,2383 965,2292 908,2310 871,2286 835,2305 812,2305 801,2294 773,2305 747,2286 728,2297 708,2294"/>
                <Baseline points="725,2354 769,2354 814,2360 859,2363 904,2366 948,2369 975,2372"/>
                <TextEquiv>
                    <Unicode>mil:</Unicode>
                </TextEquiv>
            </TextLine>
            <TextLine id="tr_2_tl_5" custom="readingOrder {index:4;}">
                <Coords points="1178,2557 2999,2570 2999,2456 2880,2430 2474,2495 2401,2448 1178,2461"/>
                <Baseline points="1193,2539 1214,2536 1259,2536 1304,2536 1348,2536 1393,2539 1438,2539 1483,2539 1527,2536 1572,2536 1617,2530 1662,2530 1706,2533 1751,2533 1796,2533 1841,2533 1885,2533 1930,2533 1975,2530 2020,2530 2065,2527 2109,2527 2154,2530 2199,2530 2244,2530 2288,2530 2333,2530 2378,2530 2423,2527 2467,2527 2512,2524 2557,2524 2602,2524 2646,2524 2691,2524 2736,2521 2781,2521 2825,2521 2870,2524 2915,2521 2960,2524 3005,2524"/>
                <TextEquiv>
                    <Unicode>Dann fuhren sie zusammen in den Prater.</Unicode>
                </TextEquiv>
            </TextLine>
            <TextLine id="tr_2_tl_6" custom="readingOrder {index:5;}">
                <Coords points="708,2580 851,2565 871,2583 895,2560 936,2560 1001,2596 1046,2599 1046,2487 975,2502 923,2476 869,2492 853,2484 830,2502 754,2474 708,2487"/>
                <Baseline points="722,2551 740,2551 784,2548 829,2542 874,2542 919,2545 963,2545 1008,2542 1053,2545"/>
                <TextEquiv>
                    <Unicode>Agathe:</Unicode>
                </TextEquiv>
            </TextLine>
            <TextLine id="tr_2_tl_7" custom="readingOrder {index:6;}">
                <Coords points="1176,2729 2984,2737 3129,2716 3132,2599 1415,2687 1178,2640"/>
                <Baseline points="1190,2712 1211,2715 1256,2715 1301,2718 1345,2718 1390,2718 1435,2718 1480,2715 1524,2715 1569,2712 1614,2712 1659,2709 1703,2709 1748,2709 1793,2712 1838,2712 1882,2709 1927,2709 1972,2709 2017,2706 2062,2706 2106,2709 2151,2706 2196,2709 2241,2709 2285,2706 2330,2706 2375,2706 2420,2703 2464,2703 2509,2703 2554,2700 2599,2703 2643,2703 2688,2700 2733,2700 2778,2703 2822,2703 2867,2703 2912,2703 2957,2700 3002,2700 3046,2700 3091,2700 3136,2700"/>
                <TextEquiv>
                    <Unicode>Es... muss wunderschön gewesen sein. Eine</Unicode>
                </TextEquiv>
            </TextLine>
            <TextLine id="tr_2_tl_8" custom="readingOrder {index:7;}">
                <Coords points="1181,2916 3020,2926 3174,2887 3174,2796 1181,2809"/>
                <Baseline points="1196,2885 1211,2891 1256,2891 1301,2891 1345,2894 1390,2894 1435,2891 1480,2888 1524,2888 1569,2888 1614,2888 1659,2888 1703,2888 1748,2888 1793,2888 1838,2888 1882,2885 1927,2885 1972,2885 2017,2885 2062,2885 2106,2882 2151,2882 2196,2882 2241,2882 2285,2885 2330,2882 2375,2879 2420,2879 2464,2876 2509,2876 2554,2876 2599,2873 2643,2873 2688,2873 2733,2876 2778,2876 2822,2876 2867,2876 2912,2873 2957,2876 3002,2873 3046,2873 3091,2870 3136,2870 3181,2867"/>
                <TextEquiv>
                    <Unicode>Nacht etwa wie heute, Schnee, überall Schnee</Unicode>
                </TextEquiv>
            </TextLine>
            <TextLine id="tr_2_tl_9" custom="readingOrder {index:8;}">
                <Coords points="1176,3122 1915,3069 2172,3122 2424,3059 3220,3129 3267,3004 1176,3015"/>
                <Baseline points="1190,3073 1211,3073 1256,3070 1301,3070 1345,3073 1390,3073 1435,3070 1480,3073 1524,3070 1569,3067 1614,3067 1659,3067 1703,3067 1748,3067 1793,3070 1838,3070 1882,3067 1927,3067 1972,3064 2017,3064 2062,3064 2106,3067 2151,3064 2196,3064 2241,3061 2285,3061 2330,3058 2375,3058 2420,3058 2464,3058 2509,3058 2554,3058 2599,3058 2643,3055 2688,3055 2733,3055 2778,3055 2822,3058 2867,3058 2912,3058 2957,3055 3002,3055 3046,3055 3091,3052 3136,3052 3181,3055 3225,3055 3270,3058"/>
                <TextEquiv>
                    <Unicode>und alles still vor lauter Schnee. Und unten</Unicode>
                </TextEquiv>
            </TextLine>
            <TextLine id="tr_2_tl_10" custom="readingOrder {index:9;}">
                <Coords points="1184,3275 3059,3306 3267,3275 3267,3119 2172,3202 1184,3174"/>
                <Baseline points="1199,3258 1214,3258 1259,3255 1304,3255 1348,3252 1393,3255 1438,3255 1483,3252 1527,3246 1572,3246 1617,3246 1662,3249 1706,3249 1751,3249 1796,3252 1841,3252 1885,3255 1930,3252 1975,3249 2020,3249 2065,3246 2109,3246 2154,3246 2199,3243 2244,3243 2288,3243 2333,3243 2378,3240 2423,3240 2467,3237 2512,3240 2557,3237 2602,3240 2646,3237 2691,3237 2736,3237 2781,3237 2825,3237 2870,3237 2915,3240 2960,3237 3005,3240 3049,3240 3094,3240 3139,3237 3184,3237 3228,3237 3273,3237"/>
                <TextEquiv>
                    <Unicode>in der grossen Allee sind sie wahrscheinlich</Unicode>
                </TextEquiv>
            </TextLine>
            <TextLine id="tr_2_tl_11" custom="readingOrder {index:10;}">
                <Coords points="1191,3462 2625,3483 2833,3434 3067,3483 3090,3358 1191,3382"/>
                <Baseline points="1205,3431 1217,3434 1262,3431 1307,3434 1351,3431 1396,3431 1441,3431 1486,3434 1530,3434 1575,3434 1620,3428 1665,3428 1709,3428 1754,3428 1799,3428 1844,3428 1888,3428 1933,3428 1978,3431 2023,3428 2068,3428 2112,3428 2157,3428 2202,3428 2247,3428 2291,3425 2336,3425 2381,3422 2426,3425 2470,3425 2515,3422 2560,3419 2605,3419 2649,3419 2694,3419 2739,3419 2784,3416 2828,3419 2873,3419 2918,3419 2963,3422 3008,3416 3052,3419 3097,3413"/>
                <TextEquiv>
                    <Unicode>ausgestiegen und Arm in Arm spazieren ge¬</Unicode>
                </TextEquiv>
            </TextLine>
            <TextLine id="tr_2_tl_12" custom="readingOrder {index:11;}">
                <Coords points="1186,3689 3215,3642 3215,3486 2032,3587 1189,3559"/>
                <Baseline points="1202,3634 1208,3631 1253,3628 1298,3625 1342,3622 1387,3622 1432,3622 1477,3625 1521,3625 1566,3622 1611,3622 1656,3619 1700,3619 1745,3616 1790,3616 1835,3616 1880,3616 1924,3619 1969,3619 2014,3622 2059,3619 2103,3619 2148,3616 2193,3613 2238,3613 2282,3613 2327,3610 2372,3610 2417,3610 2461,3610 2506,3610 2551,3610 2596,3610 2640,3610 2685,3610 2730,3610 2775,3610 2820,3610 2864,3607 2909,3607 2954,3610 2999,3607 3043,3607 3088,3607 3133,3604 3178,3601 3222,3601"/>
                <TextEquiv>
                    <Unicode>gangen und waren... wahrscheinlich glückli-</Unicode>
                </TextEquiv>
            </TextLine>
        </TextRegion>
    </Page>
</PcGts>
