3480 4120
2991 239 3080 421 4
1159 463 3160 613 Sitte fest, dass an solchen Abenden nur die
1162 676 3147 819 Menschen zusammenkommen, die auch zusamen¬
1162 850 3085 962 gehören, die durch die Bande der Verwandt-
1164 1003 3103 1138 schaft miteinander verknüpft sind. Na ja,
1164 1177 3165 1315 darum unterhält man sich auch so gut, daher
1162 1364 3173 1481 die festliche und gerührte Stimmung. Haben
1159 1564 2409 1707 Sie das gar nicht bemerkt?
1162 1746 3069 1845 Gewiss. Auch hab' ich die Sitzordnung so
694 1749 1034 1887 Agathe!
1159 1939 3118 2030 sinnig gefunden: Ehepaare zusammen, Kinder
1156 2089 2141 2227 neben den Eltern....
1154 2261 1336 2404 J a.
683 2282 951 2404 Emil:
1164 2464 2991 2599 Und was sollen die Leute tun, die nicht
715 2456 1040 2586 Agathe:
1167 2620 1515 2796 tanzen?
1162 2814 3095 2952 Nun, die Herren werden Karten spielen; Ihr
681 2814 956 2939 Emil:
1167 2986 3165 3111 Mann, Papa und Herr Friedmann haben bereits
1169 3131 3103 3290 angefangen. (klavierspiel im Nebenzimmer)
1159 3334 3251 3501 Hören Sie, Fritz hat sich schon an den Flügel
