3480 4136
2897 246 3023 434 21
613 486 3082 690 rem Geliebten durch den Schnee fuhr, während zu Hause
1084 659 3088 816 die Leute tanzten und Karten spielten. Und
1108 819 3048 985 während sie die Geschichte erzählt haben,
1087 1019 3183 1228 glühten Ihre Augen in der Erinnerung an jene
1099 1259 1413 1416 Nacht.
1108 1398 2928 1586 Sie irren sich ganz gewiss. Im übrigen
637 1389 991 1573 Agathe:
1111 1549 2928 1743 ist das ganz gleichgiltig, - ob eigene
1115 1727 2925 1906 oder fremde Vergangenheit, es ist fern.
1118 1949 2371 2118 Aber es kann wiederkommen.
647 1986 905 2103 Emil:
1124 2072 3094 2241 Was fällt Ihnen ein. Nichts kommt wieder.-
662 2140 991 2306 Agathe:
1121 2300 3020 2445 Aber Neues kommt. Wie sagten sie,gnädige
656 2318 914 2488 Emil:
1124 2435 3233 2632 Frau? Bei jedem Fest kommt es auf das Morgen
1127 2617 3193 2857 an; so könnte das das schönste sein, das ich
1161 2851 1884 3011 je erlebt habe.
1145 3045 1401 3177 Aber!
680 2993 1028 3205 Agathe:
1161 3134 3110 3347 (fasst ihre Hand) Sie wissen ja nicht,wie
690 3248 939 3396 Emil:
1145 3371 3199 3544 schön Sie sind! O glauben sie mir! Wenn man
