3448 4136
2916 311 3036 459 21
613 481 3089 681 rem Geliebten durch den Schnee fuhr,während zu Hause
1104 666 3098 869 die Leute tanzten und Karten spielten. Und
1104 869 3046 980 während Sie die Geschichte erzählt haben,
1104 1042 3184 1193 glühten Ihre Augen in der Erinnerung an jene
1104 1239 1424 1415 Nacht.
1104 1362 2916 1572 Sie irren sich ganz gewiss. Im übrigen
638 1403 989 1544 Agathe:
1113 1584 2922 1735 ist das ganz gleichgiltig, - ob eigene
1113 1757 2916 1927 oder fremde Vergangenheit, es ist fern.
1100 1927 2364 2112 Aber es kann wiederkommen.
638 1951 903 2099 Vmil:
1110 2112 3076 2266 Was fällt Ihnen ein. Nichts kommt wieder.-
647 2142 986 2303 Agathe:
1116 2306 3012 2429 Aber Neues kommt. Wie sagten sie, gnädige
644 2327 919 2463 Emil:
1119 2451 3215 2608 Frau? Bei jedem Fest kommt es auf das Morgen
1113 2642 3178 2842 an; so könnte das das schönste sein, das ich
1128 2817 1868 3012 je erlebt habe.
1125 3030 1390 3215 Aber!
660 3021 1002 3200 Agathe:
1147 3144 3079 3332 (fasst ihre Hand) Sie wissen ja nicht, wie
660 3224 922 3388 Emil:
1128 3366 3175 3517 schön Sie sind! O glauben Sie mir! Wenn man
