3416 4200
983 550 2975 756 samkeit der Unsichtbaren ehrlicher sei als
991 779 1545 926 die Ihre...
986 888 3016 1138 Ich stage es zu hoffen - treten ans Fenster,
524 978 782 1120 Emil:
993 1102 2990 1267 schauen den grössen Bären an - sehen sie,
1004 1311 2954 1437 dort ist er - und träumen von einander, so
1004 1447 2959 1618 lebhaft als nur möglich. Ja, das ist unser
1009 1610 2879 1801 Rendez-vous in der Sylvesternacht.Darum
1009 1827 3013 1971 wollte ich eben in mein Zimmer gehen. Aber
1024 2005 2936 2147 von hier aus sieht man den grossen Bären
1022 2196 3091 2353 gleichfalls, und nichts hindert mich, zu träu-
1027 2350 2957 2521 men - es sei denn, dass Sie so freundlich
1040 2546 2242 2699 sein wollen,gnädige Frau.
1050 2691 3039 2882 Nichts liegt mir ferner. Träumen Sie. (Auf
586 2750 942 2933 Agathe:
1063 2884 3013 3060 der Strasse gehen Leute; Gruppen begegnen
1063 3052 3068 3277 einander,gedämpfte Rufe! „Prosit Neujahr!"
1063 3243 3124 3460 Lachen,Versuche, zu singen; dann wieder Stil-
1066 3447 2588 3625 le.- Agathe und Emil schweigen).
