3448 4136
2889 268 3021 445 19
1084 429 3160 579 einmal so. Ich sage Ihnen, wenn zwei Menschen
1066 610 3094 779 nur überhaupt zusammen bleiben, so kommt im-
1066 755 3144 947 mer eine Zeit, wo sie einander wieder finden.
1063 966 3036 1113 Und man verzeiht einander sehr viel, haupt-
1058 1095 3097 1271 sächlich weil es gar nichts unverzeihliches
1055 1313 2392 1474 gibt, wenn es nur vorbei ist.
587 1481 839 1634 Emil:
1039 1521 3152 1673 Nun - warum sind Siedann eigentlich so melan-
1047 1697 2992 1852 cholisch am Fenster gestanden? Sie werden
1045 1868 3097 2002 Ihr Fest eben um zwei Stunden später feiern,
1042 2050 3034 2179 das ist alles, Denn in zwei Stunden fahren
1037 2216 3079 2392 Sie mit Ihrem Mann nach Hause. Ich hingegen
1031 2387 2089 2539 bin und bleibe allein.
582 2552 913 2715 Agathe:
1037 2515 3015 2708 Und doch ist Ihre Sylvesterfeier die schö-
1021 2708 3034 2892 nere. Denn bei jedem Fest kommt es auf das
1024 2923 2971 3042 Morgen an. Und darum gibt es nur Feste, so
1016 3060 2637 3279 lang man auch morgen nachjung ist,
550 3284 829 3421 Emil:
1018 3305 3018 3426 Gnädige Frau, reden Sie doch nicht so - man
