3496 4136
1107 449 3120 595 samkeit der Unsichtbaren ehrlicher sei als
1117 675 1649 808 die Ihre...
1104 795 3130 956 Ich stage es zu hoffen - treten ans Fenster,
644 852 901 977 Emil:
1120 1013 3060 1143 schauen den grössen Bären an - sehen sie,
1122 1166 3075 1325 dort ist er - und träumen von einander, so
1127 1356 3075 1499 lebhaft als nur möglich. Ja, das ist unser
1125 1546 2995 1662 Renez-vous in der Sylvesternacht. Darum
1127 1725 3133 1847 wollte ich eben in mein Zimmer gehen. Aber
1130 1907 3052 2047 von hier aus sieht man den grossen Bären
1125 2088 3218 2268 gleichfalls und nichts hindert mich, zu träu-
1133 2260 3060 2413 men - es sei denn, dass Sie so freundlich
1151 2452 2346 2610 sein wollen, gnädige Frau,
1153 2590 3156 2743 Michts liegt mir ferner. Träumen Sie. (Auf
686 2649 1016 2795 Agathe:
1145 2813 3122 2938 der Strasse gehen Leute; Gruppen begegnen
1153 2972 3133 3120 einander, gedämpfte pufe: „Prosit Neujahr!"
1151 3130 3218 3288 Lachen,Versuche, zu singen; dann wieder Stil
1156 3338 2675 3499 le.- Agathe und Emil schweigen).
