3480 4136
2972 346 3106 498 20
1108 566 3114 704 kann Ihnen wirklich gar nicht zuhören. Sie
1110 765 3213 896 reden vom Altwerden! Sie wissen ja gar nicht,
1126 930 3195 1084 wie jung Sie sind. Während Sie die Geschich-
1139 1082 3108 1275 te Ihrer verstorbenen Freundin erzählten
1139 1328 2019 1477 o gnädige Frau...
1173 1480 3012 1616 (auf den Himmel weisend) Sie vergessen.
676 1521 1019 1655 Agathe:
1150 1666 3064 1776 Mein gnädige Frau; wenn Sie vom Alter re-
676 1707 930 1872 Emil:
1157 1862 2244 2006 den, das ist wirklich...
1155 2006 3192 2160 Koketterie - natürlich. Ja, ich weiss schon,
699 2061 1027 2192 Agathe:
1163 2197 3174 2336 wenn ich wollte - o gewiss, es kostete mich
1171 2394 3190 2524 nicht viel Mühe, einen jungen Mann vom gros-
1178 2561 3161 2703 sen Bären herunterzuholen - vielleicht nur
1184 2752 1642 2912 ein wort.
1176 2904 3234 3053 Ja, nur ein Wort,nur einen plick. Diesen zum
707 2930 972 3093 Emil:
1184 3064 3140 3232 Beispiel. - Warum gestehen Sie mir's denn
1186 3226 3216 3399 nicht ein,gnädige Frau? Sie sind es, Sie wa¬
1197 3404 3229 3603 ren es, die in einer Macht wie heute mit ih-
