3432 4168
2954 411 3087 541 14
1101 604 3037 804 Auf die einfachste Weise von der Welt. Er
638 653 979 802 Agathe:
1096 781 3027 932 wartete im Wagen, nicht weit vom Hausthor,
1096 966 3063 1132 von Mitternacht an, und meine Freundin ver-
1101 1161 2938 1288 liess das Haus, ihre Wohnung, iHre Gäste,
1103 1293 3175 1509 ihren Mann, während man tanzte, spielte, trank.
1103 1496 2426 1679 Wie? Wie konnte sie das tun?
648 1538 908 1694 Emil:
1116 1666 3008 1845 Wie man Alles kann —: indem man es tut.
656 1710 994 1889 Agathe:
1116 1866 3048 2043 Sie eilte zu dem Wagen, in dem er wartete,
1122 2066 1801 2210 und stieg ein.
1124 2212 2173 2389 Unglaublich! Und dann?
656 2243 924 2402 Emil:
1132 2423 2954 2548 Dann fuhren sie zusammen in den Prater.
669 2428 1015 2589 Agathe:
1127 2553 3066 2733 Es... muss wunderschön gewesen sein. Eine
1124 2707 3133 2928 Nacht etwa wie heute, Schnee, überall Schnee
1140 2920 3238 3126 und alles still vor lauter Schnee. Und unten
1148 3071 3235 3274 in der grossen Allee sind sie wahrscheinlich
1161 3295 3061 3443 ausgestiegen und Arm in Arm spazieren ge-
1153 3459 3165 3628 gangen und waren... wahrscheinlich glückli-
