3352 4168
572 497 3063 655 hinaus; der Schnee fällt dicht und kau;zahlreiche er-
562 652 2945 829 leuchtete Fenster gegenüber. Unten fährt ein Wagen
568 854 3066 1028 vorbei wie über einen Teppich. Stimmen tönen gedämpft
565 988 3025 1227 herauf. Der Sohn des Hauses, Jung und blind kommt aus
568 1159 3013 1345 dem Salon und will das Speisezimmer passieren; da er-
562 1395 2438 1569 blickt er Agathe und wendet sich zu ihr.
562 1534 829 1740 Emil:
1019 1541 2911 1749 Haben Sie nicht Angst, sich zu verkühlen,
1016 1736 1662 1935 gnädige Frau?
562 1873 913 2112 Agathe:
1022 1898 2361 2134 O nein; es ist ja ganz mild.
553 2097 820 2292 Emil:
1044 2081 3038 2330 (eine Hand zum Fenster hinaushaltend) Merk-
1022 2280 2923 2473 würdig - der Schnee ist beinah warm. Der
1019 2410 2926 2665 Frühling muss schon in der Nähe sein. Im
1019 2625 2466 2830 übrigen, glückliches neues Jahr.
1022 2839 2966 3010 Danke, gleichfalls. Sagen Sie mir, was wird
553 2827 901 2960 Agathe:
1022 3004 2525 3193 denn jetzt eigentlich geschehen?
550 3168 817 3333 Emil:
1022 3165 1553 3361 In wiefern?
550 3333 951 3563 AAgathe:
1010 3277 3004 3575 Nun, es wird doch auf irgend eine Weise für
