3464 4168
2805 316 2950 484 13
989 558 1966 773 Was fällt Ihnen ein?
548 576 905 793 Agathe:
1012 699 3065 923 Ich sage das, um meinen Verdacht abzulenken.
548 839 806 966 Emil:
1017 910 2930 1104 Sie hatte kein Kind - zu jener Zeit kaum
558 1015 898 1150 Agathe:
1048 1035 3091 1288 einen Gatten. Aber sie waren nun einmal ein
1038 1237 3050 1456 Paar und so gaben sie gemeinschaftlich ein
1046 1423 3063 1647 Fest, so eine Art Familienfest, wie heute in
1066 1581 2879 1813 diesem Hause - ja. Aber er, der, den sie
1079 1841 2275 1994 liebte, war nicht geladen.
1086 1956 2695 2162 Er gehörte eben nicht zur Familie.
617 2073 877 2216 Emil:
1091 2155 3136 2379 Niemand kannte ihn. Der Gatte und er hatten
630 2275 974 2405 Agathe:
1102 2323 3070 2517 sich nie gesehen. Aber meine Freundin
1114 2527 3124 2713 wollte mit ihm zusammen sein,gerade in die-
1132 2688 3088 2897 ser Sylvesternacht - und er mit ihr; denn
1137 2833 3091 3080 sie liebten einander,und da es nun einmal
1160 3012 3210 3264 ein Fest war,wollten sie es zusammen feiern.
1160 3267 2226 3473 Und sie taten es auch,
1165 3448 1849 3662 Ja - aber wie?
704 3493 972 3654 Emil:
