3512 4136
1130 529 2458 716 SVLVESTERNACHT
1127 662 2528 815 ................................................................. 1 1 1/2 1/3
1471 809 1971 968 Ein Dialog
1471 946 2060 1063 näyttäärjään
1665 1105 1847 1235 von
1659 1210 1878 1372 erois
1057 1356 2655 1496 ARTHUR SCHNITZLES.
1057 1468 2617 1617 .................................Wörter.................................
1060 1757 3025 1996 Das geräumige Speisezimmer der Familie, in
589 1980 3079 2136 dem eben ein Souper zu vierundzwanzig Gedecken statt-
592 2181 3076 2343 gefunden hat. Gläser mit Champagner, andere mit rotem
592 2343 2884 2490 und weissem Wein, halbgefüllt, stehen noch auf dem
605 2509 3063 2684 Tisch. Die Sessel in Unordnung. Zwei Kellner, die für
599 2719 3085 2862 den heutigen Abend gemietet worden sind, verschwinden
599 2904 3149 3050 durch die Ausgangstüre. Eine andere Tür, die in den Sa-
599 3072 3158 3238 lon führt, ist angelehnt. Gewirr von Stimmen dringt he-
605 3238 3098 3384 rein. Zwei Fenster sind geschlossen, das dritte steht
608 3451 2996 3591 weit offen. Frau Agathe, die ganz allein ist,blickt
