3480 4120
2922 357 3060 495 17
1081 523 3111 719 stehe hier am Fenster nur, weil die Luft mir
1086 727 3136 918 wohltut. Und dann - da ich weder tanze, noch
1094 959 1823 1107 Karten spiele -
1096 1102 3052 1262 Jedenfalls steht es fest: Auch Sie feiern
627 1153 885 1300 Emil:
1102 1252 3034 1431 Ihren Sylvester nicht an dem rechten Ort.
1119 1471 2976 1606 Auch sie sind nicht - wo sie eigentlich
1119 1680 1767 1810 sein möchten
1137 1816 2774 1966 (lachend) Was fällt Ihnen denn ein!
660 1877 1005 2020 Agathe:
1125 2007 3162 2155 Und ich sage noch mehr: Sie wären mit ihm,
663 2073 908 2216 Emil:
1130 2190 2522 2364 wenn er nicht sehr fern wäre!
1137 2379 1854 2530 Er? Welcher rr?
676 2415 1023 2553 Agathe:
1137 2507 3142 2716 Er, mit dem See in dieser festlichen Stunde
663 2596 933 2746 Emil:
1150 2713 2767 2887 am liebsten zusammen sein möchten.
1148 2856 3144 3050 Sehr fern?... Micht einmal - da drin sitzt
694 2963 1030 3088 Agathe:
1173 3037 3037 3256 er und spielst Whist mit Ihrem Papa und
1165 3279 1935 3420 Herrn Friedmann.
1165 3371 3159 3634 Wieso? Entschuldigen Sie... das ist ja Ihr
699 3493 951 3626 Emil:
