3480 4136
2960 320 3104 467 18
1087 550 1366 705 Mann.
1103 741 1604 912 Natürlich.
638 749 989 899 Agathe:
1108 935 1469 1048 Aber -!
638 950 899 1095 Emil:
1090 1079 3145 1222 Nun ja; er ist's, mit dem ich Sylvester fei-
656 1121 994 1294 Agathe:
1131 1265 3127 1387 ern möchte,- und er spielt Whist mit Ihrem
1116 1428 3171 1591 Papa und Herrn Friedmann. Uebrigens wäre er
1118 1627 3133 1774 nicht sehr geschmeichelt, wenn er jetzt Ihr
1126 1834 3117 1952 Gesicht sähe. Ich bin nicht so romantisch,
1134 1963 3210 2131 wie sie glauben - und wie meine todte Freun-
1121 2198 1539 2317 „din war.
1136 2306 3161 2461 0 gnädige Frau, ich durchschaus Sie ja. Das
679 2381 932 2515 Emil:
1154 2536 3164 2675 ist einfach ein ehrenvoller pückzug, nichts
1157 2714 1542 2856 anderes.
1160 2836 3135 2998 Sie irren sich sehr. Ich versichere Ihnen,
700 2882 1036 3050 Agathe:
1162 3053 3143 3213 dass es keinen Menschen auf der welt gibt,
1160 3210 3034 3386 der mir näher steht, als mein Mann - ja.
1165 3409 3231 3543 Sehen Sie mich nicht so dumm an. Es ist nun
