3512 4120
2971 319 3114 465 13
1131 480 2112 657 Was fällt Ihnen ein?
690 488 1043 675 Agathe:
1160 701 3189 838 Ich sage das, um meinen Verdacht abzulenken.
693 708 952 872 Emil:
1165 893 3078 1002 Sie hatte kein Kind - zu jener Zeit kaum
703 908 1041 1035 Agathe:
1173 1038 3215 1173 einen Gatten. Aber sie waren nun einmal ein
1163 1246 3176 1360 Paar und so gaben sie gemeinschaftlich sin
1165 1391 3181 1528 Fest, so eine Art Familienfest, wie heute in
1176 1599 2989 1754 diesem Hause - ja. Aber er, der, den sie
1165 1793 2369 1938 liebte, war nicht geladen.
1170 1957 2784 2079 Er gehörte eben nicht zur Familie.
695 1962 958 2099 Emil:
1170 2133 3226 2278 Niemand kannte ihn. Der Gatte und or hatten
706 2159 1051 2315 Agathe:
1186 2341 3137 2442 sich nie gesehen. Aber meine Freundin
1183 2481 3207 2642 wollte mit ihm zusammen sein, gerade in die-
1183 2683 3143 2795 ser Sylvesternacht - und er mit ihr; denn
1189 2839 3148 3018 sie liebten einander, und da es nun einmal
1189 3002 3277 3194 ein Fest war,wollten sie es zusammen feiern.
1194 3215 2260 3361 Und sie taten es auch.
1181 3402 1868 3571 Ja - aber wie?
724 3415 984 3553 Emil:
