3560 4152
672 643 3142 837 Die Zuschauer aber wollten sich noch nicht beruhigen.
659 840 3207 1025 Hinter der Orchestertüre stand die Direktorin. "Gerade
2580 947 2744 1041 L'armi
666 1025 3026 1186 heute," rief sie aus, "gerade heute der, wenn
653 1151 3168 1348 Seine Durchlaucht zugegen ist! Hat er denn nicht sel-
659 1319 1584 1497 ber gehen können? „
659 1461 3203 1626 Die zwei Männer legten den Flötenspieler in dem schma
679 1610 3097 1797 len Gange, der zur Strasse führte auf den Boden und
679 1765 3110 1972 blieben ruhig stehen. Der Schlag hat ihn getroffen,
682 1923 3097 2091 sagte der eine. Die Frau Direktorin betrachtete den
679 2085 3110 2272 Sterbenden. Bis hieher hörte man das Murmeln des Pu
689 2211 3232 2421 blikums. Zetzt mamen auch einige Herren herzu, fragten
692 2402 3152 2554 erkundigten sich sehr besorgt.“Ach," meinte die Frau
679 2508 3207 2735 Direktorin, "es ist nichts, ich bitte recht sehr sich
682 2670 3103 2883 nicht weiter zu bemühen, es ist wirklich nichts. Er
701 2877 3255 3035 schlägt schon die Augen auf. Das Nötige ist schon ver
705 3019 2502 3181 anlasst. Ist der Doktor verständigt.?"
714 3145 3058 3326 "Der Müller ist um ihn gegangen,“ erwiderte ein Ar
711 3313 1067 3517 beiter.
695 3468 3297 3740 Nun kamen auch Leute von der Strasse herein. Die Direk¬
