3656 4104
3081 436 3204 598 10
734 608 2754 817 "wie sich der erkrankte Musikant befindet.
724 774 3177 956 "Bitte sehr Seiner Durchbaucht ehrfurchtsvollen Dank
721 932 3303 1154 zu melden, " entgegnete die Direktorin mit etwas ge¬
704 1078 3359 1283 presster Stimme, "dem Mustkanten geht es schon besser. "
717 1230 3187 1465 Der Lakat ging ab. Und nun dankte sie für die freund
721 1385 3191 1584 liche Teilnahme und bat höflichst sich aus dem engen
731 1534 3220 1749 Gang, wo es ja ohnehin so unbequem sei, zu entfernen.
724 1706 3148 1931 Die Herren aus dem Publikum waren bewegt. Es war s
737 1858 3392 2099 seltsam, dass sie nun wieder ins Theater zurück sollten
734 2023 3200 2192 zu einem lustigen Stück, und sie fanden darin wieder
747 2162 3349 2357 einmal einen Beweis dafür, was das Leben für ein selt —
754 2261 3177 2509 sames und widerspruchsvolles Ding wäre. Und langsam
770 2450 3121 2668 gingen ste. Die Türe gegen die Strasse zu war weit
770 2622 3220 2800 offen. Spastergänger, die die Unruhe und Bewegung in
764 2787 3346 2969 dem Gange bemerkt hatten, blieben davor stehen. Die wei
764 2939 3372 3131 che Luft des Frühlingsabends zog herein. Die Direktorin
760 3111 3270 3263 wandte sich an die Umstehenden aus dem Publikum. "Man
770 3227 3181 3452 braucht es im Hause nicht zu erfahren, nicht wahr?“
757 3462 1313 3670 meinte sie.
