3560 4152
2987 604 3123 727 11
695 679 2405 915 „Nein, nein, sie würden nichts sagen.
701 844 2356 1044 "Hat er Familie?" fragte der Doktor.
692 1009 3229 1183 "Nein," erwiderte die Direktorin, " es ist ja der Wen -
679 1151 1135 1361 delmayer."
679 1312 3061 1500 "Ach richtig, der Wendelmyer," sagte der Doktor mit
666 1500 3171 1671 einem ganz beruhigten Ausdrucke, als wenn er hätte sa
659 1636 3136 1849 gen wollen: Die Wendelmayers mögen nur ruhig sterben,
666 1849 3058 2030 das tut nichts. Und er stand auf und hing die Oel -
643 1991 3226 2137 lampe wieder an die Wand. Zwet Arbeiter waren gekommen,
656 2153 3255 2285 draussen stand die Bahre bereit und sie hoben den Toten
653 2324 1965 2483 auf, um ihn darauf zu legen.
640 2434 3174 2605 Im Theater war es ruhiger geworden. Die Musik spielte.
634 2599 3200 2816 Man erwartete den Anfang des zweiten Aktes. Die Herren
637 2748 3187 2890 welche den Toten gesehen hatten, waren gefasst und wür
643 2903 3148 3097 dig und wenn man sie nach dem Befinden des Musikanten
653 3097 3158 3255 fragte, so antworteten sie ernst und beruhigend. Eben
637 3252 3165 3397 ging der Vorhang auf, als die Türe der fürstlichen Lo
640 3368 3168 3540 ge geöffnet wurde und man einen Lakaten eintreten sah.
624 3504 3029 3698 Der Fürst wandte sich zu ihm um: "Der Musikant be-
