3560 4168
2939 512 3069 674 12
715 658 2876 896 findet sich wohl, Hoheit,“ sagte der Bediente.
705 842 3254 1007 Der Fürst sah wieder hinunter ins Publihum, aus dem et
715 991 3200 1157 nige Köpfe sich zu ihn wandten. Er glaubte eine Fra -
721 1150 3117 1354 ge darin zu lesen und nichte freundlich Antwort. Er
715 1268 3120 1493 teilte, seinem getreuen Volke durch ein beruhigendes
715 1465 3200 1592 Lächeln mit, dass sich der Flötenspieler Florian Wen
718 1621 2275 1818 delmayer vollkommen wohl befinde.
1586 2234 2034 2396 En de.
2806 2307 3047 2510 1888-
