3560 4136
762 516 3300 860 e und die Direktorin stürzte von der Bühne zur Türe des
703 785 3284 1021 Orchesters heraus. Man wusste es schon. Einem Flötisten
699 975 3244 1133 war unwohl geworden. Der Kapellmeister schlug noch im
686 1071 3100 1261 mer Takt, aber man spielte nicht mehr. Aller Augen
690 1274 3267 1442 richteten sich nach der Türe des Orchesters. Zwei The -
699 1435 3287 1553 aterdiener waren dort zu sehen und zwischen Tromm —
699 1553 3294 1714 Ier und Posaunisten schritten sie zu dem Platze hin, wo
2923 1652 3014 1731 G.F.P.
699 1685 3271 1862 Florian Wendelmyer lag. Sie hoben ihn auf, er hatte di¬
690 1829 3241 2069 Augen halb offen, seine Unterlippe hing schlaff herab.
703 2013 3024 2217 Sie nahmen ihn bei den Armen, legtennsie auf ihre
699 2157 3297 2368 Schultern, X### fassten ihn um den Rüchen und schleppten
696 2331 3123 2525 ihn so hinaus. Man konnte vom Zuschauerraum glauben
706 2506 3169 2676 er ginge selbst. „Was ists, was gibts?" flüsterte man
713 2630 3349 2847 im Publikum. "Es ist nichts, mein, nein, wirklich nicht
709 2791 3106 3008 ein Musikant ist unwohl, er kann ja selber gehen. „
706 2991 3169 3169 Und kaum hat sich die Orchestertüre geschlossen, so
719 3083 900 3179 dans M.
716 3113 3136 3310 tat der Kapellmeister zwei Schläge auf das Pult und
709 3244 3271 3477 die Musik bekann zu spielen. Der andre Flöttst hob Flu¬
706 3425 3317 3671 dans Stuhl auf und legte die Flöte des Kollegen darauf
