3576 4104
695 526 3249 712 torin war verzweifelt. "Ich bitte recht sehr kein Auf-
682 660 3229 855 sehen zu machen, es ist ja nichts geschehen. Ich bitte
679 872 3177 983 die Herrschaften sich zu entfernen. Wo nur der Doktor
676 1028 1110 1166 bleibt?“
663 1042 3193 1313 Eben ham er. Man machte ihm Platz. "Aber was ist denn
673 1277 3187 1499 das," sagte er "man legt doch einen Kranken nicht auf
676 1476 3082 1698 den Fussboden, das ist ja unglaublich. Trage holen,
676 1603 1028 1779 rasch.“
676 1714 2609 1966 "Trage holen," wiederholte die Direktorin.
673 1887 3291 2135 Der Doktor beugte sich zu dem Flösisten nieder und fühl
679 2041 3085 2253 te ihm den Puls. Es war ganz still in dem Raum, und
682 2204 2984 2449 vom Zuschauerraum drang ein dumpfes Gemurmel her.
699 2406 3321 2599 "Ich bitte um Licht," sagte der Doktor, "ich sehe nichts.
669 2566 3268 2746 Ein Herr nahm das Oellämpchen von der Wand. Ein schwa
676 2703 3161 2932 cher Schein fiel auf das Antlitz Florian Wendelmyers.
660 2827 3095 3010 Der Doktor betrachtete es aufmerksam, indem er noch
679 2961 3294 3154 immer den Puls hielt." Der Mann ist ja tot," rief er aus.
660 3115 3187 3311 täkkein läänissä wässä sekä
673 3311 3203 3474 Während alle erschroche dastanden, trat ein Lakai ein.
705 3438 3304 3650 "Seine Durchlaucht geruhen sich zu erkundigen," sagte er
