3352 4168
905 732 2015 946 Der Fürst ist im Hause.
1911 962 2084 1154 von
2078 1081 2946 1342 Arthur Schnttzler.
1226 1518 2914 1786 Florian Wendelmayer sass auf seinem
556 1691 3002 1949 Platze im Orchester, die Flöte an den Lippen und sah
569 1814 3100 2144 aufmerksam auf den Kapellmeister hin, der eben zweimal
572 2034 2820 2251 mit dem Taktstocke auf sein Pult geklopft hatte.
569 2157 3027 2427 Im ganzen Hause war es still geworden. Die Ouver
582 2333 3040 2565 ture begann. Florian Wendelmyer blies die Flöte, wie
597 2436 3097 2722 alle Tage seit siebzehn Jahren. Er sah nicht mehr auf
613 2660 3012 2905 das Notenblatt; hundertmale hatten sie ja schon das
632 2738 3128 3040 selbe Stück gespielt, er kannte es auswendig. Ganz me
635 2949 2987 3238 chanisch blies er seinen Part. Er hörte eigentlich
638 3122 2933 3336 nicht einmal zu. Seit stebzehn Jahren sass er da
654 3229 3159 3508 auf demselben Stuhle, vor demseilben Pulte. Drei Kolle
657 3414 3119 3700 gen hatten schon neben ihm gesessen und geblasen. Ei
