<?xml version="1.0" encoding="UTF-8" standalone="yes"?>
<PcGts xmlns="http://schema.primaresearch.org/PAGE/gts/pagecontent/2013-07-15" xmlns:xsi="http://www.w3.org/2001/XMLSchema-instance" xsi:schemaLocation="http://schema.primaresearch.org/PAGE/gts/pagecontent/2013-07-15 http://schema.primaresearch.org/PAGE/gts/pagecontent/2013-07-15/pagecontent.xsd">
    <Metadata>
        <Creator>prov=READ-COOP:name=TrHtr:version=2.1.0:model_id=51170:date=14_08_2023_17:43</Creator>
        <Created>2023-05-10T14:39:53.489+02:00</Created>
        <LastChange>2023-08-14T17:43:07.926+02:00</LastChange>
        <TranskribusMetadata docId="1428644" pageId="55422806" pageNr="6" tsid="132819158" status="IN_PROGRESS" userId="64420" imgUrl="https://files.transkribus.eu/Get?id=TAETTMXLXIZENIVDYPVKYXDO&amp;fileType=view" xmlUrl="https://files.transkribus.eu/Get?id=KVWECGQTYSLNUFDTRJQNTSSF" imageId="44696885"/>
    </Metadata>
    <Page imageFilename="1428644_0006.jpg" imageWidth="3304" imageHeight="4040">
        <ReadingOrder>
            <OrderedGroup id="ro_1711815432359" caption="Regions reading order">
                <RegionRefIndexed index="0" regionRef="tr_1"/>
                <RegionRefIndexed index="1" regionRef="tr_2"/>
            </OrderedGroup>
        </ReadingOrder>
        <TextRegion id="tr_1" custom="readingOrder {index:0;}">
            <Coords points="566,686 3201,686 3201,2059 566,2059"/>
            <TextLine id="tr_1_tl_1" custom="readingOrder {index:0;}">
                <Coords points="1509,794 1980,784 2036,830 2162,771 2254,811 2985,768 2992,534 2623,643 2402,606 2194,662 2010,600 1911,649 1769,603 1516,649"/>
                <Baseline points="1530,778 1563,778 1608,778 1652,778 1697,778 1742,775 1787,775 1832,775 1876,772 1921,769 1966,769 2011,769 2055,766 2100,763 2145,763 2190,766 2234,766 2279,766 2324,760 2369,757 2413,757 2458,757 2503,757 2548,754 2592,751 2637,751 2682,751 2727,748 2771,745 2816,745 2861,745 2906,742 2950,739 2995,736"/>
                <TextEquiv>
                    <Unicode>All das war lange vorüber, auch</Unicode>
                </TextEquiv>
            </TextLine>
            <TextLine id="tr_1_tl_2" custom="readingOrder {index:1;}">
                <Coords points="587,988 2929,932 2933,761 1035,830 593,761"/>
                <Baseline points="608,951 611,951 656,954 701,954 745,951 790,954 835,951 880,951 924,951 969,948 1014,948 1059,948 1103,948 1148,945 1193,945 1238,945 1283,945 1327,945 1372,945 1417,945 1462,939 1506,939 1551,936 1596,936 1641,936 1685,936 1730,933 1775,930 1820,930 1864,927 1909,927 1954,927 1999,924 2043,924 2088,921 2133,921 2178,921 2222,921 2267,918 2312,916 2357,916 2401,913 2446,913 2491,916 2536,910 2580,910 2625,907 2670,904 2715,904 2759,901 2804,898 2849,898 2894,898 2938,895"/>
                <TextEquiv>
                    <Unicode>der Schmerz, dass es entschwunden war, lang vorküber</Unicode>
                </TextEquiv>
            </TextLine>
            <TextLine id="tr_1_tl_3" custom="readingOrder {index:2;}">
                <Coords points="560,1193 2705,1101 2804,1074 2807,916 567,972"/>
                <Baseline points="581,1115 620,1115 665,1115 710,1115 754,1115 799,1112 844,1112 889,1112 933,1109 978,1109 1023,1109 1068,1106 1112,1106 1157,1103 1202,1103 1247,1103 1291,1101 1336,1098 1381,1098 1426,1098 1470,1098 1515,1095 1560,1095 1605,1092 1650,1092 1694,1092 1739,1092 1784,1092 1829,1089 1873,1086 1918,1086 1963,1083 2008,1080 2052,1080 2097,1080 2142,1077 2187,1077 2231,1074 2276,1074 2321,1077 2366,1074 2410,1074 2455,1074 2500,1071 2545,1071 2589,1068 2634,1065 2679,1065 2724,1062 2768,1062 2813,1062"/>
                <TextEquiv>
                    <Unicode>Nun spielte er seine Flöte und tat seine Pflicht</Unicode>
                </TextEquiv>
            </TextLine>
            <TextLine id="tr_1_tl_4" custom="readingOrder {index:3;}">
                <Coords points="1809,1180 1848,1186 1872,1173 1911,1180 1990,1176 1993,1101 1970,1094 1941,1110 1931,1097 1911,1097 1901,1107 1858,1094 1839,1104 1816,1101"/>
                <Baseline points="1832,1169 1864,1169 1909,1169 1954,1163 1999,1163"/>
                <TextEquiv>
                    <Unicode>G.H.F.P.</Unicode>
                </TextEquiv>
            </TextLine>
            <TextLine id="tr_1_tl_5" custom="readingOrder {index:4;}">
                <Coords points="560,1298 2079,1295 2389,1239 2392,1163 563,1189"/>
                <Baseline points="581,1271 608,1268 653,1268 698,1271 742,1274 787,1271 832,1271 877,1268 921,1265 966,1265 1011,1265 1056,1262 1101,1262 1145,1259 1190,1262 1235,1262 1280,1259 1324,1259 1369,1259 1414,1259 1459,1256 1503,1256 1548,1253 1593,1250 1638,1250 1682,1250 1727,1250 1772,1250 1817,1250 1861,1247 1906,1244 1951,1244 1996,1241 2040,1241 2085,1238 2130,1235 2175,1235 2219,1232 2264,1232 2309,1229 2354,1229 2398,1226"/>
                <TextEquiv>
                    <Unicode>rühig und dürftig floss sein Leben hin.</Unicode>
                </TextEquiv>
            </TextLine>
            <TextLine id="tr_1_tl_6" custom="readingOrder {index:5;}">
                <Coords points="547,1450 2735,1374 3153,1473 3196,1262 550,1285"/>
                <Baseline points="566,1432 605,1432 650,1429 695,1429 739,1429 784,1429 829,1426 874,1426 918,1423 963,1420 1008,1420 1053,1417 1098,1417 1142,1417 1187,1417 1232,1414 1277,1411 1321,1411 1366,1411 1411,1411 1456,1414 1500,1411 1545,1408 1590,1408 1635,1405 1679,1405 1724,1402 1769,1402 1814,1399 1858,1399 1903,1396 1948,1396 1993,1393 2037,1393 2082,1396 2127,1393 2172,1393 2216,1390 2261,1387 2306,1387 2351,1387 2395,1384 2440,1384 2485,1381 2530,1384 2574,1381 2619,1378 2664,1375 2709,1372 2754,1372 2798,1372 2843,1372 2888,1369 2933,1369 2977,1366 3022,1366 3067,1363 3112,1363 3156,1360 3201,1357"/>
                <TextEquiv>
                    <Unicode>Das ganze Haus lachte. Auch Florian lächelte - er lächel¬</Unicode>
                </TextEquiv>
            </TextLine>
            <TextLine id="tr_1_tl_7" custom="readingOrder {index:6;}">
                <Coords points="560,1598 2689,1588 2952,1549 2956,1394 1239,1423 1058,1522 563,1519"/>
                <Baseline points="578,1581 587,1581 632,1584 677,1581 722,1581 766,1581 811,1578 856,1578 901,1575 945,1575 990,1572 1035,1572 1080,1572 1124,1572 1169,1569 1214,1569 1259,1569 1303,1569 1348,1566 1393,1566 1438,1563 1482,1563 1527,1560 1572,1560 1617,1557 1661,1557 1706,1554 1751,1554 1796,1554 1840,1551 1885,1551 1930,1551 1975,1548 2020,1548 2064,1548 2109,1548 2154,1545 2199,1545 2243,1542 2288,1542 2333,1539 2378,1539 2422,1536 2467,1536 2512,1536 2557,1536 2601,1533 2646,1533 2691,1533 2736,1530 2780,1530 2825,1530 2870,1527 2915,1524 2959,1527"/>
                <TextEquiv>
                    <Unicode>te zum hundertstenmal über dieselben dummen Spüsse.</Unicode>
                </TextEquiv>
            </TextLine>
            <TextLine id="tr_1_tl_8" custom="readingOrder {index:7;}">
                <Coords points="557,1776 2758,1710 2863,1687 2867,1539 560,1608"/>
                <Baseline points="575,1736 590,1736 635,1736 680,1736 725,1736 769,1733 814,1730 859,1730 904,1727 948,1724 993,1724 1038,1724 1083,1724 1127,1721 1172,1718 1217,1718 1262,1721 1306,1718 1351,1715 1396,1715 1441,1709 1485,1712 1530,1712 1575,1715 1620,1712 1664,1709 1709,1709 1754,1709 1799,1709 1843,1706 1888,1703 1933,1703 1978,1700 2022,1697 2067,1697 2112,1694 2157,1694 2202,1694 2246,1691 2291,1691 2336,1691 2381,1688 2425,1688 2470,1685 2515,1685 2560,1682 2604,1682 2649,1679 2694,1676 2739,1676 2783,1676 2828,1670 2873,1658"/>
                <TextEquiv>
                    <Unicode>Der Aktschluss war nahe. Die niedere Orchestertür</Unicode>
                </TextEquiv>
            </TextLine>
            <TextLine id="tr_1_tl_9" custom="readingOrder {index:8;}">
                <Coords points="573,1898 3002,1872 3005,1684 577,1779"/>
                <Baseline points="596,1888 638,1891 683,1894 728,1891 772,1888 817,1885 862,1885 907,1882 951,1882 996,1879 1041,1879 1086,1879 1130,1879 1175,1876 1220,1876 1265,1876 1309,1870 1354,1870 1399,1870 1444,1870 1488,1870 1533,1870 1578,1864 1623,1864 1667,1864 1712,1867 1757,1864 1802,1861 1846,1858 1891,1858 1936,1858 1981,1855 2025,1855 2070,1852 2115,1852 2160,1852 2204,1852 2249,1852 2294,1852 2339,1849 2384,1849 2428,1843 2473,1843 2518,1843 2563,1843 2607,1843 2652,1840 2697,1840 2742,1837 2786,1837 2831,1835 2876,1832 2921,1829 2965,1829 3010,1829"/>
                <TextEquiv>
                    <Unicode>öffnete sich und die Musiker erschienen wieder. Alle</Unicode>
                </TextEquiv>
            </TextLine>
            <TextLine id="tr_1_tl_10" custom="readingOrder {index:9;}">
                <Coords points="573,2079 2896,2046 2989,1878 1384,1875 880,1964 577,1898"/>
                <Baseline points="590,2043 623,2049 668,2049 713,2046 757,2046 802,2043 847,2043 892,2043 936,2040 981,2040 1026,2040 1071,2037 1115,2040 1160,2040 1205,2037 1250,2037 1294,2037 1339,2034 1384,2034 1429,2031 1473,2028 1518,2028 1563,2025 1608,2022 1652,2022 1697,2022 1742,2020 1787,2020 1832,2017 1876,2017 1921,2017 1966,2014 2011,2014 2055,2014 2100,2014 2145,2011 2190,2011 2234,2008 2279,2008 2324,2005 2369,2005 2413,2002 2458,2002 2503,1999 2548,2002 2592,1999 2637,1999 2682,1996 2727,1996 2771,1993 2816,1993 2861,1993 2906,1990 2950,1990 2995,1990"/>
                <TextEquiv>
                    <Unicode>bückten sich, nicht an den Hürpfesten anzustossen.</Unicode>
                </TextEquiv>
            </TextLine>
        </TextRegion>
        <TextRegion id="tr_2" custom="readingOrder {index:1;}">
            <Coords points="584,2089 3132,2089 3132,3486 584,3486"/>
            <TextLine id="tr_2_tl_1" custom="readingOrder {index:0;}">
                <Coords points="570,2221 2896,2178 3018,2165 3022,1993 573,2086"/>
                <Baseline points="587,2207 608,2204 653,2204 698,2204 742,2202 787,2202 832,2199 877,2199 921,2196 966,2196 1011,2196 1056,2196 1101,2193 1145,2193 1190,2193 1235,2190 1280,2190 1324,2190 1369,2187 1414,2187 1459,2187 1503,2184 1548,2181 1593,2181 1638,2181 1682,2178 1727,2178 1772,2178 1817,2178 1861,2178 1906,2178 1951,2175 1996,2175 2040,2172 2085,2172 2130,2169 2175,2166 2219,2166 2264,2166 2309,2163 2354,2160 2398,2157 2443,2157 2488,2157 2533,2154 2577,2154 2622,2154 2667,2151 2712,2151 2756,2148 2801,2148 2846,2145 2891,2145 2936,2145 2980,2139 3025,2139"/>
                <TextEquiv>
                    <Unicode>ausser dem kleinen Contrbassisten, der hocherhobenen</Unicode>
                </TextEquiv>
            </TextLine>
            <TextLine id="tr_2_tl_2" custom="readingOrder {index:1;}">
                <Coords points="567,2395 3094,2346 3097,2178 1328,2191 969,2313 573,2218"/>
                <Baseline points="584,2354 599,2357 644,2357 689,2357 734,2357 778,2354 823,2354 868,2351 913,2351 957,2348 1002,2348 1047,2348 1092,2345 1136,2345 1181,2345 1226,2342 1271,2342 1315,2339 1360,2339 1405,2339 1450,2339 1494,2336 1539,2336 1584,2333 1629,2330 1673,2330 1718,2330 1763,2330 1808,2327 1852,2327 1897,2324 1942,2321 1987,2318 2031,2321 2076,2318 2121,2315 2166,2312 2210,2309 2255,2306 2300,2303 2345,2303 2389,2300 2434,2300 2479,2297 2524,2297 2569,2297 2613,2297 2658,2297 2703,2297 2748,2297 2792,2294 2837,2291 2882,2291 2927,2291 2971,2288 3016,2285 3061,2282 3106,2270"/>
                <TextEquiv>
                    <Unicode>Hauptes seinem Platze zuschritt.Auch der Kapellmeister</Unicode>
                </TextEquiv>
            </TextLine>
            <TextLine id="tr_2_tl_3" custom="readingOrder {index:2;}">
                <Coords points="583,2527 2959,2494 2982,2316 587,2386"/>
                <Baseline points="602,2518 614,2515 659,2515 704,2515 748,2515 793,2515 838,2515 883,2512 927,2515 972,2512 1017,2509 1062,2506 1106,2506 1151,2506 1196,2503 1241,2503 1285,2503 1330,2500 1375,2500 1420,2497 1465,2497 1509,2497 1554,2494 1599,2494 1644,2491 1688,2491 1733,2491 1778,2488 1823,2485 1867,2488 1912,2488 1957,2485 2002,2482 2046,2479 2091,2479 2136,2476 2181,2476 2225,2473 2270,2473 2315,2470 2360,2470 2404,2470 2449,2470 2494,2467 2539,2470 2583,2467 2628,2467 2673,2464 2718,2464 2762,2461 2807,2458 2852,2458 2897,2455 2941,2455 2986,2455"/>
                <TextEquiv>
                    <Unicode>trat ein, setzte sich auf seinen erhöhten Stuhl und</Unicode>
                </TextEquiv>
            </TextLine>
            <TextLine id="tr_2_tl_4" custom="readingOrder {index:3;}">
                <Coords points="583,2718 3018,2652 3104,2636 3107,2471 587,2531"/>
                <Baseline points="602,2676 647,2676 692,2673 736,2673 781,2670 826,2667 871,2667 916,2667 960,2670 1005,2667 1050,2667 1095,2667 1139,2661 1184,2661 1229,2658 1274,2658 1318,2655 1363,2655 1408,2655 1453,2652 1497,2649 1542,2649 1587,2646 1632,2646 1676,2646 1721,2646 1766,2643 1811,2643 1855,2643 1900,2643 1945,2640 1990,2640 2034,2640 2079,2640 2124,2634 2169,2634 2213,2637 2258,2631 2303,2631 2348,2631 2392,2628 2437,2628 2482,2628 2527,2625 2571,2622 2616,2622 2661,2619 2706,2622 2751,2619 2795,2619 2840,2619 2885,2619 2930,2616 2974,2616 3019,2616 3064,2613 3109,2607"/>
                <TextEquiv>
                    <Unicode>nahm des Taktstock zur Hand, um sofort betr Fallen des</Unicode>
                </TextEquiv>
            </TextLine>
            <TextLine id="tr_2_tl_5" custom="readingOrder {index:4;}">
                <Coords points="593,2847 2860,2814 2959,2791 2962,2633 596,2765"/>
                <Baseline points="611,2837 641,2834 686,2834 731,2834 775,2834 820,2834 865,2831 910,2831 954,2828 999,2828 1044,2825 1089,2825 1133,2825 1178,2822 1223,2819 1268,2816 1312,2816 1357,2813 1402,2813 1447,2813 1491,2810 1536,2810 1581,2807 1626,2807 1670,2804 1715,2804 1760,2804 1805,2804 1849,2801 1894,2801 1939,2798 1984,2798 2028,2798 2073,2795 2118,2795 2163,2792 2207,2792 2252,2795 2297,2789 2342,2789 2387,2789 2431,2789 2476,2786 2521,2786 2566,2783 2610,2783 2655,2783 2700,2783 2745,2777 2789,2777 2834,2777 2879,2774 2924,2771 2968,2771"/>
                <TextEquiv>
                    <Unicode>Vorhangs das Zeichen zum Beginn der Musik zu geben.</Unicode>
                </TextEquiv>
            </TextLine>
            <TextLine id="tr_2_tl_6" custom="readingOrder {index:5;}">
                <Coords points="577,2998 3028,2982 3035,2817 580,2936"/>
                <Baseline points="596,2986 620,2986 665,2986 710,2986 754,2983 799,2983 844,2980 889,2980 933,2980 978,2980 1023,2980 1068,2977 1112,2974 1157,2974 1202,2974 1247,2971 1291,2971 1336,2968 1381,2968 1426,2968 1470,2965 1515,2962 1560,2959 1605,2959 1650,2959 1694,2959 1739,2956 1784,2953 1829,2956 1873,2953 1918,2953 1963,2950 2008,2950 2052,2950 2097,2950 2142,2950 2187,2947 2231,2947 2276,2944 2321,2944 2366,2944 2410,2941 2455,2941 2500,2941 2545,2944 2589,2941 2634,2938 2679,2938 2724,2938 2768,2936 2813,2933 2858,2930 2903,2930 2947,2924 2992,2921 3037,2918"/>
                <TextEquiv>
                    <Unicode>Der Vorhang senkte sich unter lebhaftem Applaus. Und</Unicode>
                </TextEquiv>
            </TextLine>
            <TextLine id="tr_2_tl_7" custom="readingOrder {index:6;}">
                <Coords points="587,3160 3025,3127 3084,2962 590,3097"/>
                <Baseline points="608,3150 626,3150 671,3150 716,3150 760,3147 805,3147 850,3147 895,3141 939,3141 984,3141 1029,3138 1074,3138 1118,3138 1163,3135 1208,3135 1253,3135 1297,3135 1342,3129 1387,3129 1432,3126 1476,3126 1521,3126 1566,3123 1611,3123 1655,3121 1700,3121 1745,3118 1790,3118 1835,3115 1879,3118 1924,3118 1969,3115 2014,3115 2058,3115 2103,3112 2148,3112 2193,3112 2237,3112 2282,3109 2327,3106 2372,3109 2416,3103 2461,3103 2506,3100 2551,3100 2595,3097 2640,3097 2685,3097 2730,3097 2774,3094 2819,3094 2864,3091 2909,3091 2953,3091 2998,3088 3043,3088 3088,3088"/>
                <TextEquiv>
                    <Unicode>schon fiel das Orchester ein; das Lachen und Plaudern</Unicode>
                </TextEquiv>
            </TextLine>
            <TextLine id="tr_2_tl_8" custom="readingOrder {index:7;}">
                <Coords points="593,3335 2893,3292 3124,3262 3127,3097 596,3255"/>
                <Baseline points="614,3308 626,3308 671,3308 716,3308 760,3308 805,3305 850,3305 895,3305 939,3305 984,3303 1029,3300 1074,3300 1118,3300 1163,3297 1208,3297 1253,3294 1297,3294 1342,3291 1387,3291 1432,3288 1476,3288 1521,3285 1566,3285 1611,3285 1655,3282 1700,3285 1745,3282 1790,3279 1835,3279 1879,3276 1924,3276 1969,3276 2014,3276 2058,3273 2103,3273 2148,3273 2193,3270 2237,3270 2282,3270 2327,3270 2372,3267 2416,3267 2461,3264 2506,3264 2551,3261 2595,3261 2640,3261 2685,3261 2730,3261 2774,3258 2819,3258 2864,3255 2909,3255 2953,3255 2998,3252 3043,3252 3088,3249 3132,3243"/>
                <TextEquiv>
                    <Unicode>im Zuschauerraum mischte sich darein. Es war ganz selt</Unicode>
                </TextEquiv>
            </TextLine>
            <TextLine id="tr_2_tl_9" custom="readingOrder {index:8;}">
                <Coords points="590,3562 2049,3532 2797,3615 3078,3522 3084,3272 2310,3391 596,3424"/>
                <Baseline points="611,3476 626,3476 671,3476 716,3473 760,3470 805,3470 850,3467 895,3467 939,3464 984,3464 1029,3464 1074,3461 1118,3461 1163,3458 1208,3455 1253,3455 1297,3455 1342,3455 1387,3455 1432,3458 1476,3455 1521,3455 1566,3449 1611,3449 1655,3446 1700,3443 1745,3443 1790,3440 1835,3440 1879,3440 1924,3440 1969,3437 2014,3437 2058,3437 2103,3434 2148,3434 2193,3434 2237,3434 2282,3431 2327,3431 2372,3431 2416,3431 2461,3428 2506,3425 2551,3425 2595,3425 2640,3422 2685,3422 2730,3419 2774,3419 2819,3416 2864,3416 2909,3416 2953,3416 2998,3413 3043,3413 3088,3407"/>
                <TextEquiv>
                    <Unicode>sam lärmend heute, so schien es wenigstens dem Florin</Unicode>
                </TextEquiv>
            </TextLine>
        </TextRegion>
    </Page>
</PcGts>
