<?xml version="1.0" encoding="UTF-8" standalone="yes"?>
<PcGts xmlns="http://schema.primaresearch.org/PAGE/gts/pagecontent/2013-07-15" xmlns:xsi="http://www.w3.org/2001/XMLSchema-instance" xsi:schemaLocation="http://schema.primaresearch.org/PAGE/gts/pagecontent/2013-07-15 http://schema.primaresearch.org/PAGE/gts/pagecontent/2013-07-15/pagecontent.xsd">
    <Metadata>
        <Creator>prov=READ-COOP:name=TrHtr:version=2.1.0:model_id=51170:date=14_08_2023_17:43</Creator>
        <Created>2023-05-10T14:39:53.621+02:00</Created>
        <LastChange>2023-08-14T17:43:08.234+02:00</LastChange>
        <TranskribusMetadata docId="1428644" pageId="55422813" pageNr="7" tsid="132819160" status="IN_PROGRESS" userId="64420" imgUrl="https://files.transkribus.eu/Get?id=RWMHAWZLEQZUUOZRTMQQNULH&amp;fileType=view" xmlUrl="https://files.transkribus.eu/Get?id=TGNVVKQMCRMDVHGQNNYVQHEV" imageId="44696892"/>
    </Metadata>
    <Page imageFilename="1428644_0007.jpg" imageWidth="3560" imageHeight="4152">
        <ReadingOrder>
            <OrderedGroup id="ro_1711815435893" caption="Regions reading order">
                <RegionRefIndexed index="0" regionRef="tr_1"/>
                <RegionRefIndexed index="1" regionRef="tr_2"/>
            </OrderedGroup>
        </ReadingOrder>
        <TextRegion id="tr_1" custom="readingOrder {index:0;}">
            <Coords points="776,666 3355,666 3355,2335 776,2335"/>
            <TextLine id="tr_1_tl_1" custom="readingOrder {index:0;}">
                <Coords points="760,803 3238,803 3241,633 3163,616 1121,692 764,629"/>
                <Baseline points="779,761 785,758 829,758 874,758 919,758 964,758 1008,755 1053,755 1098,758 1143,755 1187,755 1232,755 1277,755 1322,755 1367,752 1411,752 1456,752 1501,749 1546,749 1590,749 1635,749 1680,746 1725,746 1770,746 1814,746 1859,746 1904,743 1949,740 1993,740 2038,740 2083,740 2128,737 2173,740 2217,740 2262,737 2307,734 2352,734 2396,734 2441,734 2486,734 2531,734 2575,731 2620,731 2665,731 2710,731 2755,728 2799,725 2844,725 2889,725 2934,725 2978,722 3023,722 3068,722 3113,722 3158,719 3202,716 3247,716"/>
                <TextEquiv>
                    <Unicode>Wendelmyer. Es war auch heisser als sonst, und als er</Unicode>
                </TextEquiv>
            </TextLine>
            <TextLine id="tr_1_tl_2" custom="readingOrder {index:1;}">
                <Coords points="764,977 2225,895 3176,967 3179,787 767,806"/>
                <Baseline points="785,916 814,916 859,916 904,916 949,916 993,916 1038,916 1083,916 1128,913 1173,913 1217,913 1262,913 1307,910 1352,910 1396,910 1441,904 1486,904 1531,904 1576,904 1620,904 1665,901 1710,901 1755,901 1799,898 1844,898 1889,898 1934,898 1978,898 2023,898 2068,898 2113,895 2158,892 2202,892 2247,892 2292,892 2337,889 2381,892 2426,892 2471,889 2516,889 2561,889 2605,886 2650,889 2695,883 2740,880 2784,877 2829,877 2874,877 2919,877 2964,877 3008,874 3053,874 3098,871 3143,871 3187,871"/>
                <TextEquiv>
                    <Unicode>einen Ton auf der Flöte ziemlich xxx lang aushalten</Unicode>
                </TextEquiv>
            </TextLine>
            <TextLine id="tr_1_tl_3" custom="readingOrder {index:2;}">
                <Coords points="754,1124 3346,1065 3274,954 3051,921 757,987"/>
                <Baseline points="776,1071 802,1071 847,1074 892,1071 937,1071 982,1071 1026,1071 1071,1071 1116,1071 1161,1071 1205,1068 1250,1068 1295,1068 1340,1065 1384,1065 1429,1062 1474,1062 1519,1059 1564,1059 1608,1059 1653,1056 1698,1056 1743,1053 1787,1053 1832,1053 1877,1056 1922,1053 1967,1053 2011,1053 2056,1050 2101,1050 2146,1047 2190,1047 2235,1047 2280,1047 2325,1044 2370,1044 2414,1044 2459,1041 2504,1041 2549,1035 2593,1035 2638,1035 2683,1032 2728,1032 2772,1032 2817,1029 2862,1029 2907,1029 2952,1026 2996,1026 3041,1026 3086,1023 3131,1023 3175,1020 3220,1020 3265,1020 3310,1020 3355,1020"/>
                <TextEquiv>
                    <Unicode>musste, schwindelte ihn einwenig. Er setzte wieder ein.</Unicode>
                </TextEquiv>
            </TextLine>
            <TextLine id="tr_1_tl_4" custom="readingOrder {index:3;}">
                <Coords points="757,1262 2399,1193 3019,1275 3114,1255 3117,1091 760,1111"/>
                <Baseline points="776,1220 796,1220 841,1220 886,1220 931,1220 976,1217 1020,1217 1065,1217 1110,1217 1155,1214 1199,1211 1244,1211 1289,1211 1334,1214 1379,1214 1423,1211 1468,1208 1513,1208 1558,1205 1602,1205 1647,1205 1692,1202 1737,1202 1781,1202 1826,1202 1871,1199 1916,1199 1961,1199 2005,1196 2050,1196 2095,1196 2140,1193 2184,1193 2229,1193 2274,1193 2319,1190 2364,1190 2408,1187 2453,1187 2498,1187 2543,1185 2587,1185 2632,1182 2677,1182 2722,1182 2767,1182 2811,1182 2856,1182 2901,1179 2946,1179 2990,1176 3035,1173 3080,1173 3125,1170"/>
                <TextEquiv>
                    <Unicode>wie merkwürdig, die Hände wurden ihm so schwer. Er</Unicode>
                </TextEquiv>
            </TextLine>
            <TextLine id="tr_1_tl_5" custom="readingOrder {index:4;}">
                <Coords points="760,1403 2901,1390 3117,1367 3120,1259 764,1304"/>
                <Baseline points="779,1387 799,1387 844,1387 889,1387 934,1384 979,1384 1023,1384 1068,1384 1113,1382 1158,1382 1202,1382 1247,1379 1292,1379 1337,1379 1382,1376 1426,1376 1471,1376 1516,1376 1561,1373 1605,1373 1650,1373 1695,1373 1740,1373 1784,1370 1829,1367 1874,1367 1919,1367 1964,1367 2008,1364 2053,1364 2098,1364 2143,1361 2187,1361 2232,1358 2277,1358 2322,1358 2367,1358 2411,1358 2456,1355 2501,1355 2546,1352 2590,1352 2635,1352 2680,1349 2725,1349 2769,1349 2814,1346 2859,1346 2904,1346 2949,1346 2993,1343 3038,1340 3083,1337 3128,1337"/>
                <TextEquiv>
                    <Unicode>blies weiter. Wieder überkam ihn ein Schwindel. Es</Unicode>
                </TextEquiv>
            </TextLine>
            <TextLine id="tr_1_tl_6" custom="readingOrder {index:5;}">
                <Coords points="770,1567 1344,1616 1452,1537 2052,1521 2304,1603 3005,1504 3271,1576 3294,1390 773,1429"/>
                <Baseline points="788,1537 793,1537 838,1534 883,1537 928,1537 973,1537 1017,1534 1062,1534 1107,1534 1152,1534 1196,1531 1241,1531 1286,1528 1331,1525 1376,1528 1420,1525 1465,1525 1510,1522 1555,1522 1599,1519 1644,1519 1689,1519 1734,1519 1779,1519 1823,1522 1868,1522 1913,1522 1958,1519 2002,1519 2047,1519 2092,1519 2137,1513 2181,1513 2226,1513 2271,1510 2316,1510 2361,1507 2405,1504 2450,1504 2495,1504 2540,1504 2584,1504 2629,1504 2674,1501 2719,1501 2764,1501 2808,1498 2853,1498 2898,1495 2943,1495 2987,1495 3032,1492 3077,1492 3122,1489 3166,1486 3211,1483 3256,1483 3301,1480"/>
                <TextEquiv>
                    <Unicode>wurde dunkler im Hause...es schwankte.... diem Lichter</Unicode>
                </TextEquiv>
            </TextLine>
            <TextLine id="tr_1_tl_7" custom="readingOrder {index:6;}">
                <Coords points="764,1701 1613,1757 2379,1668 2674,1747 3278,1711 3281,1573 764,1616"/>
                <Baseline points="782,1701 823,1695 868,1695 913,1695 958,1695 1002,1692 1047,1692 1092,1692 1137,1692 1182,1692 1226,1692 1271,1689 1316,1689 1361,1686 1405,1686 1450,1683 1495,1683 1540,1680 1584,1680 1629,1680 1674,1677 1719,1677 1764,1677 1808,1677 1853,1674 1898,1674 1943,1677 1987,1674 2032,1674 2077,1671 2122,1668 2167,1668 2211,1668 2256,1665 2301,1665 2346,1662 2390,1662 2435,1662 2480,1659 2525,1659 2570,1659 2614,1659 2659,1659 2704,1656 2749,1656 2793,1656 2838,1653 2883,1653 2928,1653 2972,1653 3017,1650 3062,1650 3107,1647 3152,1647 3196,1644 3241,1641 3286,1638"/>
                <TextEquiv>
                    <Unicode>verlöschten. Die Flöte entfiel Florians Händen. Welch</Unicode>
                </TextEquiv>
            </TextLine>
            <TextLine id="tr_1_tl_8" custom="readingOrder {index:7;}">
                <Coords points="773,1911 3064,1878 3307,1842 3310,1717 777,1711"/>
                <Baseline points="790,1853 808,1853 853,1853 898,1853 943,1853 988,1853 1032,1850 1077,1850 1122,1850 1167,1850 1211,1850 1256,1850 1301,1850 1346,1847 1390,1847 1435,1844 1480,1844 1525,1844 1570,1841 1614,1841 1659,1838 1704,1835 1749,1835 1793,1835 1838,1835 1883,1835 1928,1835 1973,1832 2017,1832 2062,1829 2107,1829 2152,1829 2196,1826 2241,1823 2286,1823 2331,1823 2375,1820 2420,1820 2465,1820 2510,1820 2555,1820 2599,1817 2644,1817 2689,1814 2734,1814 2778,1814 2823,1814 2868,1811 2913,1811 2958,1808 3002,1808 3047,1811 3092,1808 3137,1808 3181,1805 3226,1802 3271,1799 3316,1793"/>
                <TextEquiv>
                    <Unicode>ein Lärm. Das Haus stürzt ein! Und Florian wollte auf</Unicode>
                </TextEquiv>
            </TextLine>
            <TextLine id="tr_1_tl_9" custom="readingOrder {index:8;}">
                <Coords points="767,2068 1901,1999 3143,2075 3186,1862 770,1911"/>
                <Baseline points="788,2014 817,2011 862,2011 907,2011 952,2011 996,2011 1041,2014 1086,2011 1131,2011 1176,2011 1220,2008 1265,2008 1310,2005 1355,2005 1399,2002 1444,2002 1489,1999 1534,1996 1579,1996 1623,1996 1668,1996 1713,1996 1758,1996 1802,1990 1847,1990 1892,1990 1937,1987 1981,1987 2026,1990 2071,1990 2116,1990 2161,1987 2205,1984 2250,1984 2295,1984 2340,1984 2384,1981 2429,1981 2474,1981 2519,1978 2564,1976 2608,1976 2653,1976 2698,1973 2743,1973 2787,1973 2832,1970 2877,1970 2922,1967 2966,1967 3011,1967 3056,1967 3101,1967 3146,1964 3190,1967"/>
                <TextEquiv>
                    <Unicode>stehen, sich retten — er sah nichts mehr. Die Füsse</Unicode>
                </TextEquiv>
            </TextLine>
            <TextLine id="tr_1_tl_10" custom="readingOrder {index:9;}">
                <Coords points="773,2219 3219,2186 3268,2022 777,2052"/>
                <Baseline points="790,2170 808,2170 853,2170 898,2170 943,2170 988,2170 1032,2170 1077,2170 1122,2167 1167,2167 1211,2167 1256,2164 1301,2161 1346,2161 1390,2161 1435,2158 1480,2158 1525,2158 1570,2158 1614,2155 1659,2155 1704,2158 1749,2155 1793,2152 1838,2149 1883,2149 1928,2149 1973,2146 2017,2143 2062,2143 2107,2143 2152,2140 2196,2140 2241,2143 2286,2143 2331,2143 2375,2137 2420,2137 2465,2134 2510,2134 2555,2134 2599,2134 2644,2131 2689,2131 2734,2131 2778,2131 2823,2131 2868,2128 2913,2131 2958,2128 3002,2125 3047,2125 3092,2125 3137,2122 3181,2119 3226,2116 3271,2119"/>
                <TextEquiv>
                    <Unicode>waren ihm schwer. Er konnte sich nicht rühren. Und da</Unicode>
                </TextEquiv>
            </TextLine>
            <TextLine id="tr_1_tl_11" custom="readingOrder {index:10;}">
                <Coords points="773,2360 2933,2298 3215,2373 3271,2170 777,2222"/>
                <Baseline points="790,2325 814,2325 859,2322 904,2322 949,2322 993,2322 1038,2322 1083,2319 1128,2319 1173,2319 1217,2319 1262,2316 1307,2316 1352,2316 1396,2313 1441,2313 1486,2310 1531,2310 1576,2307 1620,2307 1665,2307 1710,2304 1755,2304 1799,2304 1844,2301 1889,2301 1934,2301 1978,2298 2023,2298 2068,2295 2113,2295 2158,2292 2202,2292 2247,2292 2292,2292 2337,2292 2381,2289 2426,2289 2471,2289 2516,2289 2561,2286 2605,2286 2650,2283 2695,2283 2740,2280 2784,2280 2829,2280 2874,2280 2919,2277 2964,2277 3008,2277 3053,2274 3098,2274 3143,2274 3187,2271 3232,2268 3277,2268"/>
                <TextEquiv>
                    <Unicode>stürzte er vom Sessel heruntern, vor das Pult hin und</Unicode>
                </TextEquiv>
            </TextLine>
        </TextRegion>
        <TextRegion id="tr_2" custom="readingOrder {index:1;}">
            <Coords points="773,2379 3414,2379 3414,3576 773,3576"/>
            <TextLine id="tr_2_tl_1" custom="readingOrder {index:0;}">
                <Coords points="773,2524 3179,2504 3182,2363 777,2357"/>
                <Baseline points="793,2480 814,2480 859,2480 904,2480 949,2480 993,2480 1038,2477 1083,2477 1128,2477 1173,2474 1217,2474 1262,2474 1307,2477 1352,2474 1396,2471 1441,2471 1486,2468 1531,2468 1576,2465 1620,2465 1665,2465 1710,2465 1755,2462 1799,2459 1844,2456 1889,2456 1934,2456 1978,2453 2023,2453 2068,2453 2113,2453 2158,2453 2202,2453 2247,2453 2292,2450 2337,2450 2381,2447 2426,2447 2471,2444 2516,2444 2561,2444 2605,2444 2650,2444 2695,2441 2740,2441 2784,2441 2829,2441 2874,2438 2919,2438 2964,2438 3008,2435 3053,2432 3098,2432 3143,2429 3187,2429"/>
                <TextEquiv>
                    <Unicode>der Sessel fiel nach rückwärts. Es klang dumpf. Die</Unicode>
                </TextEquiv>
            </TextLine>
            <TextLine id="tr_2_tl_2" custom="readingOrder {index:1;}">
                <Coords points="754,2684 1822,2619 2730,2678 3127,2638 3133,2504 757,2540"/>
                <Baseline points="773,2635 808,2635 853,2632 898,2635 943,2635 988,2635 1032,2632 1077,2632 1122,2632 1167,2629 1211,2626 1256,2629 1301,2626 1346,2623 1390,2623 1435,2620 1480,2620 1525,2620 1570,2617 1614,2617 1659,2617 1704,2617 1749,2617 1793,2614 1838,2614 1883,2611 1928,2611 1973,2608 2017,2608 2062,2608 2107,2605 2152,2605 2196,2602 2241,2605 2286,2602 2331,2602 2375,2599 2420,2596 2465,2596 2510,2593 2555,2593 2599,2590 2644,2593 2689,2593 2734,2590 2778,2587 2823,2587 2868,2587 2913,2584 2958,2584 3002,2584 3047,2584 3092,2581 3137,2581"/>
                <TextEquiv>
                    <Unicode>Musikanten wandten sich hin. Der Nachbar Florians</Unicode>
                </TextEquiv>
            </TextLine>
            <TextLine id="tr_2_tl_3" custom="readingOrder {index:2;}">
                <Coords points="773,2838 2045,2760 2960,2832 3232,2783 3235,2632 777,2684"/>
                <Baseline points="790,2790 820,2790 865,2790 910,2790 955,2790 999,2790 1044,2787 1089,2784 1134,2781 1179,2781 1223,2781 1268,2778 1313,2778 1358,2778 1402,2775 1447,2775 1492,2775 1537,2772 1581,2769 1626,2769 1671,2767 1716,2767 1761,2767 1805,2767 1850,2764 1895,2764 1940,2764 1984,2761 2029,2761 2074,2758 2119,2755 2164,2755 2208,2755 2253,2752 2298,2752 2343,2749 2387,2749 2432,2749 2477,2749 2522,2746 2567,2746 2611,2743 2656,2743 2701,2743 2746,2740 2790,2740 2835,2740 2880,2740 2925,2737 2969,2737 3014,2737 3059,2737 3104,2734 3149,2731 3193,2731 3238,2731"/>
                <TextEquiv>
                    <Unicode>sprang erschreckt auf. Im Publthum merkte man die Un</Unicode>
                </TextEquiv>
            </TextLine>
            <TextLine id="tr_2_tl_4" custom="readingOrder {index:3;}">
                <Coords points="770,2983 2940,2976 3219,2930 3222,2779 773,2842"/>
                <Baseline points="793,2940 808,2937 853,2934 898,2937 943,2937 988,2940 1032,2937 1077,2937 1122,2937 1167,2937 1211,2931 1256,2931 1301,2928 1346,2925 1390,2925 1435,2925 1480,2925 1525,2922 1570,2922 1614,2919 1659,2919 1704,2916 1749,2913 1793,2916 1838,2916 1883,2916 1928,2916 1973,2913 2017,2913 2062,2910 2107,2910 2152,2907 2196,2907 2241,2907 2286,2907 2331,2904 2375,2904 2420,2901 2465,2901 2510,2904 2555,2901 2599,2901 2644,2898 2689,2895 2734,2898 2778,2895 2823,2892 2868,2892 2913,2892 2958,2892 3002,2892 3047,2889 3092,2889 3137,2889 3181,2886 3226,2880"/>
                <TextEquiv>
                    <Unicode>ruhe, erhob sich von den Sitzen. Der Fürst in seiner</Unicode>
                </TextEquiv>
            </TextLine>
            <TextLine id="tr_2_tl_5" custom="readingOrder {index:4;}">
                <Coords points="767,3127 2927,3110 3258,3048 3261,2969 770,2996"/>
                <Baseline points="788,3092 802,3095 847,3098 892,3098 937,3098 982,3101 1026,3101 1071,3095 1116,3095 1161,3095 1205,3092 1250,3089 1295,3089 1340,3086 1384,3086 1429,3086 1474,3086 1519,3083 1564,3083 1608,3080 1653,3077 1698,3074 1743,3074 1787,3074 1832,3074 1877,3074 1922,3071 1967,3071 2011,3071 2056,3071 2101,3071 2146,3071 2190,3068 2235,3068 2280,3065 2325,3065 2370,3062 2414,3062 2459,3062 2504,3062 2549,3062 2593,3059 2638,3059 2683,3056 2728,3056 2772,3053 2817,3053 2862,3050 2907,3050 2952,3050 2996,3047 3041,3047 3086,3047 3131,3047 3175,3044 3220,3041 3265,3032"/>
                <TextEquiv>
                    <Unicode>Lage beugte sich über die Logenbrüstung, aber der Ka¬</Unicode>
                </TextEquiv>
            </TextLine>
            <TextLine id="tr_2_tl_6" custom="readingOrder {index:5;}">
                <Coords points="770,3297 3379,3274 3382,3120 773,3156"/>
                <Baseline points="790,3262 835,3265 880,3259 925,3256 970,3256 1014,3253 1059,3253 1104,3250 1149,3250 1193,3247 1238,3247 1283,3244 1328,3244 1373,3244 1417,3241 1462,3241 1507,3238 1552,3238 1596,3235 1641,3232 1686,3232 1731,3232 1776,3232 1820,3226 1865,3229 1910,3229 1955,3229 1999,3229 2044,3226 2089,3226 2134,3226 2178,3226 2223,3223 2268,3223 2313,3223 2358,3220 2402,3220 2447,3217 2492,3217 2537,3217 2581,3214 2626,3211 2671,3211 2716,3211 2761,3211 2805,3208 2850,3208 2895,3208 2940,3205 2984,3205 3029,3205 3074,3205 3119,3205 3163,3205 3208,3205 3253,3202 3298,3199 3343,3196 3387,3193"/>
                <TextEquiv>
                    <Unicode>pellmeister, dem der Schweiss auf der Stirne stand, hob</Unicode>
                </TextEquiv>
            </TextLine>
            <TextLine id="tr_2_tl_7" custom="readingOrder {index:6;}">
                <Coords points="770,3454 3409,3379 3376,3281 3143,3241 773,3297"/>
                <Baseline points="793,3411 817,3414 862,3411 907,3414 952,3411 996,3411 1041,3408 1086,3408 1131,3408 1176,3405 1220,3405 1265,3405 1310,3405 1355,3402 1399,3399 1444,3399 1489,3396 1534,3396 1579,3393 1623,3393 1668,3390 1713,3390 1758,3390 1802,3390 1847,3387 1892,3387 1937,3387 1981,3387 2026,3384 2071,3381 2116,3384 2161,3384 2205,3381 2250,3381 2295,3381 2340,3378 2384,3378 2429,3378 2474,3375 2519,3375 2564,3375 2608,3372 2653,3372 2698,3369 2743,3369 2787,3369 2832,3369 2877,3369 2922,3366 2966,3366 3011,3366 3056,3366 3101,3366 3146,3363 3190,3363 3235,3363 3280,3358 3325,3358 3369,3358 3414,3358"/>
                <TextEquiv>
                    <Unicode>und senkte den Taktstock und sagte ziemlich vernehmlich:</Unicode>
                </TextEquiv>
            </TextLine>
            <TextLine id="tr_2_tl_8" custom="readingOrder {index:7;}">
                <Coords points="803,3651 1586,3553 3350,3595 3350,3458 3196,3399 806,3448"/>
                <Baseline points="823,3566 850,3563 895,3560 940,3563 985,3563 1029,3563 1074,3563 1119,3563 1164,3566 1208,3563 1253,3563 1298,3558 1343,3558 1387,3555 1432,3552 1477,3552 1522,3546 1567,3543 1611,3543 1656,3543 1701,3543 1746,3543 1790,3546 1835,3546 1880,3543 1925,3543 1970,3543 2014,3543 2059,3543 2104,3543 2149,3546 2193,3543 2238,3540 2283,3543 2328,3540 2372,3540 2417,3534 2462,3531 2507,3531 2552,3531 2596,3534 2641,3531 2686,3528 2731,3528 2775,3531 2820,3528 2865,3522 2910,3522 2955,3525 2999,3522 3044,3522 3089,3522 3134,3519 3178,3519 3223,3519 3268,3516 3313,3516 3358,3516"/>
                <TextEquiv>
                    <Unicode>„weiterspielen!" Was ists, was ists?“ fragten die Leu</Unicode>
                </TextEquiv>
            </TextLine>
        </TextRegion>
    </Page>
</PcGts>
