3528 4056
1142 529 2980 651 lärmend» alle Instrumente spielten mit.
890 558 1116 732 2 aut.
751 706 1590 851 dlich drei breite,
1616 713 3054 858 von Trommelschlägen begleitete.
713 793 3048 974 kkorde und der Vorhang ging in die Höhe. Ein altes
668 980 3044 1196 Lustepiel wurde aufgeführt, dessen erste Aufführung
648 1129 3235 1264 Florian vor zehn Jahren mit angesehen hatte. Die meiste
642 1261 3125 1474 Musiker eilten ins Freie. Es war ein warmer Frühlings
655 1461 3183 1690 abend und da pflegten sie hinter dem Theater hin und
2967 1567 3160 1696 G.C.F.P.
648 1635 3086 1835 herzuspazieren, oder sich auf die grün angestrichene
642 1803 3177 1993 Bank zu setzten die draussen stand. Sie plauderten und
674 1900 768 1983 G.H.F.P.
648 1964 1583 2087 rauchten Zigaretten.
2141 2012 2306 2128 G.C.F.P
639 2083 3206 2299 Florian blieb aber im Theater auf seinem Platze sitzen.
2477 2196 2738 2306 paar
629 2261 3160 2457 Was sollte er draussen tun? Wegen der wenigen Minuten!
622 2409 3119 2541 Es war langweilig und überflüssig. Er legte die Flöte
639 2567 2867 2683 vor sich hin auf das Pult und sah auf die Bühne.
613 2654 3093 2832 Ach ja das alte Stück! Es kam ihm sonderbar vor, wenn
635 2809 3077 3002 die Leute lachten. Immer wieder dieselben Spässe und
622 3041 3144 3199 immer wieder klatschte man Beifall, lachte, unterhielt
613 3186 3173 3383 man sich. Florian wollte, es wäre schon aus. Dann könn
632 3341 3112 3477 te er hinüber ins Wirtshaus gehen, sein Glas Bier trin
