3560 4120
2880 373 2976 557 4
705 592 2989 833 ken und dann nach Haus exins Bett. Er war so ab
695 795 2046 1004 gespannt, er fühlte sich alt.
698 975 3256 1133 Wie lange, wie viele Jahre sass er nun schon da; er
705 1123 3266 1297 innerte sich kaum, dass es je anders war. Und doch, was
705 1252 3179 1419 war er einmal für ein Mensch gewesen. Er hatte kompo
682 1396 3098 1570 niert, Lieder, Symphonten; seine Lieden waren sogar
689 1567 3205 1731 in manchem Konzert gesungen worden vor fünfzehn, zwan
689 1766 3121 1902 zig Jahren. Nun xxxx gab es für ihn keine Melodien
689 1934 3221 2082 mehr! Seine Liebe für die Musik war nach und nach er -
698 2027 3108 2246 storben. Es war ihm alles nur Geräusch und Lärm, un
708 2191 3295 2420 austehlich all das Geigen und Flötenspiel, das die Leu
1049 2317 1145 2400 P.S.
701 2346 3118 2561 te entzückte. Aber es musste weiter geflötet werden.
708 2487 3189 2703 er lebte davon. Ach wie liebte er früher seine Kunst!
685 2677 3057 2847 Er hatte seine Schulen nicht beendet, hatte nichts
701 2780 3195 3015 studiert. Stundenlang war er durch den Wald gewandert
676 2960 3195 3147 Melodien rauschten in ihm, er hörte nur zu. Nur wenig
698 3098 3198 3301 schrieb er auf. Es war nicht möglich all diesen Ueber
692 3224 3150 3433 fluss festzuhalten. Das Wehen der Luft, das Säuseln,
1786 3382 1956 3501 Bnd
701 3446 3176 3629 der Bäume, seine knisterien Schritte wurden zu Mustk.
