3560 4136
2905 375 2994 519 6
911 645 3152 788 knirsche mit den Zähnen, ich hasse alles und Al-
920 722 3220 945 le.... Vor allem diejenigen, die mit mir leiden..
943 888 3215 1074 ... Alle diese Männer, Weiber, Kinder, unter denen
928 1026 3109 1281 ich umherwandle, sie sind mir widerwärtig, ich
920 1192 3106 1407 möchte sie davonjagen.... Besonders hat der Ge¬
925 1358 3223 1573 danke etwas unsäglich Erbitterndes für mich, daß
948 1510 3215 1739 irgendwer gestern zum letzten Mal da war. Er hat
931 1685 3100 1877 sein Leid zu Ende gelitten.... Er hat gefühlt,
945 1842 3217 2043 dass es immer linder wurde.... er ist tagtäglich
957 1997 3217 2206 befreiter von hinnen gegangen. Und eines Morgens
960 2154 3217 2378 erwacht er und kann wieder lächeln.... Wie hasse
968 2375 3240 2538 ich die Leute, die wieder lächeln können... Aber
968 2458 3183 2685 eines Morgens werde auch ich wieder lächeln!...
960 2627 3232 2868 Auch ich werde vergessen!... In mir taucht heute
971 2765 3091 3005 die Erinnerung an meine Jünglingszeit auf...
983 2922 3220 3172 wie ich an der Seite der Süssen, Liebsten durch
977 3100 3229 3329 den Wald schritt und so unendlich glücklich hät-
1011 3232 3220 3455 te se in können.... Ich war es ja auch. Es giebt
994 3386 3229 3673 Augenblicke, die alles verschlingen, Vergangen-
