3432 4136
2702 391 2837 593 17
725 656 2915 901 er erschien nicht mehr. Die Totengräber wissen
722 791 3010 1027 nicht, wer er ist... Die nächsten Tage will ich
737 970 3007 1194 strassauf strassab rennen, ich muss ihn finden.
763 1099 2941 1341 . Er ist vielleicht abgereist... Minmal muss
754 1255 3024 1468 er wiederkommen.... Er muss wiederkommen?... Und
765 1421 2906 1629 wenn er tot istf...? Wenn er nicht leben kann
765 1551 2958 1819 ohne sie?.. Oh, es wird humoristisch! Noch Ei-
760 1729 3042 1991 ner, der ohne sie nicht leben kann... Ich hätte
763 1885 3079 2121 nur die eine Sehnsucht, ihm zu sagen... Mein Ver-
794 1985 3021 2299 ehrter! Betrüben Sie sich nicht allzu tief. Sie
794 2173 3027 2429 hat jedenfalls auch mich geliebt.... Ja, eifer-
823 2365 3039 2598 stichtig möchte ich ihn machen... Ihr Bild habe
817 2495 3105 2791 ich von meinem Schreibtisch heruntergeschleudert.
826 2639 3105 2921 da liegt es, mitten im Zimmer... Und da, mitte
843 2806 3065 3056 im Zimmer auch ihre Briefe, die Briefe die sie
846 3001 3062 3206 in ihren Schränken und Pulten aufbewahrt hat...
840 3116 2978 3427 Denn ich habe alles aufgerissen und durchstö-
857 3295 3004 3591 bert... Was habe ich gefunden!... Briefe von
455 3367 547 3542 e
855 3430 3085 3726 mir, Blumen von mir, Bänder, Schleifen... viel-
