2648 4024
2097 359 2244 538 16
133 543 2391 778 ohne mich zu kennen.... Er hat sie auf der Stras-
122 733 2219 911 se verfolgt.... er hat es gewagt, mit ihr zu
133 883 2363 1092 sprechen.... Nein! Sie hätte es mir erzählt!...
125 1033 2258 1231 Erzählt!.... Wenn sie ihn liebte?... Ach, sie
130 1174 2411 1398 liebte ja mich... Mich?.... Woher weiss ich da?
139 1339 2355 1554 Weil sie mir's gesagt hat?... Sagen sie’s nicht
139 1525 2315 1712 Alle, und die Falschesten öfter als die Besten
170 1664 2326 1856 ..? Oh, ich werde ihn finden... ick werden ihn
153 1823 2335 2018 finden... und fragen.... Und er... selbst wenn
170 1987 2411 2185 er von ihr geliebt wurde, was wird er antworten?
198 2156 2431 2323 ... Ich bin zu ihrem Grabe hinausgewandert, weil
181 2309 2355 2493 ich sie liebte... sie aber hat nie etwas davon
178 2488 2360 2660 erfahren.... Kan ich denn die Wahrheit aus ihm
175 2601 2250 2773 herauszwingen?... Ja... was soll ich tun?...
173 2751 1834 2938 Weiterleben?... So weiterleten?....
456 3206 2408 3396 Seit drei Tagen habe ich ihn nicht wieder
178 3399 2383 3580 gesehen. Ich bin all die Zeit draussen gewesen,
