3144 4072
2559 267 2650 531 8
837 559 2684 707 Wer ist jener Mann mit dem blinden Haar
579 729 2696 871 und den klagenden Augen? Um wen weint er? Die
579 880 2744 1036 Ruhestätte, die er Tag für Tag aufsucht, liegt
579 1010 2784 1183 wenige Schritte von dem Grabe meiner Gattin....
579 1175 2840 1319 Der Mann ist mir aufgefallen, weil ich ihn nicht
593 1311 2823 1484 so sehr hassen kann wie die Anderen. Er ist frü-
582 1453 2724 1637 her da als ich und bleibt noch, wenn ich mich
604 1620 2764 1788 entferne.... Vielleicht wäre ich nicht auf ihn
599 1762 2852 1944 aufmerksam geworden, wenn ich nicht einmal seine
585 1958 2713 2122 Blicke mit einem Glanz so tiefen Mitleids auf
590 2077 2852 2284 mir ruhen gefäühlt hätte, dass ich fast erbebte.
613 2261 2829 2452 Ich schaute ihn fest an; er wandte sich langsam
610 2389 2715 2610 um und schritt der Friedhofsmauer entlang....
619 2548 2820 2758 Ich muss ihn übrigens kennen.... von früher her
633 2718 2860 2906 .... Aber woher?... Haben wir uns auf einer Rei-
624 2954 2781 3073 se getroffen?... Habe ich ihn im Theater gese-
616 3096 2707 3226 hen?... Oder nur auf der Strasse?... Er muss
621 3218 2903 3402 mein Schicksal ahnen und ein ähnliches erlebt ha-
636 3382 2855 3550 ben wie ich; nur so erkläre ich mir jenen Blick,
621 3499 2772 3697 der mir unvergesslich bleiben wird... Er ist
