3480 4168
810 669 3022 892 ... Dabei sehe ich wol auch so aus wie all die
775 795 3145 1075 Anderen, blass und verweint... Oh, ich weiss es
789 998 2983 1228 schon.... ich bin eifersüchtig auf den Schmerz
792 1149 3104 1366 der Anderen, es geht mir hier, wie es mir mit er¬
795 1308 3016 1511 habenen und entzückenden Dingen widerfuhr. Ich
792 1464 3072 1661 konnte den Ausdruck der Begeisterung auf den Zü-
810 1576 3131 1852 gen Anderer nicht vertragen, wenn ich mich an et-
830 1738 3131 1994 was Grossem berauscht hatte... Neidisch sah ich
833 1926 3086 2215 meinen Nachbarn an, den ein gleicher Schauer zu
851 2079 3083 2321 durchfliessen schien, wie mich... Etwas in mir
857 2206 3145 2500 lehnte sich dagegen auf, dass alle diese da zwi-
872 2394 3098 2642 sehen den Gräbern herumirren mit dem selben un-
889 2550 3189 2815 säglichen, ewigen Schmerz.... Ach, es ist erbärm-
884 2718 3195 2966 lich. Das selbe empfinden sie Alle, und dann rol-
901 2848 3125 3128 len die Tage weiter... mit neuen Gedanken, fri-
913 2954 3163 3331 scheren Hoffnungen... am Ende kommt noch trüger¬
928 3192 3145 3466 isch und weich der Frühling und blüht Einem zu-
937 3354 3145 3578 dringlich ins Gesicht... Die Lüfte wehen, und
945 3507 3092 3758 die Blumen duften, und die Frauen lachen, und
