3432 4136
731 694 1470 884 schön und jung.
1031 1275 3096 1467 Nun... da ich weder hier vor meinem Schreib.
768 1447 2909 1660 tisch sitze und das Konterfei der Teuren, die
768 1615 3005 1830 mein Weib, mein Alles,  mein Glück, meine Welt
782 1750 3065 1991 war, von welken Blumen umrahmt, vor mir steht...
2937 1881 3045 2051 G.C.F.P
793 1884 2920 2156 kehrt mir die Besinnung langsam wieder. Tage,
813 2051 3039 2297 wie die letzterlebten, rauben doch wahrlich jeg-
813 2212 2994 2450 liches klare Urteil... Ich habe heute Grosses
827 2359 3045 2583 vor.... das erste Mal wieder seinem einem Monat
830 2541 2917 2750 will ich den Bücherschrank auf sperren, vjill
836 2660 2994 2920 wieder versuchen zu lesen zu sichten, zu den-
838 2954 1192 3082 ken...
1161 3467 2977 3759 Nichts von alledem habe ich getan. Ich
