3160 4104
2425 389 2567 571 14
531 613 2724 829 Wen kann ich fragen als ihn?.... Er hörte aber
534 770 2783 988 meine Schritte hinter den seinen, als er dem To-
551 960 2820 1167 re zuschritt.... Und ich irre mich nicht, er hat
557 1076 2846 1346 seinen Gang beschleunigt. Aber ich bin ihm nach.
588 1235 2854 1480 ... und das merkte er.... Wie er aus dem Tore hin-
568 1414 2837 1647 ausgetreten war, entschwand er mir natürlich für
579 1559 2854 1818 zwei Augenblicke.... Ich aber ihm nach.... Da ras
605 1715 2797 1945 te ein Wagen davon.... der einzige rings im Um-
596 1883 2837 2113 kreis.... Ich dem Wagen nach.... Ich konnte ihn
599 2048 2715 2295 nicht erreichen.... Ich sah ihn noch Minuten
613 2238 2888 2437 lang, denn die Strasse ist lang und gerade - end
628 2357 2778 2607 lich war er aus meinen Augen.... Und da stand
633 2511 2857 2769 ich... so wie ich jetzt vor diesem Blatt Papier
636 2667 2826 2937 sitze.... dem Wahnsinn nahe.... Wer ist dieser
645 2829 2843 3073 Mann, der es wagt, auf dem Grabe meiner Gattin
656 2982 2806 3229 zu knieen?... Was war er ihr?... Wie erfahre
679 3150 2956 3405 ich’s?.... Wo finde ich ihn wieder?... Plötzlich
682 3337 2786 3576 verzerrt sich mir die ganze Vergangenheit...
667 3442 2817 3732 Bin ich denn tolle?... Hat sie mich dann nicht
