3416 4104
2778 336 2920 513 11
818 573 3017 806 Lärm. Mir aber tat es ganz wohl, und jetzt, da
840 789 3097 997 ich nach meiner Abendwanderung zuhause angelangt
832 951 3117 1114 bin, habe ich ein seltsames, seit lange nicht ge-
832 1088 3042 1248 hegtes Verlangen empfunden, mein Fenster aufzu-
829 1253 3074 1422 machen, wieder Menschenstimmen und Strassenlärm
846 1410 3060 1590 zu hören, Aber die Nacht ist weitergeschritten,
852 1501 3042 1738 und es wird stille unten... Auch frieren mich
860 1721 3011 1897 die Finger, während ich dieses niederschreibe
877 1880 3011 2080 weil es kalt zu werden beginnt; und das Licht
866 2054 2635 2305 zittert trotz der unbewegten Luft....
1179 2501 3091 2709 Ich stand da, hart an der Friedhofsmauer,
892 2661 3111 2900 und die hohe Weide verbarg mich seinen Blicken.
895 2829 3065 2997 Frühmorgens war ich gekommen - der Allererste.
914 2980 3148 3122 Im Häuschen des Totengräbers brannte sogar noch
917 3091 3159 3324 ein Licht. Bald nach mir aber erschienen Andere,
906 3287 3145 3527 Frauen zumeist.... Endlich er.... Ruhig schritt
926 3441 3111 3735 er den Platze zu, wo er gewöhnlich weilt... xxx
