3448 4168
707 647 2973 875 knirsche mit den Zähnen, ich hasse alles und Al-
722 823 3042 984 le... Vor allem diejenigen, die mit mir leiden.
771 955 3042 1163 .. Alle diese Männer, Weiber, Kinder, unter denen
739 1100 2938 1348 ich umherwandle, sie sind mir widerwärtig, ich
748 1253 2967 1498 möchte sie davonjagen.... Besonders hat der Ge-
756 1408 3045 1619 danke etwas unsäglich Erbitterndes für mich, das
756 1585 3045 1839 irgendwer gestern zum letzten Male da war. Er hat
771 1738 2944 1945 sein Leid zu Ende gelitten.... Er hat gefühlt,
782 1879 3065 2110 dass es immer linder wurde.... er ist tagtäglich
791 2046 3065 2297 befreiter von hinnen gegangen. Und eines Morgens
797 2196 3077 2450 erwacht er und kann wieder lächeln... Wie hasse
805 2393 3085 2586 ich die Leute, die wieder lächeln können... Aber
820 2566 3031 2745 eines Morgens werde auch ich wieder lächeln!...
808 2678 3077 2944 Auch ich werde vergessen!... In mir taucht heute
820 2860 2967 3088 die Erinnerung an meine Jünglingszeit auf....
834 2950 3071 3212 wie ich an der Seite der Stissen, Liebsten durch
837 3146 3085 3360 den Wald schritt und so unendlich glücklich hat-
849 3256 3083 3539 te se in können... Ich war es ja auch. Es giebt
846 3449 3048 3764 Augenblicke, die alles verschlingen, Vergangen
2987 3588 3152 3914 P.
