3528 4136
2957 389 3038 598 5
968 607 3106 804 wir sind wieder die Genarrten, sind um unsern
982 801 2818 965 grossen und ewigen Schmerz betrogen...
1295 1523 3270 1749 Ich stehe meist ein paar Schritte weit weg
1013 1729 3233 1902 von dem Fleck Erde, unter dem sie ruht... Wenn
1024 1907 3174 2060 einmal das steinerne Grabmal aufgerichtet ist,
1007 2040 3225 2212 so werde ich mich wol an die kalten Stufen leh-
1016 2195 3233 2353 nen können, werde mein Haupt herabbeugen, wurde
1018 2356 3244 2522 knieen; auf die Erde selbst verge ich mich nicht
1024 2486 3115 2697 nieder. Mich schauert vor dem Gedanken, dass
1033 2669 3298 2852 Stücke von dem Staub unter mir wegbröckeln, dass
1044 2844 3298 3024 ich sie auf den Sarg aufschlagen höre.... Und
1044 2968 3244 3205 doch, manchmal durchrast mich eine schier unbe-
1044 3134 3202 3354 zwingliche Lust, mich niederzuwerfen, mit den
1041 3247 3295 3498 Händen in der Erde herumzuwühlen.... Meine Trau-
1086 3428 3171 3755 er hatnichts Mildes... ich bin zornig, ich
