3544 4136
1019 662 3235 874 reihen und betrachte mir die Leute, die da kom-
1022 828 3238 1016 men, zu beten und zu weinen. Ich fange an, ein-
1022 1011 3226 1168 zelne zu kennen.... Sonderbar an diesen Gestal-
1051 1148 3212 1362 ten berührt mich das lepische, das immer Wie-
1045 1348 3320 1485 derkehrende Das Mädchen, das schluchzend vor
1062 1485 3320 1673 jenes Kreuz nahe der Kapelle hinsinkt, immer mit
1051 1644 3275 1870 dem selben Schluchzen, mit den selber Veilchen,
1065 1804 3260 1998 die sie auf die feuchte Erde hinlegt, und wenn
1068 1964 3346 2136 sie dann aufsteht, immer der gefestigte Ausdruck
1082 2138 3315 2298 im Antlitz, das rasche Weggehen.... Sie beweint
1093 2255 3286 2455 einen Jüngling; er starb im vierundzwanzigsten
1102 2438 3178 2644 Jahre, gewiss, sie war seine Braut.... Immer
1113 2618 3377 2804 packt mich der Gedanke: Ja, wie kann sie denn da
1105 2709 3226 2949 wieder aufstehen, woher der getröstete Blick,
1108 2901 3300 3092 mit dem sie von dannen geht?... Ich möchte ihr
1113 3041 3395 3255 nacheilen: Es giebt keinen Trost, Närrin!... Und
1142 3155 3432 3403 ich, der täglich dabin, was suche ich eigentlich?
1165 3360 3318 3580 ... Sie ärgern mich manchmal, die Leute da mit
1133 3529 3426 3734 dem Flor um den Hut, mit den dunklen Handschuhen
