3384 4104
2665 432 2794 590 14
754 636 2941 860 Wen kann ich fragen als ihnt... Er hörte aber
740 840 3021 1042 meine Schritte hinter den seinen, als er dem To-
757 996 3044 1188 re zuschritt.... Und ich irre mich nicht, er hat
754 1148 3070 1373 seinen Gang beschleunigt. Aber ich bin ihm nach.
800 1289 3079 1499 ... und das merkte er... Wie er aus dem Tore hin-
786 1447 3082 1660 ausgetreten war, entschwand er mir natürlich für
791 1588 3082 1839 zwei Augenblicke... Ich aber ihm nach.... Da ras-
811 1764 3021 1994 te ein Wagen davon... der einzige ringe in Um-
803 1922 3047 2149 kreis.... Ich dem Wagen nach.... Ich konnte ihn
820 2060 2921 2311 nicht erreichen.... Ich sah ihn noch Minuten
817 2244 3111 2472 lang, denn die Strasse ist lang und gerade - end
840 2388 2998 2642 lich war er aus meinen Augen... Und da stand
846 2541 3079 2797 ich... so wie ich jetzt vor diesen Blatt Papier
849 2737 3036 2961 sitze... dem Wahnsinn nahe... Wer ist dieser
843 2892 3062 3131 Mann, der es wagt, auf dem Grabe meiner Gattin
863 3018 3027 3269 zu knieent... Was war er ihr?... Wie erfahre
872 3180 3148 3407 ich’s?.... Wo finde ich ihn wiedert... Plötzlich
895 3349 3021 3603 verzerrt sich mir die ganze Vergangenheit....
895 3505 3047 3735 Bin ich denn toll?.. Hat sie mich dann nicht
