3400 4104
2686 379 2822 597 13
733 512 2921 719 ihn wieder sehen, wo ich ihn fragen, we ich al-
719 722 1704 886 les wissen werde....
2853 996 2938 1160 G.C.F.P
1622 1002 1726 1163 +
1010 1135 2946 1356 Welch eine Nacht ist das! Ich kann nicht
753 1333 2980 1571 schlafen!... Es ist kaum Mitternacht vor체ber...
801 1486 3042 1712 . Ich will doch jetzt hin... was soll ich hier,
764 1644 2980 1871 in meiner Wohnung tun.... Ein paar Stunden nur,
781 1811 3054 2015 und die Tollheit ist wieder vor체ber... Wie klar
778 1947 3008 2210 wird alles sein... Aber bis dahin!.... Nun, es
784 2168 1879 2343 sind ja nur Stunden...
1067 2564 3031 2807 Ja, ja! Auf dem Grabe meiner Gattin! Wie-
801 2739 2974 2980 der habe ich ihn dort knieen gesehen; ich bin
812 2921 3065 3116 nur zehn Schritte von ihm gestanden... Und war-
824 3042 3071 3263 um bin ich nicht gleich auf ihn gest체rzt? W채rum
821 3201 3079 3407 habe ich ihn nicht aufstehen, ein paar Schritte
832 3342 3003 3569 unbehindert weitergehen lassen. Wie? Habe ich
843 3504 3022 3747 das Recht nicht, ihn zu fragen, ver er istf...
