3128 4152
2301 343 2453 600 19
543 597 2787 792 wachen, weiter spionieren dürfen, die den glück-
552 786 2844 963 seligen Augenblick erwarten, in dem die Ungetreue
566 932 2802 1126 sich durch einen Blick, ein Wort verraten wird..
626 1126 2716 1298 Ich aber bin ein Verdammter für ewige Zeit;
572 1286 2804 1429 denn das Grab giebt keine Antwort.... Und manch-
572 1418 2810 1604 mal fahre ich des Nachts aus meinen wüsten Träu-
575 1564 2842 1755 men auf, von dem Gedanken gequält, dass ich viel-
586 1738 2802 1964 leicht das Andenken einer Unschuldigen entweihe
617 1927 2813 2098 ... Wie gern möchte ich sie weiter lieben, das
603 2090 2873 2258 Weib, das mich so selig gemacht hat... Wie gern
603 2258 2856 2421 möchte ich sie hassen können, die Er-
623 2384 2822 2613 bärmliche, die mich betrogen und beschimpft....
635 2553 2876 2727 Vor mir, hier auf dem Schreibtische steht wieder
635 2684 2864 2930 ihr Bild, denn ich habe es vom Boden aufgehoben
646 2824 2810 3062 und lasse es an seinem früheren Platze stehen.
640 3036 2922 3185 Wenn ich dich anbeten dürfte, hinstürzen vor die-
646 3167 2902 3373 ses Bild, wie vor das einer Heiligen und weinen!
655 3328 2887 3545 Wenn ich dich verachten dürfte, dieses Bild zer-
314 3342 406 3522 G.C.F.
183 3548 323 3708 G.H.F.P.
