3432 4120
2686 329 2823 538 10
786 575 3037 864 musste wieder hin... am späten Abend.... Hinsam
804 786 3037 970 der Friedhof, Niemand weit und breit.... Das er
807 924 2997 1161 ste Mal heute bin ich niedergesunken und haben
809 1055 3012 1301 die Erde geküsst, unter der sie ruht. Und habe
812 1236 3086 1447 dann geweint, ja, geveint.... Es war so still...
829 1364 3092 1627 die Luft kalt und ruhig. Ich bin dann aufgestan-
841 1536 3109 1782 den und durch die Gräberreihen der Kirchhifstüre
844 1722 2986 1930 zu. Und es blieb vollkommen einsam; so scharf
864 1856 3089 2094 blickte der Mond über die Kreuze und Denkmäler,
875 1979 3163 2239 dass ich Jeden hätte sehen müssen. Eine Frau sah
881 2125 3186 2368 ich auch im Weggehen, mit dem schwarzen flattern-
887 2319 3077 2560 den Schleier und dem Taschentuch.... ich kenne
892 2502 3177 2711 sie schon so genau, diese Frauen. Und die breite
898 2628 3006 2846 Strasse, die der Stadt zuführt, lag weiss im
3037 2760 3149 2846 G.C.F.P.
901 2797 2957 3034 Lichte des Monies da. Ich hörte immer meine
915 2949 3063 3157 Schritte; Niemand kam hinter mir; lange blieb
930 3046 3152 3318 ich ganz einsam da, bis die ersten Vorstadthäu-
932 3255 3166 3455 ser kamen und die ersten Wirtastuben. Da gab es
955 3375 3232 3672 auf einmal wieder Menschenstimmen und Tritte und
