3160 4104
2409 408 2553 561 12
564 644 2792 816 mer die selben grossen, klagenden Augen.... Und
578 794 2705 975 er kniete nieder..... Ich schaute hin, scharf
572 957 2789 1118 hin.... Er kniete auf dem Grabe meiner Gattin.
707 1116 2869 1300 Ich aber stand da, atemlos, hatte meine Finger
601 1271 2846 1440 in den Weidenästen. Das dauerte Minuten lang...
586 1443 2734 1581 Er kniete, er betete nicht.... Er weinte auch
598 1630 2846 1771 nicht.... Nun erhob er sich wieder.... wandelte,
601 1728 2915 1912 wie er's gewöhnlich zu tun pflegt, die Wege kreuz
630 1918 2881 2093 und quer. Nach einiger Zeit kam er wieder in mei
621 2024 2861 2248 ne Nähe.... Ich hatte mich dem Grabe meiner Gat-
638 2225 2858 2401 tin genähert und stand da, gestützt auf das Git-
644 2392 2605 2518 terwerk eines benachbarten Grabmals.... Er
632 2553 2886 2757 schritt an mir vorüber, sah mich gelassen an...
641 2682 2864 2910 Ich wollte ihn anrufen, ich habe es nicht getan
664 2815 2812 3065 .... Ich habe gesehen, wie er sich dem Ausgang
647 2984 2838 3220 des Kirchhofes näherte und bin noch immer dage-
656 3148 2924 3341 standen... Ich weiss nicht, wie mir war.... Ich
658 3329 2884 3525 weiss auch nicht, wie mir jetzt ist.... Aber es
658 3450 2800 3677 kommt ein Tag, morgen... morgen schon, wo ich
