3544 4136
2928 305 3029 503 2
960 595 3267 776 ihren. Auf ihren Divan hab' ich mich hingestreckt,
957 779 3224 963 bin da lang gelegen und habe in die überflüssige
960 951 3089 1106 Welt vor den Fenstern hinausgestarrt.... Vor
960 1121 3086 1331 ihren Schreibtisch hab' ich mich hingestellt,
966 1276 3244 1506 die Federstiele in den Händen gehalten, an denen
971 1451 3098 1595 noch der Duft ihrer Fingerspitzen haftete....
983 1583 3118 1764 Und vor dem Kamin, dem ausgebrannten, bin ich
991 1744 3173 1925 gestanden, habe mit der Ofengabel in der Asche
994 1802 3270 2104 herumgewühlt.... Und das zischelte und knirschte
1014 2075 2946 2322 von zerstäubtem Papier und Kohlenstücken.
1342 2713 3101 2920 Morgen für Morgen wandere ich auf den
1066 2874 3288 3069 Friedhof hinaus.... Es ist heuer ein Spätherbst
1060 3040 3345 3201 mit einer kalten und frechen Sonne, und wenn ich
1078 3196 3167 3377 die weisse Mauer von Weitem sehe, so brennen
1083 3351 3316 3561 mir die Augen. Dann wandle ich durch die Gräber-
