3560 4120
955 644 3166 858 ... Dabei sehe ich wol auch so aus wie all die
938 821 3212 1015 Anderen, blass und verweint.... Oh, ich weiss es
955 1024 3126 1161 schon. ich bin eifersüchtig auf den Schmerz
955 1158 3229 1313 der Anderen, es geht mir hier, wie es mir mit er-
941 1327 3152 1487 habenen und entzückenden Dingen widerfuhr. Ich
958 1484 3206 1667 konnte den Ausdruck der Begeisterung auf den Zü-
964 1573 3263 1868 gen Anderer nicht vertragen, wenn ich mich an et-
972 1808 3240 1968 was Grossem berauscht hatte. Neidisch sah ich
970 1993 3209 2211 meinen Nachbarn an, den ein gleicher Schauer zu
984 2139 3209 2288 durchfliessen schien, wie mich.... Etwas in mir
978 2245 3235 2451 lehnte sich dagegen auf, dass alle diese da zwi-
990 2460 3197 2660 schen den Gräbern herumirren mit dem selben un-
1007 2583 3300 2846 säglichen, ewigen Schmerz.... Ach, es ist erbärm-
1001 2774 3298 3012 lich. Das selbe empfinden sie Alle, und dann rol¬
1012 2943 3223 3109 len die Tage weiter... mit neuen Gedanken, fri-
1018 3095 3243 3275 scheren Hoffnungen... am Ende kommt noch trüger
1038 3192 3238 3415 isch und weich der Frühling und blüht Einem zu-
1044 3398 3229 3558 dringlich ins Gesicht.... Die Lüfte wehen, und
1047 3489 3189 3795 die Blumen duften, und die Frauen lachen, und
