3400 4104
2815 410 2937 584 16
823 573 3097 880 ohne mich zu kennen... Er hat sie auf der Stras-
829 812 2911 1048 se verfolgt.... er hat es gewagt, mit ihr zu
840 957 3082 1179 sprechen... Nein! Sie hätte es mir erzählt!...
820 1125 2988 1319 Erzählt!... Wenn sie ihn liebte?... Ach, sie
829 1273 3119 1484 liebte ja mich... Mich?.... Woher weiss ich dam
840 1459 3071 1647 Weil sie mir [a] gesagt hat?... Sagen sie’s nicht
840 1607 3048 1812 Alle, und die Falschesten öfter als die Besten
872 1692 3051 1968 ..f Oh, ich werde ihn finden... ick werden ihn
2948 1866 3077 1968 G.C.F.P.
857 1886 3057 2117 finden... und fragen.... Und er... selbst wenn
877 2068 3128 2262 er von ihr geliebt wurde, was wird er antworten?
889 2205 3151 2439 ... Ich bin zu ihrem Grabe hinauagewandert, weil
883 2387 3082 2598 ich sie liebte... sie aber hat nie etwas davon
883 2515 3074 2740 erfahren... Kan ich denn die Wahrheit aus ihm
883 2675 2968 2872 herauszwingent... Ja... was soll ich tun?...
3136 2743 3228 2874 e0
886 2849 2552 3068 Weiterleben?... So weiterlebens?....
1162 3282 3151 3481 Seit drei Tagen habe ich ihn nicht wieder-
886 3475 3114 3698 gesehen. Ich bin all' die Zeit draussen gewesen,
