3464 4200
2913 321 3000 590 P:
801 616 3127 847 ihren. Auf ihren Divan hab' ich mich hingestreckt,
803 766 3084 994 bin da lang gelegen und habe in die überflüssige
815 965 2954 1153 Welt vor den Fenstern hinausgestarrt.... Vor
370 994 647 1176 le reste de ses
2928 1003 3040 1194 B
832 1107 2951 1327 ihren Schreibtisch hab' ich mich hingestellt,
835 1228 3127 1497 die Federstiele in den Händen gehalten, an denen
847 1422 2962 1665 noch der Duft ihrer Fingerspitzen hafteté....
847 1543 3008 1818 Und vor dem Kamin dem ausgebrannten, bin ich
864 1728 3040 1991 gestanden, habe mit der Ofengabel in der Asche
867 1850 3156 2141 herumgewühlt.... Und das zischelte und knirschte
893 2066 2824 2295 von zerstäubtem Papier und Kohlenstücken.
1231 2665 3008 2925 Morgen für Morgen wandere ich auf den
954 2876 3193 3095 Friedhof hinaus.... Es ist heuer ein Spätherbst
962 3069 3248 3280 mit einer kalten und frechen Sohne, und wenn ich
977 3191 3087 3410 die weisse Mauer von Weitem sehe, so brennen
988 3364 3214 3566 mir die Augen. Dann wandle ich durch die Gräber
