3128 4152
2294 331 2441 526 18
526 546 2717 799 leicht auch eine Blume von ihm... wie soll man
540 647 2743 983 das der Blume ansehen?... Was habe ich denn fin-
538 886 2780 1058 den wollen?.... Bewahrt denn eine Frau etwas auf,
543 1021 2743 1202 was sie verraten könnte?... Ich habe auch in ih-
549 1196 2757 1377 ren Kleidern, die noch dahängen, herumgesucht...
558 1366 2654 1552 ein kleines Briefchen, ein Zettel, den man in
561 1527 2654 1702 die Hand drückt, ist leicht vergessen.... Sie
305 1593 391 1771 be
561 1705 1906 1854 aber hat nichts vergessen....
854 2082 2806 2332 Ich bin nicht mehr auf dem Friedhofe gewe-
584 2254 2783 2470 sen. Mich schaudert davor, das Grab wiederzuse-
584 2421 2763 2628 hen.... Es kommen ruhigere Minuten.... Nachdem
598 2562 2800 2777 die ersten Tage vorübergegangen sind, ohne dass
612 2700 2927 2950 ich wahnsinnig geworden, muss ich mich darein fin-
610 2944 2864 3134 den, nie die Wahrheit erfahren zu können... Wie
242 3002 428 3174 G.C.F.P.
615 3079 2910 3263 beneide ich jene Betrogenen, die über ihr Unglück
259 3140 469 3375 G.H.F.P
621 3246 2846 3421 klar sind! Wie beneide ich selbst das Los derje-
198 3341 483 3522 Irecke
638 3404 2843 3625 nigen, welche ein Verdacht quält und die weiter
239 3562 454 3732 .Tln
118 3559 201 3674 P.S.
