3144 4072
2491 355 2591 586 7
583 672 2869 881 heit, Zukunft, die eben die Ewigkeit selber sind
609 867 2880 1024 .... Aber ich habe nie zu Jenen gehört, die geru¬
583 1038 2757 1184 hig ihres Weges zu Seiten der Landstrasse wan¬
601 1193 2728 1353 dern, sich ab und zu tiefer in die Wiesen und
598 1318 2740 1510 Wälder verirren, und sich ins Grüne legen kön-
595 1530 2860 1670 nen, selig den Morgen eintrinkend. Auf die Bäume
603 1665 2846 1805 bin ich gestiegen und habe ins Weite hinausgese-
601 1816 2794 1948 hen, dorthin, wo die Landstrasse im Grauen ver¬
609 1951 2723 2162 schwindet und der Lenz zu sterben anfängt....
606 2128 2857 2282 Und hier... hier in diesem Zimmer, beim Fenster,
623 2257 2783 2431 war es ja, als mein Weib einmal zärtlich meine
609 2402 2734 2591 Wangen küsste und mich ein so eisiger Schauer
618 2563 2837 2768 durchlief.... Die Minuten, Stunden, Tage, Jahre
629 2723 2903 2923 tollten davon, unsere Zeit war um.... Alt, Beide,
632 2906 2846 3069 das ende, das Ende!.... So habe ich meine Liebe
635 3086 2911 3220 entheiligt, weil ich dachte, dass sie verblassen
635 3209 2929 3383 musste... Und nun entheilige ich meinen Schmerz,
641 3343 2926 3552 indem ich daran denke, dass ich wieder einmal lä-
649 3552 1373 3758 cheln werde!...
