3176 4136
2380 355 2525 523 15
562 545 2630 838 geliebt?... Ist sie nicht hier hinter meinem
562 758 2701 980 Sessel hundertmal gewesen, hat ihre Lippen auf
568 917 2732 1110 meinen Kopf gepresst und mit den Händen meinen
582 1099 2760 1275 Hals umschlungen?... Waren wir nicht glücklich?
625 1227 2695 1429 .. Wer aber ist dieser blinde, schöne, junge
602 1397 2738 1582 Mann?... Warum ist mir sein Gesicht so bekannt
608 1519 2837 1752 erschienen?.... Ist mir’s jetzt nicht, als hätte
613 1673 2797 1908 ich ihn zu wiederholten Malen, wenn ich mit ihr
625 1846 2877 2059 im Theater war oder in einem Konzerte, uns gegen¬
630 1997 2758 2229 über gesehen, den Blick unverwandt auf sie ge-
633 2201 2743 2377 richtet? War es nicht er, der einmal, als ich
613 2326 2857 2533 mit ihr spazieren fuhr, dem Wagen so lange nach-
633 2505 2871 2724 geschaut?... Wer war er? Wer? wer? Ein Schwärmer
639 2661 2857 2860 vielleicht, den sie nicht einmal gekannt... den
645 2789 2698 3053 sie nicht einmal eines Blickes gewürdigt....
656 2959 2905 3192 Auch ich hatte ihn ja kennen müssen.... Er hätte
656 3124 2937 3340 doch einmal in irgend einer Gesellschaft sich uns
667 3266 2914 3485 zu nähern versucht.... Nein.... er hat mich viel
667 3399 2851 3669 leicht vermieden.... Er hat meine Frau gekannt,
