3576 4088
1034 441 2636 573 1889. An der schönen blauen Donau.
1324 576 1413 686 --
1149 579 1262 652 — —
1436 728 2377 882 Der Andere
1565 840 2223 992 x========= ̃  ==========
1012 961 2914 1099 Aus dem Tagebuche eines Hinterbliebenen.
1222 1124 3063 1290 Von Arthur Schnitzler.
1295 1416 2450 1585 Allein! - Ganz allein...
1301 1576 3119 1765 Vor meinem Schreibpulte sitze ich; die
1028 1739 3172 1897 Luchter brennen... die Tür zu dem Zimmer, das
1051 1886 3175 2108 einst das ihre war, steht weit offen, und wie
1051 2063 3288 2242 ich meinen Blickerhebe, versinkt er in den dunk-
1037 2237 3296 2428 len Raum. Glitzernd von den Häusern drüben spie-
1057 2403 3133 2580 len Lichtreflexe an meine Fensterscheiben...
1059 2540 3257 2734 Wie neu, wie brutal das ist,, Sie hat die Vor-
1051 2700 3172 2886 hänge in meinem Arbeitszimmer immer niederge-
1068 2889 3305 3071 lassen, wenn der Abend kam; kein Lärm der Stras-
1079 3040 3291 3201 se, kein Licht des Gegenüber durfte zu uns her-
1076 3234 1371 3406 ein...
1352 3299 3217 3577 Und die Stunden gingen hin. Ich bin auf
1093 3448 3240 3718 und ab spaziert in meinem Zimmer; auch in dem
