3128 4120
2457 268 2595 464 17
591 597 2659 749 erschien nicht mehr. Die Totengräber wissen
558 716 2764 926 icht, wer er ist.... Die nächsten Tage will ich
564 857 2739 1061 trassauf strassab rennen, ich muss ihn finden.
586 1036 2664 1197 Er ist vielleicht abgereist.... Einmal muss
589 1125 2769 1351 er wiederkommen.... Er muss wiederkommen?... Und
586 1340 2637 1523 kann er tot ist?...? Wenn er nicht leben kann
589 1470 2697 1686 hne sie?... Oh, es wird humoristisch! Noch Ei-
602 1628 2769 1816 er, der ohne sie nicht leben kann.... Ich hätte
602 1832 2797 1976 ur die eine Sehnsucht, ihm zu sagen... Mein Ver-
586 1990 2744 2142 hrter! Betrüben Sie sich nicht allzu tief. Sie
602 2134 2742 2310 at jedenfalls auch mich geliebt.... Ja, eifer-
597 2258 2753 2465 üchtig möchte ich ihn machen.... Ihr Bild habe
605 2454 2825 2634 ch von meinem Schreibtisch heruntergeschleudert,
608 2587 2811 2780 a liegt es, mitten im Zimmer.... Und da, mittend
611 2728 2772 2927 Zimmer auch ihre Briefe, die Briefe die sie
605 2932 2769 3101 ihren Schränken und Pulten aufbewahrt hat...
630 3084 2667 3234 enn ich habe alles aufgerissen und durchstö-
611 3209 2706 3410 pert.... Was habe ich gefunden?... Briefe von
608 3386 2778 3585 mir, Blumen von mir, Bänder, Schleifen... viel-
