3464 4184
818 659 2961 904 wir sind wieder die Genarrten, sind um unsern
830 821 2685 1051 grossen und ewigen Schmerz betrogen....
1159 1520 3157 1773 Ich stehe meist ein paar Schritte weit weg
872 1733 3125 1975 von dem Fleck Erde, unter dem sie ruht... Wenn
901 1926 3071 2142 einmal das steinerne Grabmal aufgerichtet ist,
904 2054 3131 2282 so werde ich mich wol an die kalten Stufen leh-
906 2174 3157 2463 nen können, werde mein Haupt herabbeugen, wurde
918 2347 3165 2603 knieen; auf die Erde selbst stage ich mich nicht
923 2549 3037 2747 nieder. Mich schauert vor dem Gedanken, dass
938 2662 3225 2926 Stücke von dem Staub unter mir wegbröckeln, dass
952 2821 3105 3088 ich sie auf den Sarg aufschlagen höre... Und
966 2998 3174 3253 doch, manchmal durchrast mich eine schier unbe-
969 3142 3125 3418 zwingliche Lust, mich niederzuwerfen, mit den
986 3304 3245 3580 Händen in der Erde herumzuwihlen... Meine Trau-
1011 3486 3120 3770 er hat nichts Mildes... ich bin zornig, ich
3219 3489 3307 3645 re
