3384 4104
2580 443 2731 606 12
732 676 2956 863 ner die selben grossen, klagenden Augen... Und
740 842 2880 1014 er kniete nieder.... Ich schaute hin, scharf
740 1003 2970 1172 hin... Er kniete auf dem Grabe meiner Gattin.
775 1131 3049 1347 .. Ich aber stand da, atemlos, hatte meine Finger
770 1294 3029 1545 in den Weidenästen. Das dauerte Minuten lang....
778 1455 2932 1670 Er kniete, er betete nicht... Er weinte auch
775 1478 3075 1836 nicht.... Nun erhob er sich wieder.... wandelte,
802 1743 3107 2000 wie erls gewöhnlich zu tun pflegt, die Wege kreuz
807 1918 3096 2145 und quer. Nach einiger Zeit kam er wieder in mei
816 2058 3078 2306 ne Nähe... Ich hatte mich dem Grabe meiner Gat-
840 2218 3072 2434 tin genähert und stand da, gestützt auf das Git-
840 2408 2830 2591 terwerk eines benachbarten Grabmals.... Er
837 2510 3104 2793 schritt an mir vorüber, sah mich gelassen an...
848 2691 3081 2965 Ich wollte ihn anrufen, ich habe es nicht getan
863 2851 3043 3116 .... Ich habe gesehen, wie er sich dem Ausgang
860 3014 3061 3256 des Kirchhofes näherte und bin noch immer dage-
883 3166 3160 3416 standen... Ich weiss nicht, wie mir war... Ich
874 3309 3116 3580 weiss auch nicht, wie mir jetzt ist... Aber es
889 3463 3239 3787 kommt ein Tag, morgen... morgen sehen, wo ich
