3144 4072
2438 387 2578 606 10
541 640 2777 814 musste wieder hin... am späten Abend.... Einsam
555 771 2794 962 der Friedhof, Niemand weit und breit.... Das er-
563 945 2743 1129 ste Mal heute bin ich niedergesunken und haben
563 1112 2743 1272 die Erde geküsst, unter der sie ruht. Und habe
575 1235 2814 1451 dann geweint, ja, geveint.... Es war so still...
572 1411 2811 1599 die Luft kalt und ruhig. Ich bin dann aufgestan-
578 1556 2842 1790 den und durch die Gräberreihen der Kirchhofstüre
586 1741 2711 1923 zu. Und es blieb vollkommen einsam; so scharf
597 1878 2817 2060 blickte der Mond über die Kreuze und Denkmäler,
600 2040 2876 2208 dass ich Jeden hätte sehen müssen. Eine Frau sah
615 2208 2899 2367 ich auch im Weggehen, mit dem schwarzen flattern-
612 2359 2794 2524 den Schleier und dem Taschentuch.... ich kenne
623 2481 2876 2714 sie schon so genau, diese Frauen. Und die breite
615 2660 2717 2851 Strasse, die der Stadt zuführt, lag weiss im
623 2845 2660 2996 Lichte des Mondes da. Ich hörte immer meine
1477 2967 1676 3041 was
634 2970 2762 3132 Schritte; Niemand kam hinter mir; lange blieb
646 3127 2845 3292 ich ganz einsam ###, bis die ersten Vorstadthäu-
643 3266 2868 3448 ser kamen und die ersten Wirtsstuben. Da gab es
649 3454 2933 3625 auf einmal wieder Menschenstimmen und Tritte und
