3480 4168
2665 382 2749 590 7
749 640 3050 868 heit, Zukunft, die eben die Ewigkeit selber sind
770 790 3070 1030 ... Aber ich habe nie zu Jenen gehört, die geru¬
764 987 2952 1184 hig ihres Weges zu Seiten der Landstrasse wan-
776 1140 2943 1401 dern, sich ab und zu tiefer in die Wiesen und
790 1294 2972 1505 Wälder verirren, und sich ins Grüne legen kön-
790 1441 3085 1681 nen, selig den Morgen eintrinkend. Auf die Bäume
804 1635 3091 1840 bin ich gestiegen und habe ins Weite hinausgese-
813 1759 3050 2002 hen, dorthin, wo die Landstrasse im Grauen ver-
839 1950 2972 2141 schwindet und der Lenz zu sterben anfängt....
839 2057 3096 2286 Und hier... hier in diesem Zimmer, beim Fenster,
845 2243 3050 2448 war es ja, als mein Weib einmal zärtlich meine
854 2399 3001 2610 Wangen küsste und mich ein so eisiger Schauer
877 2512 3105 2810 durchlief.... Die Minuten, Stunden, Tage, Jahre
885 2691 3169 2940 tollten davon, unsere Zeit war um.... Alt, Beide,
888 2847 3140 3160 das Ende, dass Ende!... So habe ich meine Liebe
906 3012 3203 3325 entheiligt, weil ich dachte, dass sie verblassen
894 3128 3229 3452 musste... Und nun entheilige ich meinen Schmerz,
929 3313 3227 3600 indem ich daran denke, dass ich wieder einmal lä-
943 3585 1667 3854 eheln werde!...
