3432 4136
2566 395 2709 616 18
767 657 2996 907 leicht auch eine Blume von ihm... wie soll man
764 828 3014 1038 das der Blume ansehen?... Was habe ich denn fin-
776 979 3049 1154 den wollen?... Bewahrt denn eine Frau etwas auf,
788 1113 3025 1308 was sie verraten könnte?... Ich habe auch in ih-
785 1302 3049 1485 ren Kleidern, die noch dahängen, herumgesucht...
802 1383 2930 1636 ein kleines Briefchen, ein Zettel, den man in
802 1564 2927 1825 die Hand drückt, ist leicht vergessen... Sie
808 1744 2188 1979 aber hat nichts vergessen...
1113 2186 3098 2406 Ich bin nicht mehr auf dem Friedhofe gewe-
843 2372 3043 2566 sen. Mich schaudert davor, das Grab wiederzuse-
840 2496 3028 2755 hen... Es kommen ruhigere Minuten.... Nachdem
852 2650 3069 2871 die ersten Tage vorübergegangen sind, ohne dass
866 2793 3206 3052 ich wahnsinnig geworden, muss ich mich darein fin.
863 2976 3139 3200 den, nie die Wahrheit erfahren zu können... Wie
875 3089 3165 3368 beneide ich jene Betrogenen, die über ihr Unglück
933 3313 1378 3429 geworden
875 3278 3150 3540 klar sind! Wie beneide ich selbst das Los derje-
889 3447 3072 3723 nigen, welche ein Verdacht quält und die weiten
