3464 4200
792 500 2426 626 1889. An der schönen blauen Donau:
1895 598 2266 646 ====  ======
997 623 1735 685 � ̃ * * *  ==================
1592 809 2069 910 Ander
1238 817 1519 924 Der
1154 898 2313 971 .................................+ ̃
823 1014 2749 1151 Aus dem Tagebuche eines Hinterbliebenen.
997 1185 2875 1297 Von Arthur Schnitzler.
1126 1491 2277 1617 Allein! - Ganz allein...
1134 1617 2956 1780 Vor meinem Schreibpulte sitze ich; die
856 1791 3001 1951 Luchter brennen... die Tür zu dem Zimmer, das
873 1920 3010 2117 einst das ihre war, steht weit offen, und wie
879 2103 3125 2277 ich meinen Blickerhebe, versinkt er in den dunk-
879 2263 3130 2434 len Raum. Glitzernd von den Häusern drüben spie-
884 2440 2979 2603 len Lichtreflexe an meine Fensterscheiben...
907 2597 3125 2774 Wie neu, wie brutal das ist,, Sie hat die Vor-
904 2746 3026 2925 hänge in meinem Arbeitszimmer immer niederge-
918 2886 3178 3083 lassen, wenn der Abend kam; kein Lärm der Stras¬
926 3024 3153 3234 se, kein Licht des Gegenüber durfte zu uns her-
943 3324 1241 3405 ein...
1230 3349 3088 3532 Und die Stunden gingen hin. Ich bin auf
955 3507 3111 3829 und ab spaziert in meinem Zimmer; auch in dem
3119 3582 3251 3745 by
3024 3773 3189 3902 1.
