3464 4168
1038 555 2905 799 Wer ist jener Mann mit dem blinden Haar
762 743 2905 987 und den klagenden Augen? Um wen weint er? Die
774 842 2970 1144 Ruhestätte, die er Tag für Tag aufsucht, liegt
2873 1041 2990 1095 G.C.F.P.
785 1038 3013 1269 wenige Schritte von dem Grabe meiner Gattin...
797 1184 3078 1414 Der Mann ist mir aufgefallen, weil ich ihn nicht
797 1317 3070 1545 so sehr hassen kann wie die Anderen. Er ist frü-
817 1499 2979 1710 her da als ich und bleibt noch, wenn ich mich
834 1630 3027 1886 entferne.... Vielleicht wäre ich nicht auf ihn
839 1784 3130 2031 aufmerksam geworden, wenn ich nicht einmal seine
831 1943 2984 2211 Blicke mit einem Glanz so tiefen Mitleids auf
848 2122 3132 2378 mir ruhen gefäählt hätte, dass ich fast erbebte.
876 2302 3130 2529 Ich schaute ihn fest an; er wandte sich langsam
879 2435 3021 2703 um und schritt der Friedhofsmauer entlang....
896 2515 3121 2848 Ich muss ihn übrigens kennen... von früher her
927 2731 3161 3004 ... Aber woher?... Haben wir uns auf einer Rei-
916 2871 3101 3147 se getroffen?.. Habe ich ihn im Theater gese-
916 3053 3036 3323 hent... Oder nur auf der Strasse?... Er muss
925 3192 3223 3477 mein Schicksal ahnen und ein ähnliches erlebt ha-
942 3346 3201 3633 ben wie ich; nur so erkläre ich mir jenen Blick,
945 3502 3101 3778 der mir unvergesslich bleiben wird... Er ist
