3176 4088
2574 350 2708 495 11
612 584 2813 814 Lärm. Mir aber tat es ganz wohl, und jetzt, da
632 769 2887 943 ich nach meiner Abendwanderung zuhause angelangt
638 911 2922 1093 bin, habe ich ein seltsames, seit lange nicht ge-
638 1113 2845 1279 hegtes Verlangen empfunden, mein Fenster aufzu-
635 1250 2859 1427 machen, wieder Menschenstimmen und Strassenlärm
644 1387 2856 1592 zu hören. Aber die Nacht ist weitergeschritten,
649 1523 2828 1751 und es wird stille unten.... Auch frieren mich
658 1717 2802 1919 die Finger, während ich dieses niederschreibe,
661 1879 2785 2107 weil es kalt zu werden beginnt; und das Licht
666 2047 2412 2275 zittert trotz der unbewegten Luft....
977 2460 2876 2688 Ich stand da, hart an der Friedhofsmauer,
695 2671 2902 2828 und die hohe Weide verbarg mich seinen Blicken.
689 2808 2850 3004 Frühmorgens war ich gekommen - der Allererste.
712 2941 2936 3164 Im Häuschen des Totengräbers brannte sogar noch
712 3109 2947 3306 ein Licht. Bald nach mir aber erschienen Andere,
700 3235 2939 3437 Frauen zumeist.... Endlich er.... Ruhig schritt
723 3417 2959 3665 er dem Platze zu, wo er gewöhnlich weilt.... Im-
