<?xml version="1.0" encoding="UTF-8" standalone="yes"?>
<PcGts xmlns="http://schema.primaresearch.org/PAGE/gts/pagecontent/2013-07-15" xmlns:xsi="http://www.w3.org/2001/XMLSchema-instance" xsi:schemaLocation="http://schema.primaresearch.org/PAGE/gts/pagecontent/2013-07-15 http://schema.primaresearch.org/PAGE/gts/pagecontent/2013-07-15/pagecontent.xsd">
    <Metadata>
        <Creator>prov=READ-COOP:name=TrHtr:version=2.1.0:model_id=51170:date=14_08_2023_13:19</Creator>
        <Created>2023-05-10T14:20:24.662+02:00</Created>
        <LastChange>2023-08-14T13:19:39.887+02:00</LastChange>
        <TranskribusMetadata docId="1428612" pageId="55418625" pageNr="25" tsid="132803096" status="IN_PROGRESS" userId="64420" imgUrl="https://files.transkribus.eu/Get?id=RQNJGQJYRURFTKCSAFLVIABB&amp;fileType=view" xmlUrl="https://files.transkribus.eu/Get?id=CVTENOMBBVFJCRKNZFVHOMWB" imageId="44692729"/>
    </Metadata>
    <Page imageFilename="1428612_0025.jpg" imageWidth="3448" imageHeight="4136">
        <ReadingOrder>
            <OrderedGroup id="ro_1711787156004" caption="Regions reading order">
                <RegionRefIndexed index="0" regionRef="tr_1"/>
                <RegionRefIndexed index="1" regionRef="tr_2"/>
            </OrderedGroup>
        </ReadingOrder>
        <TextRegion id="tr_1" custom="readingOrder {index:0;}">
            <Coords points="850,552 3181,552 3181,2367 850,2367"/>
            <TextLine id="tr_1_tl_1" custom="readingOrder {index:0;}">
                <Coords points="2617,629 2643,629 2657,640 2672,640 2692,620 2715,617 2718,482 2700,482 2692,490 2672,490 2666,496 2643,479 2620,482"/>
                <Baseline points="2634,605 2673,602 2718,602"/>
                <TextEquiv>
                    <Unicode>12</Unicode>
                </TextEquiv>
            </TextLine>
            <TextLine id="tr_1_tl_2" custom="readingOrder {index:1;}">
                <Coords points="831,929 3052,868 3087,721 837,790"/>
                <Baseline points="850,886 853,889 898,886 942,886 987,883 1032,883 1077,883 1122,883 1166,880 1211,880 1256,880 1301,877 1345,877 1390,874 1435,874 1480,868 1524,868 1569,868 1614,865 1659,862 1703,862 1748,862 1793,859 1838,856 1882,853 1927,853 1972,853 2017,853 2062,850 2106,850 2151,847 2196,847 2241,844 2285,844 2330,844 2375,844 2420,844 2464,844 2509,841 2554,838 2599,838 2643,832 2688,832 2733,832 2778,832 2822,832 2867,829 2912,826 2957,823 3002,820 3046,820 3091,817"/>
                <TextEquiv>
                    <Unicode>wachen, weiter spionieren dürfen, die den glück-</Unicode>
                </TextEquiv>
            </TextLine>
            <TextLine id="tr_1_tl_3" custom="readingOrder {index:2;}">
                <Coords points="837,1073 2778,990 3055,1050 3153,1041 3159,894 2772,842 842,923"/>
                <Baseline points="856,1041 880,1044 925,1044 969,1041 1014,1041 1059,1041 1104,1038 1148,1035 1193,1035 1238,1032 1283,1032 1327,1032 1372,1029 1417,1029 1462,1026 1506,1023 1551,1020 1596,1020 1641,1017 1686,1017 1730,1014 1775,1014 1820,1011 1865,1011 1909,1011 1954,1008 1999,1008 2044,1005 2088,1005 2133,1005 2178,1002 2223,999 2267,999 2312,999 2357,996 2402,996 2446,993 2491,993 2536,987 2581,987 2626,984 2670,984 2715,981 2760,981 2805,978 2849,978 2894,975 2939,975 2984,972 3028,972 3073,969 3118,969 3163,966"/>
                <TextEquiv>
                    <Unicode>seligen Augenblick erwarten, in dem die Ungetreuen</Unicode>
                </TextEquiv>
            </TextLine>
            <TextLine id="tr_1_tl_4" custom="readingOrder {index:3;}">
                <Coords points="851,1249 1122,1287 1373,1200 1705,1264 2873,1145 3055,1212 3116,1041 857,1099"/>
                <Baseline points="871,1220 880,1220 925,1217 969,1217 1014,1214 1059,1211 1104,1211 1148,1208 1193,1208 1238,1205 1283,1205 1327,1202 1372,1199 1417,1196 1462,1196 1506,1193 1551,1193 1596,1190 1641,1187 1686,1187 1730,1184 1775,1181 1820,1181 1865,1178 1909,1178 1954,1178 1999,1178 2044,1178 2088,1175 2133,1172 2178,1166 2223,1163 2267,1163 2312,1160 2357,1160 2402,1157 2446,1154 2491,1154 2536,1151 2581,1148 2626,1148 2670,1145 2715,1145 2760,1142 2805,1142 2849,1139 2894,1136 2939,1136 2984,1136 3028,1139 3073,1139 3118,1142"/>
                <TextEquiv>
                    <Unicode>sich durch einen Blick, ein Wort verraten wird.</Unicode>
                </TextEquiv>
            </TextLine>
            <TextLine id="tr_1_tl_5" custom="readingOrder {index:4;}">
                <Coords points="923,1414 2943,1342 3015,1209 1356,1292 1261,1235 929,1316"/>
                <Baseline points="942,1381 960,1381 1005,1375 1050,1372 1095,1369 1139,1366 1184,1363 1229,1360 1274,1357 1318,1360 1363,1357 1408,1354 1453,1354 1498,1351 1542,1351 1587,1345 1632,1342 1677,1342 1721,1339 1766,1336 1811,1333 1856,1330 1900,1330 1945,1330 1990,1327 2035,1327 2079,1324 2124,1321 2169,1321 2214,1318 2258,1316 2303,1313 2348,1313 2393,1313 2438,1310 2482,1307 2527,1307 2572,1304 2617,1307 2661,1304 2706,1301 2751,1298 2796,1298 2840,1295 2885,1292 2930,1289 2975,1286 3019,1286"/>
                <TextEquiv>
                    <Unicode>. Ich aber bin ein Verdammter für ewige Zeit;</Unicode>
                </TextEquiv>
            </TextLine>
            <TextLine id="tr_1_tl_6" custom="readingOrder {index:5;}">
                <Coords points="851,1581 3067,1483 3119,1272 2527,1411 857,1454"/>
                <Baseline points="871,1542 880,1542 925,1539 969,1536 1014,1536 1059,1533 1104,1530 1148,1527 1193,1524 1238,1524 1283,1521 1327,1521 1372,1518 1417,1515 1462,1515 1506,1515 1551,1512 1596,1509 1641,1506 1686,1504 1730,1501 1775,1501 1820,1498 1865,1495 1909,1492 1954,1492 1999,1492 2044,1489 2088,1486 2133,1483 2178,1483 2223,1480 2267,1477 2312,1477 2357,1474 2402,1474 2446,1474 2491,1474 2536,1471 2581,1471 2626,1468 2670,1465 2715,1459 2760,1459 2805,1456 2849,1453 2894,1450 2939,1447 2984,1444 3028,1444 3073,1441 3118,1441"/>
                <TextEquiv>
                    <Unicode>denn das Grab giebt keine Antwort.... Und manch-</Unicode>
                </TextEquiv>
            </TextLine>
            <TextLine id="tr_1_tl_7" custom="readingOrder {index:6;}">
                <Coords points="848,1731 3012,1676 3113,1644 3119,1526 854,1613"/>
                <Baseline points="868,1706 886,1706 931,1703 975,1700 1020,1700 1065,1697 1110,1694 1154,1694 1199,1692 1244,1689 1289,1689 1333,1686 1378,1686 1423,1683 1468,1680 1512,1680 1557,1674 1602,1671 1647,1668 1692,1665 1736,1662 1781,1659 1826,1656 1871,1653 1915,1653 1960,1650 2005,1650 2050,1650 2094,1644 2139,1644 2184,1644 2229,1641 2273,1638 2318,1635 2363,1632 2408,1632 2452,1629 2497,1629 2542,1626 2587,1620 2632,1617 2676,1614 2721,1614 2766,1611 2811,1608 2855,1608 2900,1608 2945,1602 2990,1602 3034,1599 3079,1596 3124,1590"/>
                <TextEquiv>
                    <Unicode>mal fahre ich des Nachts aus meinen wüsten Träu-</Unicode>
                </TextEquiv>
            </TextLine>
            <TextLine id="tr_1_tl_8" custom="readingOrder {index:7;}">
                <Coords points="863,1893 3139,1800 3171,1696 871,1769"/>
                <Baseline points="880,1862 892,1862 937,1862 981,1859 1026,1856 1071,1856 1116,1853 1160,1850 1205,1850 1250,1850 1295,1847 1339,1850 1384,1844 1429,1841 1474,1838 1518,1832 1563,1829 1608,1829 1653,1826 1697,1823 1742,1820 1787,1817 1832,1817 1877,1811 1921,1811 1966,1808 2011,1808 2056,1805 2100,1805 2145,1802 2190,1799 2235,1799 2279,1793 2324,1793 2369,1790 2414,1790 2458,1790 2503,1784 2548,1784 2593,1778 2637,1775 2682,1772 2727,1769 2772,1766 2817,1766 2861,1763 2906,1763 2951,1757 2996,1754 3040,1754 3085,1751 3130,1745 3175,1745"/>
                <TextEquiv>
                    <Unicode>men auf, von dem Gedanken gequält, dass ich viel-</Unicode>
                </TextEquiv>
            </TextLine>
            <TextLine id="tr_1_tl_9" custom="readingOrder {index:8;}">
                <Coords points="871,2077 2348,1956 3104,1988 3113,1832 877,1953"/>
                <Baseline points="886,2035 922,2035 966,2032 1011,2029 1056,2026 1101,2023 1145,2020 1190,2017 1235,2014 1280,2014 1324,2011 1369,2008 1414,2005 1459,2002 1504,1996 1548,1993 1593,1993 1638,1990 1683,1987 1727,1987 1772,1984 1817,1981 1862,1981 1906,1978 1951,1975 1996,1972 2041,1972 2085,1966 2130,1963 2175,1960 2220,1957 2264,1954 2309,1954 2354,1951 2399,1948 2444,1945 2488,1945 2533,1942 2578,1939 2623,1936 2667,1930 2712,1930 2757,1927 2802,1924 2846,1924 2891,1921 2936,1918 2981,1915 3025,1915 3070,1912 3115,1912"/>
                <TextEquiv>
                    <Unicode>leicht das Andenken einer Unschuldigen entweihe</Unicode>
                </TextEquiv>
            </TextLine>
            <TextLine id="tr_1_tl_10" custom="readingOrder {index:9;}">
                <Coords points="2934,2066 2948,2066 2989,2031 3012,2034 3021,2043 3038,2034 3049,2040 3096,2034 3136,2045 3139,1994 3078,1991 3052,1968 3041,1976 3026,1970 3015,1976 2998,1962 2960,1982 2940,1982"/>
                <Baseline points="2954,2029 2963,2029 3008,2029 3052,2026 3097,2023 3142,2023"/>
                <TextEquiv>
                    <Unicode>G.C.H.F.P</Unicode>
                </TextEquiv>
            </TextLine>
            <TextLine id="tr_1_tl_11" custom="readingOrder {index:10;}">
                <Coords points="923,2207 2995,2161 3113,2152 3119,2040 1844,2095 1644,2031 926,2138"/>
                <Baseline points="940,2205 975,2202 1020,2199 1065,2196 1110,2193 1154,2190 1199,2187 1244,2187 1289,2181 1333,2181 1378,2175 1423,2172 1468,2172 1512,2169 1557,2163 1602,2163 1647,2157 1692,2157 1736,2154 1781,2151 1826,2151 1871,2148 1915,2148 1960,2145 2005,2142 2050,2142 2094,2136 2139,2136 2184,2133 2229,2130 2273,2127 2318,2127 2363,2124 2408,2124 2452,2121 2497,2121 2542,2118 2587,2115 2632,2112 2676,2109 2721,2109 2766,2106 2811,2103 2855,2106 2900,2103 2945,2100 2990,2097 3034,2094 3079,2094 3124,2088"/>
                <TextEquiv>
                    <Unicode>... Wie gern möchte ich sie weiter lieben, das</Unicode>
                </TextEquiv>
            </TextLine>
            <TextLine id="tr_1_tl_12" custom="readingOrder {index:11;}">
                <Coords points="891,2389 3093,2302 3179,2187 894,2291"/>
                <Baseline points="907,2357 942,2357 987,2357 1032,2354 1077,2354 1122,2351 1166,2348 1211,2345 1256,2342 1301,2339 1345,2336 1390,2333 1435,2333 1480,2330 1524,2324 1569,2324 1614,2321 1659,2318 1703,2318 1748,2315 1793,2315 1838,2315 1882,2312 1927,2312 1972,2312 2017,2309 2062,2306 2106,2300 2151,2297 2196,2291 2241,2291 2285,2285 2330,2285 2375,2282 2420,2282 2464,2279 2509,2276 2554,2276 2599,2276 2643,2273 2688,2273 2733,2273 2778,2270 2822,2267 2867,2264 2912,2264 2957,2258 3002,2258 3046,2253 3091,2250 3136,2247 3181,2244"/>
                <TextEquiv>
                    <Unicode>Weib, das mich so selig gemacht hat... Wie gern</Unicode>
                </TextEquiv>
            </TextLine>
        </TextRegion>
        <TextRegion id="tr_2" custom="readingOrder {index:1;}">
            <Coords points="910,2346 3227,2346 3227,3629 910,3629"/>
            <TextLine id="tr_2_tl_1" custom="readingOrder {index:0;}">
                <Coords points="894,2519 1653,2568 3038,2455 3153,2421 3159,2294 897,2432"/>
                <Baseline points="910,2521 922,2521 966,2518 1011,2515 1056,2512 1101,2512 1145,2509 1190,2506 1235,2503 1280,2503 1324,2500 1369,2497 1414,2494 1459,2491 1504,2488 1548,2485 1593,2482 1638,2479 1683,2479 1727,2479 1772,2476 1817,2473 1862,2470 1906,2467 1951,2467 1996,2467 2041,2464 2085,2461 2130,2458 2175,2455 2220,2452 2264,2449 2309,2449 2354,2446 2399,2444 2444,2441 2488,2438 2533,2435 2578,2432 2623,2432 2667,2429 2712,2426 2757,2426 2802,2423 2846,2423 2891,2420 2936,2417 2981,2414 3025,2408 3070,2405 3115,2402 3160,2396"/>
                <TextEquiv>
                    <Unicode>möchte ich xxxx sie hassen können, die Er-</Unicode>
                </TextEquiv>
            </TextLine>
            <TextLine id="tr_2_tl_2" custom="readingOrder {index:1;}">
                <Coords points="906,2721 3133,2611 3142,2441 915,2582"/>
                <Baseline points="925,2676 945,2679 990,2673 1035,2673 1080,2670 1125,2667 1169,2664 1214,2664 1259,2658 1304,2655 1348,2655 1393,2655 1438,2649 1483,2649 1527,2646 1572,2643 1617,2640 1662,2637 1706,2632 1751,2629 1796,2629 1841,2623 1885,2620 1930,2617 1975,2617 2020,2614 2065,2611 2109,2611 2154,2608 2199,2605 2244,2602 2288,2599 2333,2596 2378,2593 2423,2593 2467,2593 2512,2590 2557,2587 2602,2584 2646,2581 2691,2581 2736,2578 2781,2575 2825,2575 2870,2572 2915,2572 2960,2572 3005,2572 3049,2569 3094,2569 3139,2563"/>
                <TextEquiv>
                    <Unicode>bärmliche, die mich betrogen und beschimpft...</Unicode>
                </TextEquiv>
            </TextLine>
            <TextLine id="tr_2_tl_3" custom="readingOrder {index:2;}">
                <Coords points="915,2845 1812,2850 2322,2761 2605,2813 2787,2744 2972,2798 3182,2770 3191,2634 920,2726"/>
                <Baseline points="931,2828 954,2828 999,2828 1044,2825 1089,2825 1133,2825 1178,2820 1223,2817 1268,2814 1313,2811 1357,2811 1402,2811 1447,2808 1492,2802 1536,2799 1581,2796 1626,2790 1671,2790 1715,2787 1760,2781 1805,2778 1850,2778 1894,2775 1939,2769 1984,2769 2029,2766 2073,2766 2118,2763 2163,2760 2208,2760 2253,2757 2297,2754 2342,2751 2387,2748 2432,2748 2476,2742 2521,2742 2566,2739 2611,2739 2655,2736 2700,2733 2745,2730 2790,2730 2834,2727 2879,2724 2924,2721 2969,2721 3013,2718 3058,2715 3103,2712 3148,2709 3193,2712"/>
                <TextEquiv>
                    <Unicode>Vor mir, hier auf dem Schreibtische steht wieder</Unicode>
                </TextEquiv>
            </TextLine>
            <TextLine id="tr_2_tl_4" custom="readingOrder {index:3;}">
                <Coords points="932,3023 2856,2946 3171,2894 3176,2749 2770,2830 941,2871"/>
                <Baseline points="951,2981 984,2978 1029,2975 1074,2972 1119,2969 1163,2969 1208,2963 1253,2963 1298,2960 1342,2957 1387,2954 1432,2954 1477,2951 1521,2948 1566,2945 1611,2939 1656,2939 1700,2936 1745,2933 1790,2930 1835,2930 1880,2927 1924,2924 1969,2921 2014,2921 2059,2918 2103,2915 2148,2915 2193,2909 2238,2906 2282,2906 2327,2903 2372,2900 2417,2900 2461,2900 2506,2897 2551,2894 2596,2891 2640,2891 2685,2885 2730,2885 2775,2885 2820,2882 2864,2879 2909,2879 2954,2873 2999,2870 3043,2867 3088,2867 3133,2867 3178,2867"/>
                <TextEquiv>
                    <Unicode>ihr Bild, denn ich habe es vom Boden aufgehoben</Unicode>
                </TextEquiv>
            </TextLine>
            <TextLine id="tr_2_tl_5" custom="readingOrder {index:4;}">
                <Coords points="929,3150 1183,3205 1391,3110 3067,3081 3127,2957 2406,2989 2250,2925 2115,3012 935,3023"/>
                <Baseline points="948,3130 984,3130 1029,3124 1074,3124 1119,3121 1163,3118 1208,3118 1253,3115 1298,3112 1342,3112 1387,3109 1432,3106 1477,3106 1521,3100 1566,3097 1611,3094 1656,3094 1700,3088 1745,3088 1790,3085 1835,3085 1880,3082 1924,3079 1969,3076 2014,3073 2059,3070 2103,3070 2148,3067 2193,3064 2238,3061 2282,3061 2327,3058 2372,3055 2417,3052 2461,3052 2506,3049 2551,3046 2596,3043 2640,3043 2685,3040 2730,3037 2775,3034 2820,3031 2864,3031 2909,3028 2954,3028 2999,3025 3043,3025 3088,3025 3133,3022"/>
                <TextEquiv>
                    <Unicode>und lasse es an seinem früheren Platze stehen.</Unicode>
                </TextEquiv>
            </TextLine>
            <TextLine id="tr_2_tl_6" custom="readingOrder {index:5;}">
                <Coords points="943,3303 3168,3217 3220,3098 949,3188"/>
                <Baseline points="963,3282 981,3285 1026,3285 1071,3279 1116,3276 1160,3273 1205,3273 1250,3270 1295,3270 1339,3267 1384,3264 1429,3261 1474,3261 1518,3258 1563,3252 1608,3249 1653,3249 1697,3246 1742,3243 1787,3240 1832,3240 1877,3237 1921,3234 1966,3234 2011,3228 2056,3228 2100,3225 2145,3225 2190,3222 2235,3222 2279,3222 2324,3216 2369,3216 2414,3216 2458,3213 2503,3207 2548,3204 2593,3201 2637,3198 2682,3196 2727,3193 2772,3193 2817,3190 2861,3190 2906,3187 2951,3187 2996,3184 3040,3181 3085,3178 3130,3175 3175,3175 3219,3178"/>
                <TextEquiv>
                    <Unicode>Wenn ich dich anbeten dürfte, hinstürzen vor die</Unicode>
                </TextEquiv>
            </TextLine>
            <TextLine id="tr_2_tl_7" custom="readingOrder {index:6;}">
                <Coords points="935,3488 2934,3358 3188,3416 3223,3228 941,3373"/>
                <Baseline points="954,3449 990,3449 1035,3446 1080,3443 1125,3440 1169,3440 1214,3434 1259,3434 1304,3428 1348,3428 1393,3422 1438,3422 1483,3419 1527,3416 1572,3413 1617,3410 1662,3410 1706,3404 1751,3401 1796,3401 1841,3398 1885,3395 1930,3392 1975,3389 2020,3386 2065,3384 2109,3384 2154,3381 2199,3381 2244,3378 2288,3375 2333,3372 2378,3369 2423,3369 2467,3363 2512,3363 2557,3360 2602,3357 2646,3357 2691,3351 2736,3348 2781,3348 2825,3345 2870,3345 2915,3342 2960,3339 3005,3339 3049,3336 3094,3333 3139,3324 3184,3318 3227,3303"/>
                <TextEquiv>
                    <Unicode>ses Bild, wie vor das einer Heiligen und weinen</Unicode>
                </TextEquiv>
            </TextLine>
            <TextLine id="tr_2_tl_8" custom="readingOrder {index:7;}">
                <Coords points="952,3632 3078,3557 3211,3540 3217,3410 961,3523"/>
                <Baseline points="972,3619 981,3619 1026,3619 1071,3616 1116,3613 1160,3613 1205,3610 1250,3607 1295,3604 1339,3601 1384,3598 1429,3595 1474,3592 1518,3589 1563,3583 1608,3583 1653,3577 1697,3577 1742,3574 1787,3574 1832,3572 1877,3569 1921,3566 1966,3566 2011,3560 2056,3557 2100,3554 2145,3554 2190,3548 2235,3548 2279,3545 2324,3545 2369,3542 2414,3542 2458,3539 2503,3536 2548,3533 2593,3530 2637,3524 2682,3524 2727,3521 2772,3518 2817,3515 2861,3512 2906,3509 2951,3503 2996,3503 3040,3497 3085,3494 3130,3491 3175,3488 3219,3482"/>
                <TextEquiv>
                    <Unicode>Wenn ich dich verachten dürfte, dieses Bild zer-</Unicode>
                </TextEquiv>
            </TextLine>
        </TextRegion>
    </Page>
</PcGts>
