3160 4104
535 669 1248 862 schön und jung.
814 1240 2891 1461 Nun... da ich weder hier vor meinem Schreib.
554 1405 2690 1626 tisch sitze und das Konterfei der Teuren, die
549 1604 2681 1816 mein Weib, mein Alles, nein Glück, meine Welt
557 1716 2810 1928 war, von welken Blumen umrahmt, vor mir steht...
571 1892 2687 2085 kehrt mir die Besinnung langsam wieder. Tage,
565 2074 2807 2250 wie die letzterlebten, rauben doch wahrlich jeg-
577 2217 2757 2418 liches klare Urteil.... Ich habe heute Grosses
591 2379 2807 2544 vor.... das erste Mal wieder seinem einem Monat
591 2496 2678 2698 will ich den Bücherschrank auf sperren, weill
596 2639 2746 2866 wieder versuchen zu lesen, zu sichten, zn den¬
599 2877 940 3037 ken...
893 3440 2709 3669 Nichts von alledem habe ich getan. Ich
