3176 4120
2524 336 2654 491 13
585 497 2773 681 ihn wieder sehen, wo ich ihn fragen, so ich al-
590 700 1547 912 les wissen werde....
1457 954 1550 1053 1*
858 1110 2773 1313 Welch eine Nacht ist das! Ich kann nicht
590 1290 2798 1457 schlafen!... Es ist kaum Mitternacht vorüber.
627 1418 2852 1629 Ich will doch jetzt hin... was soll ich hier,
596 1570 2812 1802 in meiner Wohnung tun.... Ein paar Stunden nur,
607 1785 2877 1951 und die Tollheit ist wieder vorüber... Wie klar
607 1926 2841 2104 wird alles sein.... Aber bis dahin!.... Nun, es
616 2132 1717 2290 sind ja nur Stunden...
909 2567 2855 2739 Ja, ja! Auf dem Grabe meiner Gattin! Wie-
633 2702 2798 2917 der habe ich ihn dort knieen gesehen; ich bin
641 2849 2906 3086 nur zehn Schritte von ihm gestanden... Und war-
655 3030 2894 3230 um bin ich nicht gleich auf ihn gestürzt? Warum
655 3148 2897 3388 habe ich ihn nicht aufstehen, ein paar Schritte
669 3326 2824 3547 unbehindert weitergehen lassen. Wie? Habe ich
664 3487 2824 3682 das Recht nicht, ihn zu fragen, wer er ist?..
