3368 4104
2610 411 2743 640 is
765 621 2845 887 geliebt?... Ist sie nicht hier hinter meinem
759 833 2941 1012 Sessel hundertmal gewesen, hat ihre Lippen auf
759 1017 2953 1210 meinen Kopf gepresst und mit den Händen meinen
762 1128 2992 1340 Hals umschlungen?... Waren wir nicht glücklich?
799 1312 2913 1479 ... Wer aber ist dieser blinde, schöne, junge
785 1442 2975 1658 Mann?... Warum ist mir sein Gesicht so bekannt
799 1604 3058 1814 erschienen?... Ist mir's jetzt nicht, als hätte
805 1754 3024 1986 ich ihn zu wiederholten Malen, wenn ich mit ihr
808 1873 3089 2137 im Theater war oder in einem Konzerte, uns gegen-
796 2083 2941 2304 über gesehen, den Blick unverwandt auf sie ge-
816 2213 2961 2431 richtet? War es nicht er, der einmal, als ich
813 2358 3066 2596 mit ihr spazieren fuhr, dem Wagen so lange nach-
830 2545 3092 2780 geschautf... Wer war erf Wert Wert Ein Schwärmer
842 2689 3060 2907 vielleicht, den sie nicht einmal gekannt... den
844 2842 2919 3089 sie nicht einmal eines Blickes gewürdigt....
844 3012 3120 3225 Auch ich hätte ihn ja kennen müssen.... Hr hatte
859 3160 3134 3392 doch einmal in irgend einer Gesellschaft sich um
856 3298 3134 3559 zu nähern versucht.... Nein.... er hat mich viel-
867 3443 3077 3721 leicht vermieden... Er hat meine Frau gekannt,
2944 3619 3100 3911 4
