3448 4184
834 739 3061 956 reihen und betrachte mir die Leute, die da kom-
845 911 3061 1108 men, zu beten und zu weinen. Ich fange an, ein-
865 1071 3046 1279 zelne zu kennen.... Sonderbar an diesen Gestal-
879 1233 3038 1445 ten berührt mich das lypische, das immer Wie¬
868 1393 3143 1579 derkehrende... Das Mädchen, das schluchzend vor
896 1527 3155 1824 jenes Kreuz nahe der Kapelle hinainkt, immer mit
888 1650 3106 1993 dem selben Schluchzen, mit den welben Veilchen,
914 1890 3152 2084 die sie auf die feuchte Erde hinlegt, und wenn
922 1959 3198 2273 sie dann aufsteht, immer der gefestigte Ausdruck
936 2184 3158 2412 im Antlitz, das rasche Weggehen... Sie beweint
948 2318 3138 2567 einen Jüngling; er starb im vierundzwanzigsten
959 2512 3032 2727 Jahre, gewiss, sie war seine Braut.... Immer
976 2629 3243 2921 packt mich der Gedanke: Ja, wie kann sie denn da
971 2758 3095 3021 wieder aufstehen, woher der getröstete Blick,
965 2921 3158 3186 mit dem sie von dannen geht?... Ich möchte ihr
982 3066 3266 3309 nacheilen: Es giebt keinen Trost, Närrin!... Und
1008 3218 3303 3466 ich, der täglich dapin, was suche ich eigentlich?
1028 3380 3198 3634 ... Sie ärgern mich manchmal, die Leute da mit
1019 3577 3272 3820 dem Flor um den Hut, mit den dunklen Handschuhen
3038 3663 3175 3948 P.
