3472 3655
1668 1173 2751 1291 keit meinen Arbeiten geht es mir merkwürdig.
469 1164 1578 1281 Bei der großen Schätzung, auf welcher mein Verkehr
1652 1246 2781 1360 So viderlei durchlaußer, so viele neue Ausblicke
469 1272 1543 1346 mit ihnen berichte, war ich zunächst darauf
1960 1316 2155 1360 G.P.F.P
1653 1300 2721 1430 durch alte Stoffe, so sich neue Pläne haben
453 1343 1558 1424 hingeriesen, die Schuld an Vier Handlung in
1666 1373 2732 1483 mich selten auf einmal beschäftigt. Und wenn
454 1414 1608 1479 mir allein zu suchen, das hat mir manche, sehr
1917 1445 2021 1493 G.H.F.P
1679 1438 2706 1558 Das Gefühl der grossen Unrichtigkeit mich nicht
454 1474 1562 1559 verzeigte Stunde verursacht. Jetzt bin ich nur
1796 1520 1888 1567 G.C.F.P
1673 1512 2807 1593 hinderte, könne ich mit rascher vorwärts. Schliess¬
446 1548 1564 1626 über die inneren und äußeren Gründe, über
1919 1584 2007 1631 G.C.F.P
1662 1578 2736 1665 lich wird ja doch der Todesgedanke, der nicht
431 1626 1593 1704 die Art, in welcher diese Gründe mit dem Leben
1132 1662 1337 1718 betheiligten
1647 1659 2716 1745 immer mehr und mehr meiner hansichtigt,
449 1692 1604 1780 im Allgemeinen und mit den Personen im Geson¬
1657 1722 2718 1842 seine Wirkung ausüben, und mich an ein
469 1756 1578 1852 deren zusammenhängen vollständig klar, und
1652 1797 2723 1939 tiel führen. Ist es nicht sonderbar, dass ich
460 1832 1564 1932 deshalb spreche ich es – wie um der Ordnung
2024 1869 2103 1921 G.C.F.P
1637 1871 2751 1975 an den Tod unablässiger denn je, aber ohne
466 1895 1549 1994 willen-aus. Ich thue es übrigens auch, weil ich
2171 1946 2252 2007 cet
1636 1949 2758 2070 Qnal und ohne Angst, da beinahe mit Neu.
460 1991 1603 2066 nicht weiß, ob nicht in ähnlicher oder anderer
1838 2021 2047 2076 de Votre Mme de
1644 2022 2760 2142 gierde durke? Ich bilde mir aus untersachen
460 2057 1603 2136 Weise diese Angelegenheit mit Ihnen besprochen
2017 2096 2220 2148 Pour Votre P.P.
2309 2087 2387 2154 G.C.P.
1649 2107 2741 2224 Gründen ein. Das ich mit fünfunddreipig
472 2118 1569 2223 würde, und weil ich in Ihnen gewiss nicht
1852 2175 2158 2229 G.C.F.P.S.
1646 2177 2762 2295 Jahren an einem Märztag weggehen werde.
463 2208 1567 2311 das Gefühl erhalten wissen möchte, ob hätten
1649 2242 2747 2376 und ich denke daran, die an ein Muter.
477 2276 1558 2363 Sie mir ihrer schonend zu verschweigen.
2346 2315 2471 2363 G.C.H.F.
1640 2318 2747 2452 nehmen dessen Zustande kommen zum Theil
477 2335 1565 2441 Schließlich bitte ich Sie, zu glauben, dass ich
1640 2387 2731 2520 in meiner Markt liegt. Es ist nicht selbst¬
433 2410 1561 2511 durchaus Mime gegentheiligen Verrichungen,
2035 2462 2133 2511 G.C.P.
1643 2467 2719 2568 mord, worum samt die fünfundreissig?
460 2475 1543 2576 mich keine Confidencien proviziren wolle.
1657 2526 2715 2661 Aber es ist so, als meinte nach in diesen
427 2543 1454 2664 Nicht wahr, das geämben Sie mir?
