4174 3705
1062 414 1434 529 1/1 1 1/2 1. (1)
2066 818 2526 933 Berlin, 1. Mai 86
1749 857 1892 961 212
1289 1174 2662 1266 Lieber, die Radpartie, ja, wenn ich heute nur müßte, wie und was in
1271 1239 2667 1347 drei, vier Wochen sein wird. Ich fürchte, die Radpartie wird sich nicht ma¬
1262 1308 2655 1421 chen lassen. Vorläutig nämlich ist es beschlossen, dass ich am 20. od. 2.
1266 1368 2651 1480 nach Madrid tahre, zur Königshochzeit. Da käme ich erst am 10. Juni
1260 1423 2683 1513 nieder zurück, weil ich natürlich toledo, sevilla, Cadiz, Tanger,ibraltar,
1269 1480 2666 1598 Grauenda mitnemme, und den Weg zünich über Lissabon führ. Da gäbe
1264 1515 2648 1639 es dann – anner dem contractlichen Urlaub - keine Absenz mehr. Und
1260 1568 2616 1689 die wir Wochen im Juli will ich will an einem Feilen sitzen, Teunis
1255 1607 2667 1745 spielten und arbeiten. (Ich bin im Begriff, die Herzl-Biographie zu über¬
1264 1664 2657 1775 nennen, was ich mir als eine Art von Denkmal - Portrait sehr schön durke.)
1269 1717 2616 1828 Mit dem Seebad ist das so: wir müssen dann um zum Herrn auß Einer
1273 1768 2621 1882 der Kinder wegen. Dass nur die Kinder geben Juni, Güti, August bis
1258 1811 2618 1951 Mitte September an die sec. da wird eine Wohnung genommen
1260 1855 2643 2000 und Wirtschaft geführt. Möglichnt nahe, damit sich über Sonntag
1271 1908 2660 2036 einmal hin, die manchmal zu mir in die Stadt kommen kann.
1260 1958 2595 2097 Also Bausin, Seinemünde oder Heringsdorf. Deshalb kann reh
1262 2016 2648 2129 Tann für den Juli nicht alles nach Skodsberg verlegen. Es ist ein¬
1262 2051 2627 2198 fach eine Sache des Geldes. Und bin ich seiner frä, möchte im rach bei
1271 2168 2650 2290 Wenn sich die sessunische Rüse nun durch unnd manns, schreibe ich Ihnen
1255 2163 1597 2236 den Kindern sein
1262 2250 1825 2345 remtzinnen wegen der Bartour.
1276 2262 2620 2379 Mein Brief an Hugo und der warten Verstimmung gegen Berlin dauert war
1264 2312 2653 2443 zündig, war im März nach gemeilben, während er in Haben war. Mit¬
1271 2363 2660 2471 her had ich die Sarke genau um die Frühlingssonne verBussert. Ich schrei¬
1269 2411 2648 2538 be selten, weil ich mit organisatorischen Arbeiten beschäftigt bin, mit
1260 2471 2586 2588 ich producir einiges companire, und die Stadt noch zu wenig als
1262 2510 2625 2643 publizidische Anregung fühle. Es wurden Reisebriefe, werden, und
1260 2566 2568 2696 das wäre fährte. Ich bin froh, dass mich meine selbst eintrütte
