4521 3607
2579 600 3085 683 Unterrich a. Allersee. Berghof
2762 655 2951 732 16. VIII. ii
1552 732 1995 832 FELIX SALTEN
1820 901 1940 1017 Lieber
1940 931 3166 1049 ich dankte keinen herzlich für Juren auspäterlichen Brief. Sie erinnern sich ja genoss,
1590 992 3162 1092 den sie selbst nur in h. Gulden sagten, sie können jetzt auf dem Sammung mit Herrn Benedikt
1590 1035 3134 1161 zusammen, und ob es mir da reut sei, wenn sie bei einer sich ergebenden Gelegenheit müsser der
1598 1086 3168 1210 nähmig um müssen. Ich wäre ja nicht auf derm Einfall gerathen, Frau erinnern dachte ich nicht
1588 1125 3132 1271 Herrn, [Inn sie jezt und Herrn Benewitts zusammen Treffen, dann auch müßte ich ja, dem sie sich
1596 1171 3158 1301 durch freundschaftliche Rücksichtnahme auf Herrn Dr Rümelzimmer in dieser Sache gehindert
1600 1226 3179 1365 füllten. Eine Erwähnung meiner Person und meines Aushille aus der zur Herrn Bundesrück gegenüber
1596 1275 3168 1403 nätte für mich nicht auch nur informativen Erfolg neben sollen. Denn nie sie nissen, nahm mir
1596 1314 3179 1452 überein gekommen, dass die muß Inservenirendes sagen. Wenn sie nun den Eindruck erhielten,
1602 1373 3160 1503 Tun selbst ein noch so beiläufiges Erwähnen meines kassens bei Herrn Arndiks die Vermutung
1602 1419 3183 1552 du absichtlichen und Inverneuirenden weiten würde, denn nur es natürlich sehr gut, schrädiges
1600 1482 3181 1605 gang zu anweiden, und ich danke Ihnen vidmals dafür. Was Herrn Bad betrifft, glaube ich nicht,
1596 1535 3174 1663 Iun ich Ihn befolgen werde. Erkuns reip ich ja uny selber nicht, ob ich jennoch nieder eine fixe
