4552 3513
2012 1161 3436 1258 nich erboten kann. Vernehme graut uns ein Bösmen war dem Umzug in Min¬
2011 1244 3421 1312 vor allen Zustenkten, die mir und den Haus, den möllen. An Handreckern
2016 1292 3382 1388 uns zunächst mit dem Kausherrn haben werden, der mich nieder und
2023 1354 2598 1439 immer nieder zu überöpfen muss.
2016 1400 3427 1489 Ich freue mich sehr, dann es Herrer Schwester gut gehö. Grittl. müssen Sie in viele¬
2020 1464 3425 1536 mals von uns! Haken Sie mün in München Herr Kirchenrein zusammen¬
2023 1536 3398 1609 geteht? Ich bin nicht mögig darauf, und wüßte ganz, wenn sind
2020 1593 3365 1662 wohin sie gehen. Jedenfalls müde ich Sie aber doch gerne orher noch
2023 1634 3413 1708 nungen nicht, was ich mir lebstaht müssen, und müsse, wenn sich
2016 1694 3398 1772 gedannt, auch der Pragianen als Privat-Konzert zu hören zusammen.
2023 1751 3379 1846 Ich bin jetzt er gännig nicht, den sie an dienst Urkönig Freude haben werden.
2023 1812 2690 1890 wenn sie nieder öffentlich siezen.
2023 1839 3416 1949 Kas haben Sie dazu zirägt, sein kein r. Kratik für das Bürglmatur Landwirt
2011 1913 2446 2004 mir? Syngsörnauerg
2177 1940 3209 2064 Viele Möglichte Grüße von uns allen, wenn von Frechern.
2804 1998 3407 2112 vermeintig zur Frau Sattin
2041 2193 3388 2292 kann, dann die Zes-Geschmack von Züd schon so schr. für zusammten hält.
2050 2278 3400 2368 das ich im böter zeichnen. Franz Gedre und most oben auch nur einen seiner
2055 2317 3370 2418 schrägen Schatten voraus! Wie ich die Gesellschaft im günstlicher zu kennen
2059 2375 3381 2478 glaube, wenn sie und Womme mit Schadenfreude und und allen
2059 2437 3420 2519 eigenrübungen der Strebsamkeit, an der Kattestisierung des Angestanis mit
2051 2489 3437 2590 helfen. Ich habe schr. das Gefühl, dann in Deiner Bezahlung ungestimmte Dinge bevor¬
2062 2559 2659 2650 stehen. Wer gäten wird mit sehen!
2266 2600 3037 2720 Auf sich's Wirdischen und sich verzeichne Grüsse
3069 2636 3287 2759 In Sachen
