3487 3704
1402 963 1529 1048 108
1547 1077 2091 1235 Hietzing, 23./X. 98
1044 1468 2152 1597 Lieber Arthur, von Frau Schmittlein höre,
989 1567 2178 1702 ich, dass die Rollen zum Vermächtnis schon
979 1684 2115 1800 eingetheilt und. Vielleicht theilen sie mir.
983 1758 2143 1881 bitte, mit, ob Frl. Metzl. nichts bekommt,
986 1863 2115 1986 Ich möchte ihr doch gerne etwas Tröstendes
992 1959 2155 2085 und Beinhigendes sagen, ehe sie's erfährt.
1003 2045 2132 2180 dann ich habe ihr nach Ihrer Zusage sehr
1006 2150 2141 2289 mit Nottmäng auf die Rolle gemacht, so
1001 2240 2178 2353 dass sie es rismal besonders schmerzlich
1019 2323 2166 2462 empfinden und, übergangen zu werden
1254 2437 1548 2577 Herzlichst.
1637 2443 1757 2561 Ihr
1779 2440 2029 2580 Satten
