3500 3706
1002 942 1343 1060 Wien. q. X. 99
712 984 842 1086 125
1600 1065 2761 1287 er mir ganz mehr, wenn sie’s aus irgend
1586 1155 2761 1370 einem Grund nicht gerne thun möchten
1697 1213 2767 1433 Hoffentlée und Sie bald wieder hest.
475 1231 1557 1440 Lieber Freund, von Hirschfeld erfahre ich. San
1605 1295 2745 1526 Hirschfeld erzählt mir, denn er Sie ganz
415 1318 1493 1548 Sie jetzt in Berlin sind, und da fällt es mir
1609 1359 2749 1608 erfüllt von Arbeit angetroffen hat; ich
415 1385 1576 1646 ein, ob sie nicht jetzt Gelegenheit hätten, mit
430 1481 1576 1708 discher im Wort über meine Vorülen zu sprechen,
1624 1493 2295 1682 freut aussi sehr danker.
435 1571 1525 1759 d.h. wenn es seiner somt parst, und wenn
2160 1542 2602 1694 herzlichst Ihr
437 1647 1512 1844 es im Übrigen Ihre Meinung ist, dass die
2476 1593 2735 1729 Saisen
444 1718 1529 1937 Novellen gut sind. Um was ich sie hissen,
460 1800 1516 1998 würde, wäre eben nicht die «Empfehlung»,
447 1854 1535 2096 sondern, wenn die übrigen muntände es er¬
463 1931 1580 2152 lauben, eine rutens voire intervention. Ich
467 2013 1641 2262 möchte sehr gerne bei Fischer verlegt werden,
483 2096 1573 2323 möchte aber von Fischer keinen Korb be¬
486 2145 1576 2388 kommen. Vielleicht macht es etwas bei
494 2244 1593 2464 ohne aus, wenn sie ohne sagen, dan in
502 2314 1599 2557 den nächsten Monaten ein Stück von mir
505 2407 1484 2636 am Volkstheater Kommit. Bitte
520 2480 1522 2713 schreiben Sie mir ein Wort, ob sie
530 2535 1628 2780 das thun können, und bitte, soigen Sie
