4178 3703
2164 797 2750 890 Bansin 17.7.06
1828 834 2004 922 222
1398 1050 2798 1164 lieber. Wir wollen schon bald – vielleicht schon diesen Freitag –
1396 1122 2808 1215 nach Kopenhagen fahren, und dann zu Ihnen nach Marienlyst
1391 1178 2738 1266 kommen. Aber wol nicht länger als auf einen oder zwei Tage.
1393 1221 2775 1308 denn bis die mönnenen, deren Grestres nur sie allein in sicher ge¬
1393 1266 2794 1358 wärtig sind. bis also die Millionen kommen, muß ich mich nach
1393 1321 2752 1412 mit Kleinigkeiten abgeben und Verhandlungen führen, kann
1393 1373 2752 1452 abro nicht so lange fortblieben. Fenner ist das Schwyränner, dass
1400 1419 2787 1503 ich nach Wien gehe. Von dort erntwelt über Ischl, Lueg. Grieben
1400 1459 2738 1556 salzburg münschen hrecher zunieck. Nur endlich ist es mêrme
1393 1505 2745 1607 Absicht, nach Wismar zu gehen, weil rth es th unbedingt
1396 1544 2736 1663 zeigen möchte, ehe mir das deutschelbe Ausz verlassen. Neun
1400 1607 2722 1698 wir uns aber nach Kapenhagen in Büregung setzen, reige er es
1401 1635 2750 1746 Husen Telegrafisch an. Inzwischen wie herzliche Grüße im xx
1398 1721 1932 1828 mir mir au Sie Beide.
2014 1707 2308 1807 Herr Halsin
