3492 3720
1450 1275 2301 1477 Salzburg, Bahnhof, 22. Juni 17.
2046 1394 2310 1475 dh. 2. machts.
862 1469 2308 1627 Lieber Freund, ich komme wegen von München herüber,
979 1480 1099 1556 Monsieur le
878 1514 2290 1699 würde hier auf den Zug nach zürich. Witte ich Ihre Adresse
1146 1590 2249 1742 sich hätte Ihnen gerne gebrochen, dem
1069 1633 2278 1814 die Frau kommen. Seine ich hier seit 12 Uhr
880 1669 1089 1757 twee ging
875 1683 2292 1893 Mächts hier. Heute früh erhärts ich in Münchenstraß
889 1748 2261 1938 Brief. Der mir - wie alles - nachgesendet wurde.
877 1730 1072 1830 in the
907 1805 2285 1992 Meine nächste Adresse ist Paris, wortet cartigermne. Ich
878 1852 2285 2055 freude moch, dass Sie arbeiten. Ich arbeite eröffnisseren
911 1902 2337 2098 auf der Plöse meinen Professur, wozu ich viel zurück habe.
909 1960 2323 2164 Wissen Sie, wo seer - Vergnahme ist. Ich möchte dem Königen
918 2006 2181 2199 den Text zu Van-Jungs Oberheitend fertig zu stellen.
907 2075 2314 2263 leben sie wol, wird lassen sich’s gut gehen, wir großen
912 2175 1778 2351 von mir. Herzwehrt Ihr Satten
