3319 3672
171 1150 1552 1272 var. Ins September schreibe ich den „Krud v. Franz“. Er ist jetzt ganz
174 1270 1625 1345 fertig dazu und eröffnet worden. Könnte ich die Tochung ist sein,
169 1316 1605 1394 wäre ich frok und unmerichte untersteld einige Gute gestande zu
164 1365 1618 1459 bringen. Mir und die Zeitungschreiberei immer berer und Eurer.
171 1447 1599 1534 Sie ich willig im September mit dem Strud“ fertig, dann mache
164 1498 1592 1599 ich die Secreise. Der Garda see genügt nur dann nichtweg nicht.
160 1549 1579 1652 In übrigen wissen sie je, wo es und meinen Planen geld. Von
171 1618 1630 1741 zwanzig projektirten Reisen ruden zwei vernirkerehr. Am 1. Seprtr.
178 1665 1632 1788 bin ich jedenfalls in Men. Vorher geru, drei, Fage Summenug oder
551 1719 1628 1832 auf nordnschen, und wiele eigereine Grüsse im
169 1776 418 1863 Schmeckung.
184 1799 1323 1954 uns zu Ihnen. Schwerben Sie mir haer wieder.
1152 1857 1478 1945 verhindert, die
1434 1881 1594 2030 Sallier
211 2096 1479 2225 Hier das Frück. aus dem "Morgen“, das Sie münschten. Die engl. Reise
204 2181 1554 2306 suche daß selbst schon aus Monaten vergebens. Hans hätten sie sie
211 2254 956 2352 schön. Pöžt habe es nicht zur Hand.
3092 362 3272 480 1
