3471 3704
2110 727 2526 851 [28 / X | B
1120 883 2491 1015 Lieber, es war mir ganz entfassen,
1118 946 2587 1095 den der 27.te unsere Satgreitto bringt.
1087 1074 2623 1234 Da könnte ich die "Thodie nicht nomm
1108 1139 2485 1293 sehen, weil sie doch zu wünren
1118 1209 2621 1360 gewisen mite, und den würde diese
1112 1282 2470 1423 Arberts als mich überflüßigen.
1103 1360 2598 1497 Krübken empfohlen wütte. Sie er¬
1103 1455 2444 1602 whernt gang wther am 4. X.
1677 1558 2321 1673 Herzt. S.
2121 1656 2262 1743 le sujet de ses
1721 2033 2104 2136 autre
1206 2117 1423 2253 Leiber,
1440 2167 2632 2266 vielleicht ist u Ihnen oder Ihrer freier
1244 2257 2680 2354 nur Intéresse, dazu Morgain bei ihren Eltern
1230 2323 2655 2407 bleibt. Dazu dürften eben dem Brief Sterer
1242 2373 2703 2476 Frans au Mirjanus Vater, niedestratte istingen¬
1228 2426 2674 2558 de Briefe wie mir am mirjem beigetragen
1232 2485 2590 2602 haben. Für den Früh, dass muss sie
1240 2547 2587 2693 davon nach nicht in keinem gerecht
1232 2600 2644 2753 hast, mede ich seinen sein Mittheilen
1986 2722 2272 2814 türst.
2318 2756 2669 2894 Sattin
1328 2878 1534 3037 T. B.
