3480 3705
1594 900 1693 1016 3
1725 950 2275 1102 den 3. September
1193 960 1459 1077 Tomasell
1100 971 1200 1109 café
1190 1051 1392 1132 SALZBURG
1127 1126 1446 1198 † gegründet 1753* †
1228 1171 1321 1240 xx
1070 1385 2270 1542 lieber Arthur, es ist 10 schönes
1065 1444 2263 1611 wester, dass ich noch ein paar
1080 1495 2349 1697 Tage hier geblieben bin. So nabe
1063 1532 2420 1749 ich noch leo Frau Jung und Goldmann
1070 1621 2335 1835 geschen. G. habe ich unverändert
1073 1661 2406 1907 gefunden und er hat weder einen
1078 1724 2418 1928 schönen hinreich gemeinert. Das ist
1067 1783 2381 1997 dich erner, von dem man sagen
1070 1860 2342 2071 kann, er sei ein absolut guter
1062 1929 2418 2128 menich. Er war sehr einb zu mir
1051 1995 2391 2197 was mir wolgelhau hat. Im
1068 2067 2383 2281 allgemeinen in meine Erinnerung
1068 2138 2238 2325 nicht gut. Ich sehe von reisen
1072 2202 2315 2386 schönen Platz aus nach einer
1083 2246 2354 2455 wie in einem dunkeln, unange¬
1087 2303 2315 2517 nehmen Nebel hinein. Ich weiß
1065 2371 2393 2607 nicht, was werden wird und fühle
1089 2477 2221 2659 meine Sorgen, auch wenn nur
1082 2504 2351 2725 an wohleben ist, wie man den
1072 2590 2322 2780 hören durch permanenter Kopf
1080 2671 2349 2841 schmerzen immer spürt und nach
1055 2721 2378 2939 schließlich daran gewöhnt. Over¬
1065 2799 2378 2966 möchte ich gerne einmal freier
1063 2873 2357 3053 athmen können, - ich glaube,
