3478 3719
807 763 2590 957 wie überall, mit den Schilderungen der Leute ichlen
816 930 2585 1058 bestellt. Ich fand wol stetes, oft ichärtes Vergab,
814 1011 2607 1149 aber eine verwalterloste Straße, voll Schotter, Theil¬
818 1107 2529 1230 weise mit Gras bewachsen, und überall fasst
821 1203 2534 1335 Außlicher Staub. Doch ging's die ganze Strecke
816 1272 2554 1395 noch leidlich, nur eine auffallend leichte
825 1375 2561 1474 denkbarkeit des Gouvernols, die ich mir nicht
839 1429 2507 1588 erklären könnte, bis zwischen Mittewald
852 1503 2583 1702 logig mein Kind einfach zu Tammeln be¬
861 1610 2587 1785 kann, und die Kugellagerung im Gouverneur
830 1686 2581 1876 bei jeder Schweschung knackte. Bei näherer
865 1782 2587 1950 Berichtigung, ergab ich das de comis ganz
850 1870 2561 2069 getretter war, offenbar war einer der Stifte
870 1948 2558 2142 die ihm halten gebrochen. In Franz fand
883 2051 2556 2225 wch am selben Tag keine Helfe, es war
841 2115 2540 2319 (Dienstag) Veiertag und alles geschlossen.
845 2209 2491 2397 mothwoch ging ich tinein, und erhoelt
854 2274 2569 2489 die Auskunft, man müsse erst unternich
859 2361 2525 2545 Und wurde mir die Post sagen lassen.
874 2453 2605 2684 Gestern Abend dann Glockner zurückgekehrt,
881 2536 2563 2726 ich die Nachricht, dass einige Rügeln, und
883 2623 2583 2829 wie ich vermuthet hatte) die Krfte gebrochen
888 2733 2583 2950 eien, und dann mein Rad nicht, wie ich
