4519 3511
2319 708 3064 861 Wien, 23. FebruarI926
1576 1084 2197 1235 Lieber Schnitzler,
2145 1169 3058 1341 Sie werden nächster Tage von
1583 1293 3082 1396 der Gräfin Hartenau ein Albumblatt erhalten und
1578 1396 3147 1498 dazu das ersuchen, dieses Blatt mit einer Widmung
1574 1475 3091 1581 für das Ehepaar Isidor und Henry Mautner zu ver¬
1572 1570 3105 1711 sehen, da die beiden im nächsten Monat ihre gol¬
1562 1632 3209 1777 dene Hochzeit feiern. Der Tod ihres Schwiegersohnes,
1572 1729 3066 1876 des pr.Hans Breuer, hat jedes Fest, das geplant
1556 1833 3103 1951 wurde, unmöglich gemacht und das Album soll, wie
1556 1907 3151 2040 mir Gräfin Hartenau sagt, die einzige Freude sein,
1523 2005 3188 2129 die man Mautners bereiten kann. Die Gräfin hat mich
1560 2120 3025 2259 ersucht, bei Ihnen wegen Ausfüllung des Album¬
1554 2174 2507 2331 blattes vorstellig zu werden.
1804 2280 2489 2420 Mit herzlichem Gruss
2619 2379 2737 2499 Ihr
2735 2454 3120 2625 Fehijsacten
