3166 3671
1758 300 2090 511 14 „ 10 „ 7 „
1570 411 1760 574 -3:-
509 606 2527 751 sprechen, dass Sie eine niedrige Gesinnung bei mir annehmen.Da-
498 709 2553 841 rin liegt nicht nur eine Fälschung meiner Kritik; (denn Sie ver-
498 812 2548 935 den allen Leuten, die meine “Freude“ nicht ausfinden können, lä-
498 896 2527 1017 chelnd zu verstehen geben, dass Sie eben ein feineres Gehör ha¬
503 1007 2461 1120 ben, als andere Menschen) darin liegt auch eine Treulosigkeit
511 1101 2538 1212 gegen unseren persönlichen Verkehr. Denn nur, wenn Sie sich al¬
448 1180 2527 1302 les dessen entschlagen, was Sie im Umgang mit mir an mir kennen
448 1249 2443 1412 gelernt haben, sind Sie imstande einen solchen Vorwurf gegen
498 1370 2490 1494 mich zu erheben. Darin liegt aber auch schon die Bereitschaft,
503 1449 2469 1610 diesen persönlichen Verkehr künftighin zur Bekräftigung Ihres
498 1563 1700 1668 Briefes umzufärben und zu verleumden
827 1634 2477 1758 Viel deutlicher geht das Verhalten, zu dem Sie sich
516 1718 2498 1879 entschlossen haben, aus dem andern Vorwurf hervor, den Sie mir
448 1831 2414 1976 machen, aus der von Ihnen sorgfältig zugefeilten Formel vom
2464 1813 2543 1900 G.C.F.P.
506 1902 2559 2042 "kaltherzig, berechnet leidenschaftlichen, politisierenden Jour-
503 2013 2503 2142 nalismus." Was Sie hier begehen, ist weit schlimmer. Gerade Sie
509 2068 2469 2234 kennen mich genug oder sind doch - was dasselbe bleibt - ver¬
511 2192 2485 2340 pflichtet, mich hinlänglich zu kennen, um zu wissen, dass ich
516 2271 2553 2411 nicht kaltherzig bin und dass, wenn Leidenschaftlichkeit bei mir
514 2364 2561 2516 irgendwo zutage tritt, nicht die Spur einer Berechnung mit dabei
516 2466 2458 2627 ist. Gerade Sie wissen, warum ich als produktiver Mensch den
516 2532 2540 2706 Journalismus ausübe und wie ich ihn aus übe. Dass ich jemals po¬
522 2648 2572 2804 litisierend meine Urteile gedrechselt hätte, ist aus meinem Lebe
524 2756 2556 2885 kein einziges Mal ersichtlich. Trotzdem verjen Sie mir diese
527 2827 2564 2975 Worte zu und vergreifen sich an mir. Sie - an mir, Sie, der den
530 2909 2646 3070 Journalismus mit solcher Mühe umwirbt - an mir, der ich von meinem
538 3001 2503 3170 Standpunkt aus mit Ihnen über Journalismus gar nicht zu reden
543 3091 2503 3270 brauchte; - Sie - an mir, der Sie sich damit begnügen, in ge¬
551 3175 2538 3378 fahrlos verschwiegenen Zimmern ohne alle Verantwortung zu pre-
