4174 3705
2453 303 2654 557 1., 1.50
2342 535 2599 709 durch:
792 530 1228 668 Z' Vatter
1092 543 2985 872 De chariottenburg 2454 61/60 21 4/25-8, = für m. Mittag
935 841 2806 1062 reicher jullan so vollstaendig vergriffen und falsch
921 1012 2869 1241 erden in text so unsicher dass ich es vorzog überhaupt
839 1217 2839 1443 ichts ueber reprise zu schreiben, halte einen anderen,
932 1440 2938 1650 lleicht minder nachhaften aber frischen schauspieler fuer
2800 1595 2916 1677 Monsieur
2775 1658 2982 1821 M. M. H. u. ET. DE. III.
737 1633 1252 1862 D. S. Nr. 759, Auflage September 1905.
2444 1879 2555 1995 durch
825 1854 3043 2226 wien noch geeigneter als reicher der die figur von grund mit
943 2166 2789 2400 aus faelscht und viele schoenheiten der dichtung in
974 2361 2425 2588 wuesten unwandelt. herzlichst salten †
1007 2922 1310 3189 Auflage September 1903.
