3483 3672
1812 966 2044 1088 Hendig.
1397 1010 1525 1118 123
1967 1005 2298 1150 P. A. St
968 1158 2313 1355 Lieber, ich unde Ihnen gleichzeitig die versproche¬
966 1242 2275 1437 nen Zeitungen, und hätte sie, mir gelegenstich
973 1295 2231 1517 zu sagen, was sie drüber denken, und wie sie
976 1333 2330 1600 glauben, den man besser machen könnte. Nahm
986 1423 2268 1645 Sie nur über die Preumatist sehr geärgert?
993 1475 2338 1702 Ich habe mit der Rechnung sehr viel zu Thun arbeite¬
985 1540 2320 1786 aber gleichwol ziemlich mit. Ich denke ernsthaft
985 1625 2301 1831 Saran, die Moraten herauszugeben: Der Winter¬
996 1692 2224 1904 Blocbene, Flucht, Begräbnis, Meldentöd, Fernen
1015 1752 2303 1961 Sedann, leben zieit, Bitte, wegen hi mir, was
1013 1797 2353 2041 Sie davon halten, ob nämlich an diese Dinge
1030 1874 2316 2114 nicht doch zu werthlos sind. (nicht affectation)
1033 1954 2315 2181 Aber ich glaube, wenn ich in überhaupt als
1045 2006 2281 2276 Buch erscheinen lasse, dann soll ich jetzt
1053 2084 2328 2318 tuun, denn später, wenn anderes fertig ist.
