3785 3671
3114 408 3230 508 1/1
2067 924 2306 1031 mittwoch.
1770 930 1864 1038 181
2161 998 2473 1093 11.12.90
1403 1030 2512 1164 lieber, vor allein: Ihr Brief vom Timmering gab mir
1392 1134 2526 1227 am Recht zu der Annahme, sie seine verletzt, und seien
1393 1185 2530 1254 in manchen Dingen, die tücher gewesen uns gern man
1393 1251 2540 1316 den erinnert werden. Das legte mir, in meiner Erre¬
1399 1282 2514 1383 gung (das Sie begreifen müßere) den gevanken nahe, ob
1401 1326 2546 1425 es werden sam sie, sich nach diesem schrieben Einrede
1402 1382 2539 1483 regterete wieder auf Mitischem Briefe zu treffen. Nur
1392 1450 2483 1533 weil die Vorleitung in unmittelbar bevorsteht, kam
1396 1503 2510 1593 ren darauf, die in den Kreis der Discursion zu ziehen,
1388 1539 2519 1640 wir was aber ein zufälliges Zusammentreffen war,
1398 1603 2400 1684 nebenen Sie, als im meistrauen pro futuro.
1393 1620 2482 1740 Ich habe lediglich in ernein-gepäne, wie mich den
1393 1673 2536 1821 wegen! — Des Respectes von die unbemübsten Stimmung
1393 1724 2532 1846 An ernst bei unseren Vorlesungen obwillig. Uriglich
1391 1786 2500 1911 aus dem Wunsch und aus der geringurs. Die abredeute
1388 1844 2516 1948 klärheit eine für etwas alle es näwendigen Athma.
1389 1894 2520 2007 sphäre ungehömbt zu erhalten, dann tingem¬
1383 1945 2492 2045 sen, denn diese Vorlesung tre mittiret nach neun
1389 1988 2476 2119 ganz in einiger Unbesorgenheit mir gegenüber
1389 2089 1622 2164 tenden mit.
1383 2095 2500 2211 Mam Brief war in seiner sächlichen und gründlichen
1382 2139 2502 2249 Aus zu erlaßen allein schon am Freundsschichts bemüs.
1381 2199 2495 2301 Alles, um ich dann gegangen geruert anders ge¬
1389 2231 2499 2352 deuter werden, als dan sich nur die äusserste mir
1378 2286 2496 2443 ernsteste Mühe gab, einen Freund über meine
