3493 3624
1472 866 1596 963 73
1788 858 2107 998 14. Juli 96
1154 935 1327 1015 G.H.F.P.
1375 941 1466 1045 J:
1776 978 1952 1067 P.S.
1198 995 1433 1114 G.H.F.P.
1774 1065 2000 1135 G.C.F.P.
1106 1260 2361 1456 lieber Arthur, ich habe eigentlich garnichts
1107 1324 2355 1531 zu ragen. Ich bin alle Tage von 1/2 ½ Uhr an
1117 1352 2349 1572 in Hause. Ute und arbeite und sage mich
1110 1439 2321 1642 um ½ 11 schlagen. Durch das schöne Buch
1117 1480 2332 1688 von Bélor Hehn wurde ich darauf gebracht
1110 1547 2322 1763 die „Wahrverwandtschaften“ zu lesen, die ich
1128 1589 2325 1827 nicht nannte. (sch wein schon, aber ich hab sie
1126 1638 2349 1872 vor acht Jahren nicht lesen können) Das war
1129 1693 2330 1945 jetzt sehr viel für mich und hat nur
1137 1741 2394 1990 beim Arbeiten merkwürdig getroffen. Wenn
1132 1825 2389 2051 ich nicht so ganz allein wäre, ohne einen
1142 1891 2364 2115 einzigen Menschen, mit dem ich sprechen
1153 1928 2409 2165 könnte, würde es mir recht gut gehen,
1165 2020 2347 2237 Jedenfalls erhalten sie, bis Sie wieder da
1168 2043 2366 2272 und Einiges zu hören, und da ich im
1170 2093 2417 2356 August mit Frl. M. manches entscheidende
1188 2171 2330 2411 zu erleben hoffe, wird auch genug zu
1191 2258 2319 2470 erzählen sein. Hören Sie was von
1177 2327 2377 2545 Beer-Hofmann. Ich möchte gerne
1204 2395 2352 2601 nissen, me es ihm geht. Schreiben
