3453 3719
1665 935 2976 1033 allen Seiten behindert, ich kann
303 962 1546 1108 wir voriges Jahr auf der Rohrerhüsse
1665 1015 2893 1144 Reinen Weg machen, - nicht.
301 1044 1607 1193 von ihm gehört. Wenn diese jungen sachen
1672 1073 2894 1190 Wer weiss bestimme ich Urlaub,
283 1122 1595 1239 prätentios und aufdringlich im Druck vor¬
1674 1147 2906 1267 wenn das 20 fortgeht, halte ich's
301 1197 1614 1331 wegen, dann sieht man erst recht, wie
1665 1226 2416 1338 einfacti nicht ain.
2664 1267 2768 1309 G.C.P.
298 1268 1621 1376 dumm und zuwider diese ganze Pyychipa¬
1748 1255 3012 1413 Vois loris habe ich heute einen lieben
310 1331 1556 1456 Thier-sexnalis-pose ist, und wie recht die
1685 1348 2998 1473 Brief erhalten. Er verlangt dringend,
301 1384 1594 1496 Leute haben, wenn sie auf diese Pubertätz¬
1687 1410 3027 1534 dass wir im winter Theater spreken.
1682 1491 3012 1602 Sie wissen ja, im Sommer reden wir
293 1498 950 1621 Geilheiten schimpfen.
970 1490 1577 1621 Dass Sie nichts an
1689 1561 2949 1675 immer von den grossen Dingen, die
301 1571 1595 1708 beiten, hat, wie ich meine, nicht viel zu
1694 1621 3003 1714 wir machen wollen, und im Winter
283 1651 1629 1747 bedeuten, ich glaube fest aus eine stärke
1682 1685 2995 1805 von den gemeinschaftlichen Toupers
300 1718 1624 1832 Arbertsperiode von Ihnen für die Nächste
1694 1762 3049 1873 im Ferien, die alte Sache. Nicht ein¬
320 1788 1592 1936 Zeit - von mir glaube ich noch immer
1682 1823 3051 1934 mal nachtmahlen können wir sehen
647 1888 785 1968 ne se
1692 1905 3032 2031 wirts uns vornehmen. Was macht.
325 1895 603 1989 dasselbe!
344 1924 1634 2058 Was für ein Leben, sag ich Ihnen. Von 9 bis
1689 1954 2969 2070 Denn Behr Hofmann? Arbeitet er
315 2007 1597 2137 5 Uhr oder 6, im Bureau, dann hinaus
1692 2014 3056 2181 etwas? Leben Sie wol, ich danke Ihnen
315 2097 1505 2230 in die staubige Luft, im grellen
1692 2111 2956 2252 bestens für Ihren Brief. Auf baldiges.
318 2159 1607 2314 Lärm des vergehenden Tages, und die
1708 2174 3044 2307 Wiederschen, und möchten wir bald Ge¬
329 2249 1585 2385 wachen sommernachte in der Stadt
1711 2244 2996 2380 scheidter sein, viel gescheidter als Sie
1716 2314 2984 2436 im Märchen und ich um Begräbniz.
337 2321 1657 2441 eckelhaft, - müd vom Züreau schlecht
1442 2392 1563 2445 P.S.
2046 2387 2698 2523 Herzlichst Ihr
325 2412 1486 2544 aufgelegt und grenletos nervös.
2726 2373 2979 2537 alten
1713 2470 1822 2578 P.
315 2477 1624 2590 - In meinen Löteranischen Sachen von
