3462 3704
974 1211 2120 1361 weder Zeit noch Ruhe, seinen diese
967 1301 2082 1471 eine Tepatzer Affaire beweglich zu
958 1386 2116 1562 erklären. Entschuldigen ist, bitte,
971 1493 2163 1677 dem ich die so plötzlich und so dringend
995 1605 2098 1755 in Anspruch nahm. Ich brauche
980 1679 2142 1852 Wenn wol nicht erst zu wegen, dem
977 1791 2045 1982 die Tausend Gulden ganz wocher
990 1851 2172 2074 und, und dan sie in in der Kugesten
989 1996 2157 2185 Zeit (1 Monat längstens) wieder erhalten.
986 2098 2145 2313 Dienstag für den hin ich wieder in Wien,
1005 2200 2119 2386 Wenn ich ja komté eine reile
1005 2320 2104 2506 von Ihnen fände, wo ich sie Abends
