3780 3688
1812 803 2210 936 Wien, II, I,05
1527 800 1657 945 198
1164 813 1425 978 Salter
1146 1092 2302 1206 Lieber, jedenfalls will ich es versuchen, der Sandrock
1140 1187 2273 1280 Ihren Brief begreiflich zu machen. Ich bin selbst mir
1143 1247 2276 1339 Eingeladener, was ich für nötig halte, zu besonnen, da
1142 1304 2295 1391 Frau v. Hervay sich heute bei mir als bei dem & Kran¬
1152 1368 2323 1442 Vatter“ der Sache bedankt noch, und ich schweren ver¬
1150 1422 2247 1513 müthe, die Sandruck habe Ihnen dasselbe gesagt.
1143 1492 2275 1553 jetz empraich – wenn die Sache zu stande kommt – zu
1143 1539 2248 1615 lesen. Die Sandrach wollte Tann, dass ich auch sie
1142 1606 2305 1692 Tequ anwerke. - ich habe es aber abgelehnd, bei Ihnen
1145 1645 2295 1759 zu interveniren. Einmal, weil es meine Sache nicht zu
1149 1720 2267 1809 den Entreprenner zu machen, was Tann, weil ich immer
1152 1745 2304 1875 ungeführ alles das gedacht habe, was Sie mir heute
1145 1854 1390 1918 schrieben.
1155 1872 2267 1972 Characteristisch in nur, dass mir Frau v. stervay heute
1158 1937 2262 2024 von der Sandrach melder. Sie hätten Ihre Verwirkung
1156 2005 2276 2083 Absolut sicher zugesagt (!!!) Ich will aber versuchen
1164 2035 2310 2145 mit der Sandwek zu sprachen, wieß aber zu Braun,
1194 2114 1524 2197 n'y aussi.
1386 2165 2148 2283 Mit herzlichen Grüßen der Saltern
1203 2362 2190 2494 x) Eben meldet sie es mir selbst. rekt Sandrück.
