3490 3704
783 479 1086 655 ZÈIT
2163 498 2855 667 WIEN, 2. Septemb. 1902
640 604 1232 752 WIENER TAGBLATT
822 716 1053 774 HERAUSGEBER:
731 749 1129 828 PROF.-DR. J. SINGER
740 813 1135 919 DR. HEINRICH KANNER
804 889 1074 959 Jurom.
695 934 1180 1047 I/21, WIPPLINGERSTRASSE 38
889 1168 2985 1411 Erber-Telefonisch konnte ich Sie nicht mehr erreichen, als heute Mme
573 1292 2976 1535 Ihr Brief kam. Das ganze ist selbstverständlich ein Brothum. Da Kanner acceptirte
558 1396 2922 1638 d. Z. Ihre Monorarforderung sofort u. willig und hat mir vergessen die Summe
549 1462 2955 1693 sein Prof. Truger, der die Casse führt, bekommet zu geben. Dieser wieder dachte bei
549 1562 2918 1808 Absendung des honorares nicht aus ein besonderes überernkommen und
540 1611 2973 1914 hat auch nicht danach gefragt. In dem jetzt herrschenden Arbeits-Tuckel hat
546 1684 2958 1963 ein Verartiger fortnimm war nichts Verlehrendes an sich und darf nach als ent¬
540 1763 2970 2036 schuldbar gelten. Die fehlenden 120 Kranen geben nachöstig gleich an Sie
540 1848 2982 2127 ab. Ich hoffe, sie nebenen diesen Zwischenfall nicht zum Anweß, mich
549 1932 2985 2184 mit der navelle sitzen zu wissen, und hoffe werter, sie haben das Mnept,
549 2033 2973 2297 wie besprachen, auf Ihre Reise mitgenommen, denn es wäre mir Beale
552 2063 2979 2400 aufteret unangenehm, wenn für, ohne weitere Aufklärung abzuwarten (die
549 2178 2922 2479 ja auch dorste telefe beworfen erfart zu erhalten war) die Sache beiterte gelegt
546 2290 2906 2570 hätten. Mir ist der Vorfall doppelt unangenehm, weil er mit erneine
555 2366 2943 2642 anderen fast auf die Stunde zusammentrifft, und ich jetzt mit den von mir
543 2463 2272 2743 angenarbenen Mutterseitern ziemlich beschriemt dasstehe
1899 2536 2691 2703 herztschw. der Salten
