3519 3672
1831 359 1982 472 V.J.
1121 357 1259 465 11:1:1
1467 389 1636 487 toutes nouveaux avec les
1744 738 1869 841 24
1143 759 1694 879 Südbahn - Hôtel
1944 832 2158 930 26./1.08
1199 862 1638 964 Semmering
1312 927 1552 1005 Austria.
1316 987 1542 1042 TELEGRAMME:
1194 1017 1655 1098 SÜDBAHNHOTEL SEMMERING
1342 1098 1523 1155 TELEPHON
1282 1116 1397 1181 HÖTEL
1083 1130 1588 1234 Sall DEPENDANCE Nr. 6
1228 1307 1334 1439 Siben
1342 1376 2386 1488 Dankte sehr für Heim ausführtreten Brief, der noch sehr gefreut
1128 1440 2357 1565 hat. Den Uften Entz., da er die sagen, dann sie sich wieder “lieck mitten“
1118 1502 2371 1628 Zum Leben u. s. w. habe ich. wie ich Ihnen gestellen muss, mir einer plötzliche
1131 1585 2397 1685 anzusorgenden, sehr stückten Erzeichnenheit gelesen. Verm. aus ihm sich
1126 1636 2404 1736 ich ein ganz Trittes, wo sie in dieser lezten Zins mit Juram Ge¬
1131 1696 2356 1791 Schulden und Sargen gewesen sind, und um die Kriegenmehr
1126 1744 2341 1867 haben. Um aber hiegen sie 1811 matifrnnen und Ihre Freunde mit
1125 1827 2362 1919 Herrn, Wonderwalt ist es je, nte wisse Gefahr ein Ihnen u. Thres
1123 1881 2405 1987 Frau vorhergemein ist, was sie dann mit dem Gütsparzer beim
1115 1954 2401 2065 Unas zu Ihnen kann. Wir schlechlich das von Tochten zu eines
1115 2028 2359 2133 wie einen Schirmeur von Glück bedeutet. Wir geben den Leitung
1108 2073 2425 2208 entgegen, und den Grund wird noch hoffentlich vers erheten. Man
1116 2148 2427 2264 wegs ja, dann nach dem Schreibung die Gewandheit intensiter vor, und
1115 2248 2434 2329 u eines Frau Déga jetzt in ein schönes Gursen und Grühen kommen.
1115 2293 2449 2409 und mit der Jahrungen gehen. Bauern läßt noch kaum denken. Ihren
1113 2387 2427 2464 Hennen las ich nun doch in den neuen zwei Freundkirchen. Sie einen
1108 2437 2402 2525 merke Magrende begreifen u. endrichtigem. Tagen kann es jetzt von
1110 2490 2379 2590 hürlich noch nicht, ohne auch nur von wissen, dahin der Weg.
1116 2588 2391 2646 im Freien fährt. Aber eine menge Monatez wird mir jetzt einen
1110 2630 2366 2711 sehr lebendig wird das Abmitten der Fortschweiz mir geweis
1113 2688 2410 2779 je mehr gûr Güte, se mêhe einen dem meinten kommen.
2708 2985 2791 3042 P.S.
