<?xml version="1.0" encoding="UTF-8" standalone="yes"?>
<PcGts xmlns="http://schema.primaresearch.org/PAGE/gts/pagecontent/2013-07-15" xmlns:xsi="http://www.w3.org/2001/XMLSchema-instance" xsi:schemaLocation="http://schema.primaresearch.org/PAGE/gts/pagecontent/2013-07-15 http://schema.primaresearch.org/PAGE/gts/pagecontent/2013-07-15/pagecontent.xsd">
    <Metadata>
        <Creator>prov=READ-COOP:name=TrHtr:version=2.1.0:model_id=51170:date=26_07_2023_05:10</Creator>
        <Created>2023-05-02T07:47:49.175+02:00</Created>
        <LastChange>2023-07-26T05:10:38.055+02:00</LastChange>
        <TranskribusMetadata docId="1416711" pageId="54952107" pageNr="327" tsid="130896572" status="IN_PROGRESS" userId="64420" imgUrl="https://files.transkribus.eu/Get?id=PLZVUTBCIPHETXOGSBCSDGFV&amp;fileType=view" xmlUrl="https://files.transkribus.eu/Get?id=ERATLRPFLVZAYPBRQEBACXIG" imageId="44455833"/>
    </Metadata>
    <Page imageFilename="1416711_0327.jpg" imageWidth="3149" imageHeight="3671">
        <ReadingOrder>
            <OrderedGroup id="ro_1711828949316" caption="Regions reading order">
                <RegionRefIndexed index="0" regionRef="tr_2"/>
                <RegionRefIndexed index="1" regionRef="tr_1"/>
            </OrderedGroup>
        </ReadingOrder>
        <TextRegion id="tr_2" custom="readingOrder {index:0;}">
            <Coords points="95,394 2674,394 2674,1887 95,1887"/>
            <TextLine id="tr_2_tl_1" custom="readingOrder {index:0;}">
                <Coords points="77,482 114,488 125,480 138,490 180,469 204,480 228,477 236,368 217,371 207,363 175,374 162,366 130,382 122,379 103,395 82,390"/>
                <Baseline points="95,453 104,453 149,453 193,450 238,444"/>
                <TextEquiv>
                    <Unicode>M. I.</Unicode>
                </TextEquiv>
            </TextLine>
            <TextLine id="tr_2_tl_2" custom="readingOrder {index:1;}">
                <Coords points="1704,692 1728,694 1757,713 1791,708 1821,718 1855,697 1879,697 1874,602 1850,607 1826,602 1810,615 1781,596 1701,607"/>
                <Baseline points="1719,659 1763,662 1808,662 1853,662 1883,668"/>
                <TextEquiv>
                    <Unicode>7.</Unicode>
                </TextEquiv>
            </TextLine>
            <TextLine id="tr_2_tl_3" custom="readingOrder {index:2;}">
                <Coords points="538,843 2581,901 2552,729 535,705"/>
                <Baseline points="549,832 593,838 638,844 683,847 728,847 772,850 817,850 862,850 907,850 952,850 996,850 1041,853 1086,850 1131,853 1175,853 1220,853 1265,853 1310,856 1354,856 1399,856 1444,856 1489,859 1534,862 1578,859 1623,859 1668,859 1713,859 1757,859 1802,859 1847,862 1892,862 1936,862 1981,862 2026,865 2071,865 2116,865 2160,865 2205,865 2250,868 2295,868 2339,868 2384,871 2429,871 2474,871 2518,871 2563,874 2587,871"/>
                <TextEquiv>
                    <Unicode>Ihren "Beifall" gehabt. Nicht, dass ich etwas gegen Hauptmann</Unicode>
                </TextEquiv>
            </TextLine>
            <TextLine id="tr_2_tl_4" custom="readingOrder {index:3;}">
                <Coords points="578,962 2661,986 2642,888 578,851"/>
                <Baseline points="593,937 638,940 683,940 728,943 772,943 817,943 862,943 907,943 952,943 996,943 1041,943 1086,943 1131,946 1175,946 1220,946 1265,946 1310,946 1354,946 1399,949 1444,949 1489,949 1534,949 1578,949 1623,949 1668,949 1713,952 1757,952 1802,952 1847,952 1892,955 1936,955 1981,955 2026,955 2071,955 2116,955 2160,955 2205,955 2250,958 2295,958 2339,958 2384,961 2429,961 2474,961 2518,964 2563,964 2608,961 2653,964 2668,958"/>
                <TextEquiv>
                    <Unicode>zu sagen wagte,beanstanden Ste.. behüte I Sie debattieren nicht</Unicode>
                </TextEquiv>
            </TextLine>
            <TextLine id="tr_2_tl_5" custom="readingOrder {index:4;}">
                <Coords points="567,1060 2515,1084 2512,999 2189,965 567,957"/>
                <Baseline points="581,1026 626,1029 671,1032 716,1029 761,1032 805,1032 850,1032 895,1032 940,1032 984,1032 1029,1032 1074,1035 1119,1035 1163,1035 1208,1035 1253,1035 1298,1035 1343,1035 1387,1038 1432,1038 1477,1038 1522,1038 1566,1038 1611,1038 1656,1038 1701,1038 1745,1038 1790,1044 1835,1044 1880,1044 1925,1044 1969,1044 2014,1044 2059,1047 2104,1044 2148,1047 2193,1047 2238,1047 2283,1047 2327,1047 2372,1050 2417,1047 2462,1047 2507,1050 2515,1050"/>
                <TextEquiv>
                    <Unicode>mit mir über Hauptmann. Sie machen es viel geschickter: Sie</Unicode>
                </TextEquiv>
            </TextLine>
            <TextLine id="tr_2_tl_6" custom="readingOrder {index:5;}">
                <Coords points="527,1140 2653,1153 2605,1052 525,1044"/>
                <Baseline points="540,1107 584,1110 629,1125 674,1125 719,1128 764,1128 808,1128 853,1128 898,1128 943,1128 987,1131 1032,1128 1077,1128 1122,1128 1166,1131 1211,1131 1256,1131 1301,1131 1346,1134 1390,1134 1435,1134 1480,1134 1525,1134 1569,1134 1614,1134 1659,1134 1704,1137 1748,1137 1793,1137 1838,1137 1883,1137 1928,1137 1972,1137 2017,1137 2062,1137 2107,1137 2151,1140 2196,1140 2241,1140 2286,1140 2330,1143 2375,1143 2420,1146 2465,1143 2510,1143 2554,1143 2599,1143 2644,1146 2659,1143"/>
                <TextEquiv>
                    <Unicode>sprechen über mich. Weil Sie gegen meine künstlerischen Argumente</Unicode>
                </TextEquiv>
            </TextLine>
            <TextLine id="tr_2_tl_7" custom="readingOrder {index:6;}">
                <Coords points="567,1243 2557,1253 2557,1179 2303,1158 567,1155"/>
                <Baseline points="581,1220 626,1220 671,1223 716,1223 761,1220 805,1220 850,1223 895,1223 940,1223 984,1223 1029,1223 1074,1223 1119,1220 1163,1223 1208,1223 1253,1223 1298,1223 1343,1223 1387,1226 1432,1226 1477,1226 1522,1226 1566,1226 1611,1226 1656,1226 1701,1226 1745,1226 1790,1229 1835,1229 1880,1229 1925,1229 1969,1229 2014,1229 2059,1229 2104,1229 2148,1229 2193,1232 2238,1232 2283,1232 2327,1235 2372,1232 2417,1232 2462,1235 2507,1235 2551,1232 2563,1232"/>
                <TextEquiv>
                    <Unicode>unfähig sind etwas vorzubringen, muss ich es sein, meine ganze</Unicode>
                </TextEquiv>
            </TextLine>
            <TextLine id="tr_2_tl_8" custom="readingOrder {index:7;}">
                <Coords points="559,1333 2589,1328 2589,1267 2274,1240 559,1235"/>
                <Baseline points="573,1316 617,1316 662,1316 707,1316 752,1319 796,1319 841,1319 886,1319 931,1319 975,1316 1020,1319 1065,1319 1110,1319 1155,1316 1199,1319 1244,1319 1289,1316 1334,1316 1378,1319 1423,1319 1468,1319 1513,1319 1557,1319 1602,1322 1647,1319 1692,1319 1737,1319 1781,1322 1826,1322 1871,1322 1916,1322 1960,1322 2005,1322 2050,1322 2095,1322 2139,1322 2184,1322 2229,1322 2274,1325 2318,1325 2363,1325 2408,1325 2453,1325 2498,1325 2542,1325 2587,1322 2596,1322"/>
                <TextEquiv>
                    <Unicode>Person, wogegen Sie sich wenden. Hier können sie sich die Argu¬</Unicode>
                </TextEquiv>
            </TextLine>
            <TextLine id="tr_2_tl_9" custom="readingOrder {index:8;}">
                <Coords points="564,1431 2616,1431 2616,1367 2109,1338 564,1346"/>
                <Baseline points="579,1414 608,1411 653,1411 698,1411 743,1411 787,1411 832,1411 877,1414 922,1414 966,1414 1011,1414 1056,1414 1101,1411 1146,1411 1190,1411 1235,1411 1280,1411 1325,1411 1369,1411 1414,1414 1459,1414 1504,1414 1548,1411 1593,1414 1638,1414 1683,1414 1728,1414 1772,1414 1817,1414 1862,1414 1907,1414 1951,1414 1996,1414 2041,1414 2086,1414 2130,1414 2175,1417 2220,1417 2265,1414 2310,1414 2354,1414 2399,1417 2444,1417 2489,1417 2533,1417 2578,1417 2623,1411"/>
                <TextEquiv>
                    <Unicode>mente sparen, (meinen Sie), und beweislos den Schreiber beschim¬</Unicode>
                </TextEquiv>
            </TextLine>
            <TextLine id="tr_2_tl_10" custom="readingOrder {index:9;}">
                <Coords points="559,1524 2669,1545 2616,1444 559,1436"/>
                <Baseline points="573,1516 614,1510 659,1507 704,1510 749,1510 793,1510 838,1510 883,1507 928,1507 972,1507 1017,1507 1062,1504 1107,1504 1152,1507 1196,1504 1241,1504 1286,1504 1331,1504 1375,1504 1420,1504 1465,1504 1510,1504 1554,1504 1599,1507 1644,1507 1689,1507 1734,1510 1778,1507 1823,1507 1868,1507 1913,1507 1957,1507 2002,1507 2047,1507 2092,1507 2136,1507 2181,1504 2226,1507 2271,1507 2316,1507 2360,1510 2405,1510 2450,1510 2495,1510 2539,1510 2584,1510 2629,1510 2674,1507"/>
                <TextEquiv>
                    <Unicode>pfen, da gegen das Geschriebene nicht gut anzukämpfen ist. Gelingi</Unicode>
                </TextEquiv>
            </TextLine>
            <TextLine id="tr_2_tl_11" custom="readingOrder {index:10;}">
                <Coords points="562,1598 2398,1646 2589,1619 2589,1548 559,1524"/>
                <Baseline points="576,1596 620,1596 665,1599 710,1596 755,1596 799,1596 844,1596 889,1596 934,1596 978,1596 1023,1596 1068,1596 1113,1596 1158,1596 1202,1596 1247,1593 1292,1593 1337,1593 1381,1593 1426,1593 1471,1593 1516,1593 1560,1596 1605,1596 1650,1596 1695,1599 1739,1599 1784,1599 1829,1599 1874,1599 1919,1596 1963,1596 2008,1599 2053,1599 2098,1599 2142,1599 2187,1599 2232,1599 2277,1599 2321,1599 2366,1599 2411,1602 2456,1602 2501,1599 2545,1599 2590,1602 2596,1602"/>
                <TextEquiv>
                    <Unicode>es nur, den menschlichen Wert des Krit!kers zu vernichten### dann</Unicode>
                </TextEquiv>
            </TextLine>
            <TextLine id="tr_2_tl_12" custom="readingOrder {index:11;}">
                <Coords points="562,1722 2626,1709 2624,1627 2536,1614 559,1616"/>
                <Baseline points="576,1692 617,1692 662,1692 707,1692 752,1692 796,1692 841,1689 886,1689 931,1689 975,1689 1020,1689 1065,1689 1110,1692 1155,1689 1199,1689 1244,1689 1289,1689 1334,1689 1378,1689 1423,1689 1468,1689 1513,1689 1557,1689 1602,1689 1647,1689 1692,1692 1737,1692 1781,1692 1826,1689 1871,1692 1916,1689 1960,1689 2005,1692 2050,1692 2095,1692 2139,1692 2184,1692 2229,1692 2274,1692 2318,1692 2363,1692 2408,1692 2453,1692 2498,1692 2542,1692 2587,1692 2632,1686"/>
                <TextEquiv>
                    <Unicode>ist auch seine Kritik entwertet und kann aus der Hauptmann-Debat</Unicode>
                </TextEquiv>
            </TextLine>
            <TextLine id="tr_2_tl_13" custom="readingOrder {index:12;}">
                <Coords points="556,1807 1786,1794 1786,1738 1545,1707 556,1707"/>
                <Baseline points="570,1784 614,1784 659,1784 704,1784 749,1784 793,1784 838,1784 883,1784 928,1784 972,1781 1017,1781 1062,1784 1107,1781 1152,1781 1196,1781 1241,1784 1286,1784 1331,1784 1375,1784 1420,1781 1465,1781 1510,1781 1554,1781 1599,1781 1644,1781 1689,1781 1734,1784 1778,1784 1793,1787"/>
                <TextEquiv>
                    <Unicode>te ohne weiteres ausgeschaltet werden.</Unicode>
                </TextEquiv>
            </TextLine>
            <TextLine id="tr_2_tl_14" custom="readingOrder {index:13;}">
                <Coords points="872,1882 1086,1927 2547,1897 2507,1781 2215,1836 872,1805"/>
                <Baseline points="886,1877 898,1877 943,1877 987,1877 1032,1877 1077,1877 1122,1874 1166,1877 1211,1877 1256,1874 1301,1877 1346,1874 1390,1877 1435,1874 1480,1877 1525,1877 1569,1877 1614,1877 1659,1874 1704,1877 1748,1877 1793,1877 1838,1877 1883,1877 1928,1877 1972,1874 2017,1874 2062,1877 2107,1874 2151,1877 2196,1877 2241,1877 2286,1877 2330,1877 2375,1874 2420,1874 2465,1874 2510,1874 2554,1871"/>
                <TextEquiv>
                    <Unicode>Sie verfahren dabei wirklich sehr schlau, gebrauchen</Unicode>
                </TextEquiv>
            </TextLine>
        </TextRegion>
        <TextRegion id="tr_1" custom="readingOrder {index:1;}">
            <Coords points="552,1904 2671,1904 2671,3379 552,3379"/>
            <TextLine id="tr_1_tl_1" custom="readingOrder {index:0;}">
                <Coords points="570,1990 2544,1982 2544,1908 2419,1889 570,1903"/>
                <Baseline points="584,1954 626,1963 671,1966 716,1966 761,1969 805,1969 850,1966 895,1966 940,1966 984,1966 1029,1966 1074,1966 1119,1966 1163,1966 1208,1966 1253,1966 1298,1966 1343,1966 1387,1966 1432,1966 1477,1963 1522,1966 1566,1966 1611,1966 1656,1966 1701,1966 1745,1963 1790,1963 1835,1963 1880,1963 1925,1960 1969,1963 2014,1963 2059,1963 2104,1963 2148,1963 2193,1963 2238,1963 2283,1963 2327,1963 2372,1963 2417,1963 2462,1963 2507,1963 2551,1963"/>
                <TextEquiv>
                    <Unicode>„jeine“ Worte und Wendungen, nahmen einen “höheren“ Standpunkt</Unicode>
                </TextEquiv>
            </TextLine>
            <TextLine id="tr_1_tl_2" custom="readingOrder {index:1;}">
                <Coords points="551,2099 2634,2072 2634,2001 2356,1980 551,1974"/>
                <Baseline points="567,2059 581,2056 626,2059 671,2059 716,2059 761,2059 805,2059 850,2056 895,2056 940,2056 984,2056 1029,2056 1074,2056 1119,2056 1163,2056 1208,2056 1253,2053 1298,2056 1343,2056 1387,2053 1432,2053 1477,2050 1522,2050 1566,2053 1611,2050 1656,2053 1701,2053 1745,2053 1790,2053 1835,2053 1880,2053 1925,2053 1969,2053 2014,2053 2059,2053 2104,2053 2148,2053 2193,2053 2238,2053 2283,2053 2327,2056 2372,2056 2417,2056 2462,2056 2507,2056 2551,2056 2596,2056 2641,2056"/>
                <TextEquiv>
                    <Unicode>ein, damit der meinige tiefer erscheine. Sie geben sich eine edle</Unicode>
                </TextEquiv>
            </TextLine>
            <TextLine id="tr_1_tl_3" custom="readingOrder {index:2;}">
                <Coords points="541,2168 2512,2168 2570,2086 541,2094"/>
                <Baseline points="555,2142 564,2145 608,2148 653,2148 698,2148 743,2148 787,2148 832,2148 877,2145 922,2145 966,2145 1011,2145 1056,2145 1101,2145 1146,2145 1190,2145 1235,2145 1280,2142 1325,2145 1369,2145 1414,2145 1459,2142 1504,2142 1548,2142 1593,2142 1638,2142 1683,2142 1728,2145 1772,2145 1817,2145 1862,2145 1907,2145 1951,2145 1996,2145 2041,2145 2086,2145 2130,2145 2175,2145 2220,2148 2265,2145 2310,2145 2354,2145 2399,2145 2444,2145 2489,2145 2533,2145 2578,2139"/>
                <TextEquiv>
                    <Unicode>Haltung, indem Sie eine kerzengebade Sache auf eine pfäffische</Unicode>
                </TextEquiv>
            </TextLine>
            <TextLine id="tr_1_tl_4" custom="readingOrder {index:3;}">
                <Coords points="546,2282 2555,2290 2610,2170 546,2173"/>
                <Baseline points="561,2241 599,2238 644,2238 689,2238 734,2238 778,2238 823,2238 868,2238 913,2238 958,2238 1002,2238 1047,2238 1092,2238 1137,2238 1181,2238 1226,2238 1271,2238 1316,2238 1360,2238 1405,2235 1450,2238 1495,2238 1540,2238 1584,2235 1629,2235 1674,2235 1719,2238 1763,2241 1808,2241 1853,2235 1898,2238 1942,2238 1987,2238 2032,2238 2077,2238 2122,2235 2166,2238 2211,2238 2256,2235 2301,2238 2345,2238 2390,2238 2435,2235 2480,2235 2524,2238 2569,2238 2614,2235"/>
                <TextEquiv>
                    <Unicode>Weise verdrehen. Sie sind salbungsvoll, gerecht und fromm, damit</Unicode>
                </TextEquiv>
            </TextLine>
            <TextLine id="tr_1_tl_5" custom="readingOrder {index:4;}">
                <Coords points="2038,2361 2168,2358 2213,2374 2282,2356 2308,2369 2464,2358 2467,2252 2443,2263 2369,2250 2316,2290 2210,2255 2162,2276 2040,2263"/>
                <Baseline points="2056,2324 2083,2324 2127,2321 2172,2321 2217,2318 2262,2316 2307,2318 2351,2321 2381,2316 2426,2316 2471,2318 2474,2318"/>
                <TextEquiv>
                    <Unicode>G.C.H.F.P.</Unicode>
                </TextEquiv>
            </TextLine>
            <TextLine id="tr_1_tl_6" custom="readingOrder {index:5;}">
                <Coords points="549,2358 1892,2364 2035,2345 2035,2271 549,2279"/>
                <Baseline points="564,2342 608,2336 653,2336 698,2336 743,2336 787,2333 832,2333 877,2333 922,2333 966,2333 1011,2333 1056,2333 1101,2333 1146,2333 1190,2333 1235,2330 1280,2330 1325,2333 1369,2330 1414,2330 1459,2330 1504,2330 1548,2330 1593,2330 1638,2330 1683,2327 1728,2327 1772,2327 1817,2330 1862,2327 1907,2327 1951,2327 1996,2327 2041,2324"/>
                <TextEquiv>
                    <Unicode>Sie Recht behalten und ich im Unrecht bleibe.</Unicode>
                </TextEquiv>
            </TextLine>
            <TextLine id="tr_1_tl_7" custom="readingOrder {index:6;}">
                <Coords points="867,2438 2666,2464 2621,2351 867,2374"/>
                <Baseline points="880,2423 925,2423 969,2423 1014,2423 1059,2423 1104,2423 1149,2423 1193,2423 1238,2423 1283,2423 1328,2423 1372,2423 1417,2423 1462,2423 1507,2423 1551,2423 1596,2420 1641,2423 1686,2423 1731,2420 1775,2420 1820,2420 1865,2420 1910,2420 1954,2420 1999,2420 2044,2420 2089,2420 2133,2420 2178,2420 2223,2420 2268,2420 2313,2420 2357,2420 2402,2420 2447,2420 2492,2420 2536,2420 2581,2420 2626,2420 2671,2420"/>
                <TextEquiv>
                    <Unicode>Wenn einer von uns beiden der Politisierende gewesen ist</Unicode>
                </TextEquiv>
            </TextLine>
            <TextLine id="tr_1_tl_8" custom="readingOrder {index:7;}">
                <Coords points="543,2523 2616,2552 2663,2449 546,2470"/>
                <Baseline points="558,2521 561,2521 605,2521 650,2521 695,2521 740,2521 784,2521 829,2518 874,2518 919,2518 964,2518 1008,2515 1053,2518 1098,2518 1143,2518 1187,2518 1232,2515 1277,2515 1322,2515 1366,2515 1411,2515 1456,2515 1501,2515 1545,2515 1590,2515 1635,2512 1680,2512 1725,2515 1769,2512 1814,2512 1859,2512 1904,2512 1948,2512 1993,2512 2038,2512 2083,2512 2127,2512 2172,2512 2217,2512 2262,2512 2307,2512 2351,2512 2396,2512 2441,2510 2486,2512 2530,2512 2575,2512 2620,2512 2665,2512"/>
                <TextEquiv>
                    <Unicode>dann sind Sie das, mein lieber Herr Heimann! Und es wäre mir nicht</Unicode>
                </TextEquiv>
            </TextLine>
            <TextLine id="tr_1_tl_9" custom="readingOrder {index:8;}">
                <Coords points="538,2650 2592,2631 2592,2570 2348,2518 538,2557"/>
                <Baseline points="552,2620 584,2617 629,2614 674,2614 719,2614 764,2614 808,2614 853,2611 898,2611 943,2611 987,2611 1032,2611 1077,2608 1122,2611 1166,2608 1211,2608 1256,2608 1301,2608 1346,2608 1390,2608 1435,2608 1480,2608 1525,2608 1569,2605 1614,2605 1659,2605 1704,2605 1748,2602 1793,2605 1838,2605 1883,2605 1928,2605 1972,2605 2017,2605 2062,2605 2107,2605 2151,2602 2196,2602 2241,2602 2286,2602 2330,2602 2375,2605 2420,2602 2465,2605 2510,2602 2554,2602 2599,2605"/>
                <TextEquiv>
                    <Unicode>schver, jetzt die Offenstve zu ergreifen, und Ihnen zu beweisen,</Unicode>
                </TextEquiv>
            </TextLine>
            <TextLine id="tr_1_tl_10" custom="readingOrder {index:9;}">
                <Coords points="1463,2724 1556,2727 1603,2676 1648,2679 1648,2629 1619,2624 1606,2610 1593,2624 1579,2618 1569,2631 1553,2621 1548,2626 1532,2621 1518,2631 1510,2624 1463,2629"/>
                <Baseline points="1477,2656 1522,2656 1566,2656 1611,2656 1656,2659 1659,2656"/>
                <TextEquiv>
                    <Unicode>rechner</Unicode>
                </TextEquiv>
            </TextLine>
            <TextLine id="tr_1_tl_11" custom="readingOrder {index:10;}">
                <Coords points="1566,2735 1882,2703 2568,2714 2629,2700 2629,2621 1566,2658"/>
                <Baseline points="1581,2706 1605,2704 1650,2701 1695,2698 1739,2701 1784,2698 1829,2698 1874,2701 1919,2698 1963,2698 2008,2698 2053,2698 2098,2698 2142,2698 2187,2698 2232,2698 2277,2698 2321,2698 2366,2698 2411,2698 2456,2695 2501,2695 2545,2695 2590,2692 2635,2689"/>
                <TextEquiv>
                    <Unicode>dass Sie lange schon, immer</Unicode>
                </TextEquiv>
            </TextLine>
            <TextLine id="tr_1_tl_12" custom="readingOrder {index:11;}">
                <Coords points="535,2740 610,2724 665,2753 761,2714 975,2753 1246,2703 1476,2722 1476,2631 1436,2608 1200,2655 1079,2624 885,2663 538,2650"/>
                <Baseline points="552,2709 584,2709 629,2709 674,2706 719,2709 764,2706 808,2706 853,2706 898,2704 943,2701 987,2704 1032,2704 1077,2704 1122,2704 1166,2704 1211,2704 1256,2701 1301,2701 1346,2701 1390,2701 1435,2698 1480,2692"/>
                <TextEquiv>
                    <Unicode>Ihnen Punkt für Punkt nachzu</Unicode>
                </TextEquiv>
            </TextLine>
            <TextLine id="tr_1_tl_13" custom="readingOrder {index:12;}">
                <Coords points="543,2841 2539,2828 2650,2806 2650,2692 543,2743"/>
                <Baseline points="558,2799 596,2802 641,2802 686,2799 731,2799 775,2799 820,2796 865,2799 910,2799 955,2796 999,2796 1044,2796 1089,2796 1134,2793 1178,2793 1223,2793 1268,2793 1313,2793 1357,2793 1402,2793 1447,2793 1492,2793 1537,2790 1581,2790 1626,2790 1671,2790 1716,2790 1760,2790 1805,2790 1850,2787 1895,2787 1939,2787 1984,2787 2029,2787 2074,2787 2119,2787 2163,2787 2208,2787 2253,2787 2298,2787 2342,2787 2387,2787 2432,2787 2477,2787 2521,2787 2566,2787 2611,2784 2656,2784"/>
                <TextEquiv>
                    <Unicode>und überall politisierende Kleinliteratur und literarische Politik</Unicode>
                </TextEquiv>
            </TextLine>
            <TextLine id="tr_1_tl_14" custom="readingOrder {index:13;}">
                <Coords points="546,2918 2570,2928 2637,2918 2639,2814 546,2838"/>
                <Baseline points="561,2895 584,2892 629,2895 674,2892 719,2892 764,2892 808,2889 853,2889 898,2889 943,2889 987,2889 1032,2889 1077,2889 1122,2889 1166,2886 1211,2886 1256,2883 1301,2886 1346,2886 1390,2883 1435,2883 1480,2883 1525,2883 1569,2883 1614,2883 1659,2883 1704,2883 1748,2880 1793,2880 1838,2880 1883,2880 1928,2880 1972,2880 2017,2880 2062,2880 2107,2877 2151,2877 2196,2877 2241,2877 2286,2877 2330,2877 2375,2877 2420,2880 2465,2877 2510,2877 2554,2877 2599,2874 2644,2868"/>
                <TextEquiv>
                    <Unicode>betreiben und betrieben haben. Denn jetzt ist mir doch über viele</Unicode>
                </TextEquiv>
            </TextLine>
            <TextLine id="tr_1_tl_15" custom="readingOrder {index:14;}">
                <Coords points="543,3021 2311,3002 2541,2920 543,2926"/>
                <Baseline points="558,2984 579,2984 623,2987 668,2984 713,2984 758,2984 802,2981 847,2984 892,2981 937,2981 981,2981 1026,2978 1071,2978 1116,2978 1160,2978 1205,2978 1250,2978 1295,2975 1340,2975 1384,2975 1429,2972 1474,2975 1519,2972 1563,2972 1608,2972 1653,2972 1698,2972 1742,2972 1787,2972 1832,2972 1877,2972 1922,2969 1966,2969 2011,2969 2056,2969 2101,2969 2145,2969 2190,2969 2235,2969 2280,2969 2324,2969 2369,2969 2414,2969 2459,2966 2504,2966 2548,2957"/>
                <TextEquiv>
                    <Unicode>Dinge, besonders aber über dieses unverantwortliche, behutsam</Unicode>
                </TextEquiv>
            </TextLine>
            <TextLine id="tr_1_tl_16" custom="readingOrder {index:15;}">
                <Coords points="541,3098 2123,3111 2539,3069 2541,2968 541,3018"/>
                <Baseline points="555,3074 576,3077 620,3077 665,3080 710,3077 755,3077 799,3074 844,3074 889,3074 934,3071 978,3071 1023,3071 1068,3071 1113,3071 1158,3071 1202,3071 1247,3068 1292,3068 1337,3068 1381,3068 1426,3068 1471,3065 1516,3065 1560,3065 1605,3065 1650,3065 1695,3065 1739,3065 1784,3065 1829,3065 1874,3065 1919,3065 1963,3062 2008,3062 2053,3062 2098,3059 2142,3056 2187,3053 2232,3050 2277,3050 2321,3047 2366,3047 2411,3047 2456,3047 2501,3047 2545,3041"/>
                <TextEquiv>
                    <Unicode>rückversicherte Predigertum ein Licht aufgegangen. xxx nicht</Unicode>
                </TextEquiv>
            </TextLine>
            <TextLine id="tr_1_tl_17" custom="readingOrder {index:16;}">
                <Coords points="859,3201 2459,3161 2536,3206 2592,3199 2592,3111 859,3116"/>
                <Baseline points="874,3166 895,3169 940,3166 984,3166 1029,3166 1074,3166 1119,3163 1163,3163 1208,3163 1253,3163 1298,3163 1343,3163 1387,3160 1432,3160 1477,3160 1522,3160 1566,3157 1611,3157 1656,3157 1701,3157 1745,3157 1790,3157 1835,3157 1880,3157 1925,3157 1969,3157 2014,3157 2059,3157 2104,3157 2148,3157 2193,3157 2238,3154 2283,3157 2327,3154 2372,3154 2417,3157 2462,3154 2507,3154 2551,3151 2596,3151"/>
                <TextEquiv>
                    <Unicode>Sie haben die Sache mit mir sehr klug angefangen, aber</Unicode>
                </TextEquiv>
            </TextLine>
            <TextLine id="tr_1_tl_18" custom="readingOrder {index:17;}">
                <Coords points="546,3315 2589,3294 2589,3196 2435,3167 546,3193"/>
                <Baseline points="561,3265 581,3268 626,3268 671,3268 716,3268 761,3265 805,3265 850,3262 895,3262 940,3262 984,3262 1029,3259 1074,3259 1119,3259 1163,3259 1208,3256 1253,3256 1298,3256 1343,3256 1387,3256 1432,3256 1477,3253 1522,3253 1566,3253 1611,3253 1656,3253 1701,3256 1745,3253 1790,3253 1835,3250 1880,3250 1925,3250 1969,3250 2014,3250 2059,3253 2104,3250 2148,3250 2193,3247 2238,3247 2283,3247 2327,3247 2372,3247 2417,3247 2462,3247 2507,3247 2551,3247 2596,3244"/>
                <TextEquiv>
                    <Unicode>es war doch recht töricht von Ihnen, gar so klug sein zu wollen.</Unicode>
                </TextEquiv>
            </TextLine>
            <TextLine id="tr_1_tl_19" custom="readingOrder {index:18;}">
                <Coords points="541,3408 2581,3403 2621,3273 543,3326"/>
                <Baseline points="555,3369 567,3366 611,3360 656,3360 701,3360 746,3357 790,3357 835,3357 880,3357 925,3354 969,3357 1014,3354 1059,3354 1104,3354 1149,3354 1193,3354 1238,3351 1283,3351 1328,3351 1372,3351 1417,3351 1462,3348 1507,3348 1551,3348 1596,3345 1641,3345 1686,3345 1731,3348 1775,3345 1820,3345 1865,3345 1910,3342 1954,3342 1999,3342 2044,3345 2089,3342 2133,3342 2178,3342 2223,3339 2268,3342 2313,3339 2357,3339 2402,3342 2447,3342 2492,3339 2536,3339 2581,3339 2626,3336"/>
                <TextEquiv>
                    <Unicode>Sie haben mich für gutmütig gehalten und damit nicht schlecht ge-</Unicode>
                </TextEquiv>
            </TextLine>
        </TextRegion>
    </Page>
</PcGts>
