3493 3624
313 950 1584 1115 Dahin. Es schüttete' in Strömen
328 1069 1539 1206 und wir bleiben den ganzen Teig bei
359 1110 1608 1270 Frau Mitterwiszer. Ich gette nun
375 1189 1605 1360 doch, nicht ins Euyrerro thal
381 1253 1640 1423 Meine Adresse von 1-7. August
367 1300 1672 1531 ist jetzt Ziehl. von da an min¬
369 1399 1591 1578 chen bis zum 12. und von der
374 1455 1675 1682 at Salzburg bis zum 20. August.
381 1573 1660 1780 Wir fahren wie Sie daraus sehen
349 1648 1613 1861 von Salzberg per Rad nach
370 1744 1596 1926 München, von da über Schwersee
367 1807 1667 2061 Tegenisce nach tunsburch wur¬
370 1916 1470 2111 den dort nach Salzburg
355 1953 1616 2196 das in alles. Indessen bin
345 2054 1637 2315 ich ununterbwchen zu Hause,
369 2164 1642 2388 dex wird arbeite. Ditlin hært
381 2258 1588 2478 Neinen Preis bestommen, Popper
384 2362 1694 2573 der mit einer geradezu herrlichen
392 2463 1586 2704 Christe „Adam“ und Eva“ um den
1776 936 3039 1059 Rompreis consummiste wurde
1749 1029 3068 1143 mit dem specialschulpreis abge¬
2160 1094 2901 1201 Sch schröck einen
1746 1118 2100 1229 freuden.
1756 1147 3034 1300 leiterrüstel über die zustemde
1726 1207 3083 1384 an der Akademie, munte aber
1763 1298 3048 1433 ahm sein, da man in kein
1756 1334 3071 1517 wespennest sticken will, doch
1734 1423 3083 1591 denke ich mich in der Frankst¬
1754 1477 3076 1706 U weillärschiger über die Sache
1749 1566 3037 1758 auszulassen, dan Edmond
1758 1647 3029 1882 de Goucourt tot ist werden
1761 1716 3096 1960 Lée nettement ration erfahren
1770 1802 3059 2034 haben. Es starb in dem
1768 1876 2926 2137 schoße von dernier, die
1760 1940 3107 2201 mener Schornalisten, welche
1770 2032 3071 2300 die letzte Flegeter Norrauts als
1780 2133 3014 2408 Guelte über Goncoust be-
1765 2233 3022 2514 nützten, wieben in guten
1776 2366 2879 2605 Notizelach er sei der
1849 2403 3061 2699 Höherlärste und phatteste.
