3492 3720
900 1363 2300 1572 lieber heute nur etc. ich Ihre Caste. Ich möchte von trost so fortfahren,
902 1495 2245 1680 Sass ich gleichzeitig mit Ihnen in Bozen bin. Goth, sagen sie mir
907 1551 2213 1744 also, wenn Sie dort eins, - ungeführ wenigstens. Einer: Ich
903 1622 2336 1825 möchte am spriectem am 3. September in Kreu sein. Endlich welche
859 1687 2300 1887 Toür machen wir? Ob. Türkten u. Venedig ist vielleicht
889 1749 2272 1996 doch zu treiß u. hat jetzt zu viel Mosquitus. Übrigens
876 1842 2087 2050 ist es mir gründich égal, wohin mir fahren.
1519 1930 1960 2059 auf Wiederschen.
1991 1926 2143 2011 herzt.
2053 1971 2195 2087 Jan
