3492 3720
671 824 810 945 137
969 877 1477 976 Wien, 12. Juni 1901.
139 896 568 999 Jung-Wiener Theater
905 940 1178 1035 (Theater a. d. Wien)
186 969 518 1082 Zum lieben Augustin.
262 1066 451 1136 Direkion.
105 1282 1490 1450 Lieber Freund, es thut mir leid, dass ich Sie nicht unter
92 1382 1490 1517 gesprachen habe. Bis Sonntag war ich verreist, Karlsbad
83 1454 1535 1604 Prag. Habe in Prag Frl. Bardi und einen hübschen jungen
78 1540 1448 1687 Tener engagirt, der die gröpte Ambrtine hat, ein Even
78 1625 1526 1760 Skelander zu werden. Von or mande haben sie gehört, dass
83 1721 1483 1845 Otti operirt müde. Das war ziemlich schrecklich, abwal
97 1788 1533 1925 die ganze Sache an sich ja nichts bedeutet und glücklich
97 1874 1463 1975 verlaufen ist. Ich kleibe nun ungefähr acht Tage in
103 1952 1457 2094 Wien und fahre Tann nach München, zwei Tage,
97 2035 1535 2152 von dem nach Zürich, drei Tage. (Felix) von Ta nach
99 2103 1420 2242 Paris, grölf – 14 Tage und 5 Jann nach Köln.
108 2183 1555 2327 Frankfurt, Wiesbaden, Stuttgart – Wren. Ins Juli werde
108 2249 1483 2372 ich im Salzkammergut oder am Wörthersee sine
106 2320 1528 2480 Auch zu einer kleinen Radtsur wäre ich bereit. Den
115 2430 1519 2561 größten Theil des Augsut bin ich in Wien, mit Aus¬
103 2478 1553 2623 nahme eines kurzen Reise nach Prag und nach
121 2570 1540 2704 Aussee. Das ist „Alles. Ich freue mich, dass sie ein
108 2657 1549 2785 neues Stück haben, und hege künstlerisch eine ganz
115 2745 1513 2879 bestimmte Unwertung davon. Vielleicht läßt es nicht
108 2835 1490 2958 machen, das Birkevies mir die "Marienetten" abtritt
124 2909 1535 3061 d.h. wenn Sie mir den Stück geben wollen. Schrei¬
1724 1190 3032 1342 ben Sie mir schüber. Braten ist, wie sie nimm, hier. Wir
1719 1295 3023 1412 sahen was im Theater, ohne uns zu grüssen. Es ist
1724 1376 3039 1510 mir ja wint ganz gleichgültig, aber ich berure jetzt,
1730 1452 3063 1582 Jan ich mich s. Z. doch habe bereden lassen, ohne
1724 1551 3048 1661 mein Stück einzureichen. Nun bringt er mich durch seine
1737 1618 3034 1741 Buchmen in der peinlichen Verdacht, als sei ich ihm des
1728 1703 3075 1825 halb höre. Ich bin ihm aber geweckt böse, am wenig¬
1737 1775 3081 1903 sten Feshalt. Mir sehe ich keine Ursache, sein unfreundliches
1744 1876 2237 1986 Verhalten einzusticken.
1750 1921 3072 2053 Von Bahr erführ ich, dass Hofmannsthal Samstag gehei¬
1750 2035 3072 2145 rathet hat. Schreiben sie mir, bitte, wild, Hauptsächlich.
1744 2101 3083 2233 wahin Sie reisne. Ich habe das „wir“ nicht verstöm¬
1753 2197 2560 2293 Sin. Sind sie mit Ihrer Mama.
2428 2255 2655 2390 Meylicert
2646 2247 2774 2392 Jur
2747 2345 2967 2459 Satsen
