4179 3704
2400 443 2503 567 18
1492 886 1824 1001 Berlin 17. V. 06
1092 883 1237 1012 216
2026 1195 3446 1269 schreiben, die mir wie Ihnen näher u. daher und es änder¬
2022 1255 3352 1351 strebt mir aufrichtig, in in einem Tag und Ludasty zu
594 1234 1959 1377 Lieber. Da Sie rasche Auskunft münschen (warum?) en aller Kürze: une
2026 1324 3410 1399 wörden. Thuchne ersöchte mich genug, dan dieses schwem¬
565 1335 1967 1437 höre von meinem Anwald, sans Herr ou v. Sudassy aen jetzt hinter die verbjec
2028 1381 2985 1478 nur immer durch unsere große wälyt.
564 1397 1911 1478 tur Verjährung verkrieben will, 5. h. er meint gellend; der bempte
557 1471 1939 1570 Angriff sei wie innernals der gesetzlichen Frid nach seinem Erscheinen
2817 1492 3045 1593 Merztellers
567 1549 1983 1624 (geklagt werden, sei aber sechs Monate vor seinem Erscheinen gescheiden)
3105 1517 3299 1656 BJaltin
557 1609 1937 1696 werden. Er verlangt. dass man die Zeit so münt, dem man von dem
569 1657 1911 1735 Tag an recurter, au welchem die Tat begangen wurde! Da käme
557 1719 1955 1796 rung dann der Schutz der Verjährung zu gute, und er hätte und
555 1785 1923 1863 straftes der Bestechtigkeit beschuldigt, weil erg riemand reklagte
551 1842 1959 1914 als ich seinen Artikel gedruckt las, und nicht schon, als er ihn
555 1911 1936 1978 aufgeschriebene hatte.“ Es wär “not“- man müßt’ alle 14 Tag zu
551 1969 1911 2040 derápy fragm schicken. „Haben Sie nicht eine gemeinheit
555 2033 1976 2111 gegen mich begangen?“ Ob er mir dieses Bemühung durch¬
560 2081 1076 2170 Dungs, weiß ich nicht.
565 2150 1937 2223 Hier hat nur θr v. Lordsy an Ullsteins Telegrafirt: Habe
565 2212 1950 2288 Huren Vertagsprejerd verzuschlagen. Bitte mir unter Vermei¬
569 2274 1932 2375 dung Saltens mitzuteilen, wann die Sprechen kann.
574 2350 1948 2428 Wohne Palasholie. 2. " Unsinns hatte mir die Depuße
567 2398 906 2496 sefors gezeigt.
573 2450 1946 2567 zu diesen Dingen kann erst mich mit jeder Bemerkung
564 2522 803 2609 in ihalten.
558 2591 1923 2691 Nun aber genug. Ich will aufe nichts um anderen Augen
