<?xml version="1.0" encoding="UTF-8" standalone="yes"?>
<PcGts xmlns="http://schema.primaresearch.org/PAGE/gts/pagecontent/2013-07-15" xmlns:xsi="http://www.w3.org/2001/XMLSchema-instance" xsi:schemaLocation="http://schema.primaresearch.org/PAGE/gts/pagecontent/2013-07-15 http://schema.primaresearch.org/PAGE/gts/pagecontent/2013-07-15/pagecontent.xsd">
    <Metadata>
        <Creator>prov=READ-COOP:name=TrHtr:version=2.1.0:model_id=51170:date=26_07_2023_05:00</Creator>
        <Created>2023-05-02T07:46:49.020+02:00</Created>
        <LastChange>2023-07-26T05:00:30.843+02:00</LastChange>
        <TranskribusMetadata docId="1416711" pageId="54950699" pageNr="5" tsid="130894595" status="IN_PROGRESS" userId="64420" imgUrl="https://files.transkribus.eu/Get?id=UOKTGYUPEPFEEUQIUXSPQIEQ&amp;fileType=view" xmlUrl="https://files.transkribus.eu/Get?id=HQTDHRWUYNRTEHRSWNGJGNJT" imageId="44454425"/>
    </Metadata>
    <Page imageFilename="1416711_0005.jpg" imageWidth="4504" imageHeight="3640">
        <ReadingOrder>
            <OrderedGroup id="ro_1711828702588" caption="Regions reading order">
                <RegionRefIndexed index="0" regionRef="tr_2"/>
                <RegionRefIndexed index="1" regionRef="tr_1"/>
            </OrderedGroup>
        </ReadingOrder>
        <TextRegion id="tr_2" custom="readingOrder {index:0;}">
            <Coords points="80,2996 301,2996 301,3497 80,3497"/>
            <TextLine id="tr_2_tl_1" custom="readingOrder {index:0;}">
                <Coords points="123,3091 142,3095 152,3084 177,3091 192,3082 211,3084 218,3078 239,3076 239,2981 218,2981 203,2996 188,2985 167,2996 161,2991 144,3008 123,3010"/>
                <Baseline points="134,3049 179,3046 223,3046 244,3049"/>
                <TextEquiv>
                    <Unicode>um</Unicode>
                </TextEquiv>
            </TextLine>
            <TextLine id="tr_2_tl_2" custom="readingOrder {index:1;}">
                <Coords points="65,3222 101,3226 129,3213 165,3219 177,3211 192,3228 207,3215 220,3215 230,3093 211,3091 199,3099 188,3088 167,3088 163,3082 148,3097 139,3091 116,3105 104,3095 76,3099"/>
                <Baseline points="80,3210 92,3210 137,3204 182,3198 226,3201"/>
                <TextEquiv>
                    <Unicode>tter</Unicode>
                </TextEquiv>
            </TextLine>
            <TextLine id="tr_2_tl_3" custom="readingOrder {index:2;}">
                <Coords points="87,3338 112,3329 152,3340 161,3331 182,3334 203,3319 220,3319 241,3340 279,3340 281,3190 243,3188 207,3213 182,3217 139,3249 89,3245"/>
                <Baseline points="101,3284 146,3281 190,3278 235,3278 280,3284 286,3284"/>
                <TextEquiv>
                    <Unicode>a Kirsch</Unicode>
                </TextEquiv>
            </TextLine>
            <TextLine id="tr_2_tl_4" custom="readingOrder {index:3;}">
                <Coords points="118,3479 173,3475 184,3464 253,3517 300,3511 285,3369 266,3372 247,3395 224,3401 207,3391 184,3410 146,3405 139,3412 110,3412"/>
                <Baseline points="128,3466 173,3466 217,3469 262,3475 301,3487"/>
                <TextEquiv>
                    <Unicode>und Greifs¬</Unicode>
                </TextEquiv>
            </TextLine>
        </TextRegion>
        <TextRegion id="tr_1" custom="readingOrder {index:1;}">
            <Coords points="1461,1089 3153,1089 3153,2235 1461,2235"/>
            <TextLine id="tr_1_tl_1" custom="readingOrder {index:0;}">
                <Coords points="1565,1170 1865,1191 1969,1141 2389,1213 2744,1179 2924,1221 3126,1179 3124,1109 2917,1067 2332,1101 2176,1050 2039,1103 1563,1056"/>
                <Baseline points="1575,1139 1620,1142 1664,1145 1709,1145 1754,1148 1799,1148 1843,1148 1888,1151 1933,1151 1978,1154 2022,1154 2067,1157 2112,1160 2157,1160 2201,1163 2246,1166 2291,1169 2336,1172 2380,1172 2425,1172 2470,1172 2515,1172 2559,1169 2604,1169 2649,1169 2694,1172 2738,1172 2783,1175 2828,1175 2873,1175 2917,1175 2962,1175 3007,1175 3052,1172 3096,1169 3132,1172"/>
                <TextEquiv>
                    <Unicode>Verehrtester: Eben habe ich Ihr „Denk“</Unicode>
                </TextEquiv>
            </TextLine>
            <TextLine id="tr_1_tl_2" custom="readingOrder {index:1;}">
                <Coords points="1458,1276 2827,1274 2949,1320 3088,1301 3088,1219 2746,1232 2537,1179 2195,1242 2079,1172 1456,1187"/>
                <Baseline points="1470,1250 1515,1250 1560,1250 1605,1250 1649,1250 1694,1256 1739,1253 1784,1253 1828,1256 1873,1256 1918,1259 1963,1262 2007,1265 2052,1262 2097,1262 2142,1265 2186,1265 2231,1265 2276,1268 2321,1268 2366,1271 2410,1271 2455,1268 2500,1268 2545,1271 2589,1268 2634,1268 2679,1265 2724,1268 2768,1268 2813,1268 2858,1268 2903,1268 2947,1268 2992,1268 3037,1268 3082,1271 3094,1271"/>
                <TextEquiv>
                    <Unicode>steine" gelesen. Ich muss es Ihnen sagen,</Unicode>
                </TextEquiv>
            </TextLine>
            <TextLine id="tr_1_tl_3" custom="readingOrder {index:2;}">
                <Coords points="1453,1369 1631,1352 1941,1432 2178,1367 2246,1411 2776,1356 3135,1390 3148,1261 2949,1320 2827,1272 2389,1327 1453,1306"/>
                <Baseline points="1464,1348 1509,1345 1554,1345 1599,1348 1643,1351 1688,1351 1733,1351 1778,1351 1822,1351 1867,1351 1912,1354 1957,1357 2002,1357 2046,1357 2091,1360 2136,1360 2181,1360 2225,1360 2270,1360 2315,1360 2360,1363 2404,1363 2449,1360 2494,1357 2539,1357 2583,1357 2628,1357 2673,1357 2718,1357 2762,1357 2807,1354 2852,1351 2897,1348 2941,1351 2986,1351 3031,1351 3076,1351 3120,1357 3153,1363"/>
                <TextEquiv>
                    <Unicode>wie entzückt und begeistert ich davon bis.</Unicode>
                </TextEquiv>
            </TextLine>
            <TextLine id="tr_1_tl_4" custom="readingOrder {index:3;}">
                <Coords points="1458,1494 3034,1479 3069,1386 2062,1390 1924,1439 1633,1354 1460,1371"/>
                <Baseline points="1470,1450 1515,1450 1560,1453 1605,1456 1649,1461 1694,1461 1739,1464 1784,1461 1828,1461 1873,1464 1918,1461 1963,1464 2007,1464 2052,1464 2097,1464 2142,1464 2186,1464 2231,1461 2276,1458 2321,1456 2366,1458 2410,1456 2455,1456 2500,1456 2545,1456 2589,1456 2634,1453 2679,1453 2724,1453 2768,1450 2813,1447 2858,1447 2903,1444 2947,1444 2992,1447 3037,1447 3073,1456"/>
                <TextEquiv>
                    <Unicode>Viele zwar werden Sie nicht verstehen,</Unicode>
                </TextEquiv>
            </TextLine>
            <TextLine id="tr_1_tl_5" custom="readingOrder {index:4;}">
                <Coords points="1453,1586 2977,1540 3082,1582 3124,1572 3124,1472 1456,1523"/>
                <Baseline points="1467,1551 1473,1551 1518,1554 1563,1557 1608,1560 1652,1560 1697,1560 1742,1560 1787,1557 1831,1557 1876,1557 1921,1557 1966,1557 2010,1557 2055,1557 2100,1554 2145,1554 2189,1551 2234,1551 2279,1551 2324,1548 2368,1551 2413,1548 2458,1548 2503,1548 2548,1548 2592,1545 2637,1545 2682,1542 2727,1539 2771,1536 2816,1536 2861,1533 2906,1533 2950,1533 2995,1536 3040,1536 3085,1536 3129,1542"/>
                <TextEquiv>
                    <Unicode>und das sind die Männer welche die</Unicode>
                </TextEquiv>
            </TextLine>
            <TextLine id="tr_1_tl_6" custom="readingOrder {index:5;}">
                <Coords points="1456,1675 3135,1663 3135,1576 2888,1551 2489,1561 2421,1608 2294,1563 1806,1614 1458,1586"/>
                <Baseline points="1470,1652 1482,1649 1527,1649 1572,1652 1617,1652 1661,1652 1706,1649 1751,1649 1796,1649 1840,1646 1885,1646 1930,1646 1975,1643 2019,1643 2064,1640 2109,1640 2154,1638 2198,1640 2243,1640 2288,1640 2333,1643 2377,1643 2422,1640 2467,1640 2512,1638 2556,1638 2601,1638 2646,1635 2691,1632 2735,1629 2780,1629 2825,1626 2870,1623 2914,1623 2959,1623 3004,1623 3049,1626 3094,1629 3138,1638"/>
                <TextEquiv>
                    <Unicode>Frauen, die wir lieben, zu Fall gebracht</Unicode>
                </TextEquiv>
            </TextLine>
            <TextLine id="tr_1_tl_7" custom="readingOrder {index:6;}">
                <Coords points="1456,1764 1663,1806 2165,1736 3133,1751 3133,1677 2964,1660 2674,1717 2258,1660 1456,1675"/>
                <Baseline points="1467,1745 1512,1745 1557,1748 1602,1748 1646,1751 1691,1748 1736,1748 1781,1745 1825,1745 1870,1745 1915,1745 1960,1742 2004,1739 2049,1736 2094,1733 2139,1736 2184,1736 2228,1733 2273,1736 2318,1736 2363,1736 2407,1739 2452,1739 2497,1736 2542,1736 2586,1736 2631,1736 2676,1739 2721,1739 2765,1736 2810,1736 2855,1736 2900,1736 2944,1733 2989,1733 3034,1736 3079,1739 3123,1745 3135,1748"/>
                <TextEquiv>
                    <Unicode>und gedankenlos besessen - und was</Unicode>
                </TextEquiv>
            </TextLine>
            <TextLine id="tr_1_tl_8" custom="readingOrder {index:7;}">
                <Coords points="1447,1903 3031,1884 3031,1796 2886,1758 2571,1817 2497,1768 1639,1819 1451,1764"/>
                <Baseline points="1461,1855 1467,1852 1512,1852 1557,1855 1602,1855 1646,1852 1691,1852 1736,1852 1781,1849 1825,1849 1870,1849 1915,1846 1960,1843 2004,1843 2049,1840 2094,1837 2139,1837 2184,1837 2228,1837 2273,1837 2318,1840 2363,1840 2407,1840 2452,1840 2497,1840 2542,1840 2586,1837 2631,1837 2676,1837 2721,1834 2765,1834 2810,1831 2855,1831 2900,1831 2944,1828 2989,1828 3034,1825"/>
                <TextEquiv>
                    <Unicode>noch schmerzlicher ist. Die Weiber</Unicode>
                </TextEquiv>
            </TextLine>
            <TextLine id="tr_1_tl_9" custom="readingOrder {index:8;}">
                <Coords points="1456,2003 1557,2003 1580,2011 1656,1963 1686,1971 1705,1960 1730,1965 1732,1880 1707,1893 1654,1891 1633,1901 1603,1886 1523,1920 1460,1918"/>
                <Baseline points="1470,1963 1509,1963 1554,1960 1599,1960 1643,1960 1688,1957 1733,1954"/>
                <TextEquiv>
                    <Unicode>selbst</Unicode>
                </TextEquiv>
            </TextLine>
            <TextLine id="tr_1_tl_10" custom="readingOrder {index:9;}">
                <Coords points="1794,2022 2567,1986 2746,2032 3021,1975 3101,2003 3103,1897 1796,1929"/>
                <Baseline points="1805,1993 1811,1993 1855,1993 1900,1990 1945,1990 1990,1993 2034,1990 2079,1990 2124,1990 2169,1990 2213,1990 2258,1990 2303,1990 2348,1987 2392,1987 2437,1984 2482,1984 2527,1981 2571,1984 2616,1981 2661,1978 2706,1975 2750,1975 2795,1975 2840,1972 2885,1969 2929,1966 2974,1963 3019,1963 3064,1963 3108,1972"/>
                <TextEquiv>
                    <Unicode>Wer doch auch so ruhig "Dirne"</Unicode>
                </TextEquiv>
            </TextLine>
            <TextLine id="tr_1_tl_11" custom="readingOrder {index:10;}">
                <Coords points="1487,2121 1610,2165 1855,2096 2605,2077 2706,2117 3027,2085 3091,2022 2243,1998 1948,2064 1491,2030"/>
                <Baseline points="1500,2106 1527,2106 1572,2106 1617,2109 1661,2112 1706,2109 1751,2106 1796,2103 1840,2097 1885,2091 1930,2091 1975,2088 2019,2088 2064,2085 2109,2085 2154,2082 2198,2079 2243,2079 2288,2076 2333,2076 2377,2079 2422,2076 2467,2073 2512,2073 2556,2070 2601,2067 2646,2064 2691,2064 2735,2064 2780,2064 2825,2061 2870,2061 2914,2058 2959,2055 3004,2058 3049,2061 3094,2064"/>
                <TextEquiv>
                    <Unicode>sagen könnte, und sich weg wenden.</Unicode>
                </TextEquiv>
            </TextLine>
            <TextLine id="tr_1_tl_12" custom="readingOrder {index:11;}">
                <Coords points="1456,2286 1933,2220 2100,2322 3078,2341 3103,2091 2668,2138 2374,2081 2165,2151 1460,2161"/>
                <Baseline points="1470,2222 1494,2225 1539,2222 1584,2222 1629,2219 1673,2222 1718,2216 1763,2216 1808,2213 1852,2213 1897,2216 1942,2213 1987,2210 2031,2210 2076,2207 2121,2204 2166,2204 2210,2198 2255,2195 2300,2189 2345,2186 2389,2184 2434,2184 2479,2181 2524,2178 2568,2175 2613,2175 2658,2169 2703,2169 2747,2166 2792,2163 2837,2163 2882,2160 2926,2157 2971,2157 3016,2157 3061,2160 3105,2157"/>
                <TextEquiv>
                    <Unicode>Ich habe bisher gefunden, dass das erste</Unicode>
                </TextEquiv>
            </TextLine>
        </TextRegion>
    </Page>
</PcGts>
