3483 3672
839 791 2110 970 hafter Nr. vor befredet sich zuernehmenden
846 844 2269 1021 Otti ist in Bekl. wahrscheinlich hässen sie sie schon
848 945 2243 1101 geschen. Sie hat noch kein Engagement, ist aber
853 972 2218 1133 im Ganzen unterger. Ich bin die ganze Zeit schlecht
853 1028 2230 1216 aufgelegt, aber ich arbeite wol. Die Grundlagen
851 1073 2214 1258 des Jahrhunderts“ von Chambertain ist ein sehr
853 1129 2177 1289 interessantes Broch. Ich gebe es kennen, wenn sie
851 1170 2253 1354 zum fehkkommen. Ich schreibe ewgenswehlich danker
862 1218 2108 1398 am anzahl im Entbegnungen für „die weit“.
876 1271 2136 1439 senden sie mir unter wieder eine zerle.- Die
874 1328 1986 1531 getragen bring ich Ihnen üttest mit
1650 1372 2260 1503 erzeichst zur Salem
1586 1478 1970 1600 1768 99
1225 1774 2273 1966 wir kommen morgen) Diensten
952 1931 2257 2053 am Hamilton nach sehl. Wenn
910 2020 2266 2147 Sie noch nicht der nicht mehr
899 2074 2305 2257 auf das Eyslamare sind nicht.
899 2143 2317 2340 bei zu können. Wir kommen übriger
917 2227 2205 2457 über Stroße zur Raad, solle f
945 2343 2119 2545 zum Entgegüßungen heiß habe
1418 2464 1855 2593 Herzlichst.
