3478 3719
1550 955 1669 1082 29
1097 1243 2430 1414 hieber Freund! Hier ist es einfach
1087 1367 2393 1510 herreich. Gestern mit Rad und
1125 1449 2354 1573 sund in hien gewesen,
1122 1543 2453 1661 und dort eine Einladung zu einem
1101 1616 2398 1730 Radfabrflite erhalten. Im Coupe
1107 1714 2435 1840 mit einem polnischen siden über¬
1101 1790 2382 1938 Breyche gesprochen Nachste
1107 1914 2400 2009 Woche fahre ich per Bahn nach
1104 1958 2339 2105 Tobtach, von da nach Cortina.
1077 2040 2241 2166 Dann berichte ich über Alles.
1079 2137 2344 2271 Herr M. der kleinen Dorfkirche
1069 2198 2329 2364 ist das Original von Defregger's
1081 2297 2320 2441 Madonna“ und viele Jugend
1109 2405 2387 2553 skizzen, wie Portsterits von ihm
1111 2440 2441 2624 zeigt der Wirth in seiner Stube
1117 2539 2413 2720 Wenn sie schreiben dann
