3519 3672
947 354 1430 516 1 1 1-1 7.
1690 310 2438 495 Votre très-hacune 1/4:e 4e 4 heures 3/4
2877 359 3060 469 1: ̃
1569 696 1712 797 238
2026 711 2378 840 10/12 Ett
1107 973 2415 1071 Lirber, wir nahm gestern durch Iirlie Wassenmann von Dlyk’s
1079 1057 2420 1130 Erkrankung gehörd und sind früh bestünd darüber. an Ihrem
1074 1123 2412 1186 Herr Bruder, bei dem ich teletonisis anfragte, bekam ich
1076 1175 2440 1262 eine relative hünkungs. Wir denken unausgesetzt an Sie Beide
1064 1243 2427 1320 wenn ich Ihnen sehr, wo Sie so abgeschrißen sind, eigend
1064 1304 2467 1405 eines bewegen, erledigen oder sonst was heffen kann, würde
1057 1365 2440 1444 14 es so sehr gerne unm. Und wir hoffen aufs Innigste
1062 1432 2440 1522 dass Sie sehr, sehr bald von aller Besorgnis um Hga
1050 1498 2431 1575 auß Beste befreit werden, Jan alles gut ablaufs, dass
1060 1557 2406 1646 wir Sie alle recht bald gesund wiederschen. Inzwischen
1053 1613 2441 1712 werde ich mir erlauben, bei ihrer Mutter u. bei Ihrem
1055 1691 2389 1803 Bruder. Ulfanisch anzufragen. Denn wir möchten läger,
1043 1775 2366 1861 nissen, nu es olya geht und was Sie beide massen,
1348 1859 2276 1956 und tausend herzunehsten Wünschen
1371 1918 2408 2016 guten Gedanken und Grüßen an Olga u. Sie
2169 2023 2370 2117 Sallen
1099 2181 1327 2293 Mluzsay
