3510 3704
1476 750 1602 836 90
1775 1020 2073 1149 1. Juli 97
1225 1292 2336 1400 Lieber Arthur, eben kommt Ihre Londoner
1222 1389 2321 1499 Karte und ich freue mich herzlich, Sie so
1233 1460 2297 1554 bald wieder zu sehen. Ich bin, wenn sie
1227 1541 2289 1636 mir Nachricht geben wollen, wo wir uns
1230 1607 2315 1695 tresten, jeden Tag bis 4 oder 5 zu Hause.
1236 1682 2321 1796 Für die Abschaffung des Pücher bin ich auch.
1222 1758 2341 1851 Ohneries war ich in der letzten Zeit mir sehr
1222 1826 2325 1921 unregelmäßig dort und wenn wir eine
1209 1910 2338 2010 frühe Stunde fürs Schlafen gehen von Anfang
1219 1976 2186 2085 gleich festhalten, ist's inn so besser.
1436 2048 1831 2148 Also auf bald
1899 2077 2025 2187 Ihr
1975 2169 2204 2291 Salteny
