3757 3688
1180 1001 2561 1077 ̃ ̃
1448 1048 1566 1142 186
1712 1055 2339 1158 30.3.904 nunwach
1219 1108 2480 1226 Lieber Freund, indem Dank für Herrn Brief, über den
1183 1180 2504 1264 ik mich sehr gefreut habe. Es geht ja oft minderlicht
1233 1245 2484 1312 und diesen kleinen Arbeiten: Diese segte möchte ich
1238 1297 2530 1364 erkläfrig, müd und eilig, in drei Kunden stetigmannen,
1231 1345 2502 1408 und wenn nichtich was dran zu loben er, denn wär es
1240 1391 2528 1465 Eben doch mit der "Schimp" (Nann-falls den Wort zu minder¬
1228 1432 2508 1513 erkleint, etwas mich klau“ ersetzt werden). Wirckt wenig bin
1199 1506 2484 1568 ich über P. A. entzunehmen. Stabe gleichrüberst nach
1219 1539 2499 1621 ihnen gerückt, aber nichts gefunden. „wo dann?“ Dass
2281 1568 2374 1604 3:3:
1173 1587 2480 1676 ich manchmal in Satz unterdien hatte, die mir lieb
1221 1638 2513 1724 sind, werfe ich, was glaube, das hängt und meiner
1223 1663 2540 1752 musikalischen Empfänglichkeit zusammen. Aber Aussage
1190 1740 2550 1839 waren mir nie angenehm, haben mich in mir dümmer.
1187 1776 2537 1870 bemüht, und ich könnte es mir also nicht erklären.
1285 1829 2502 1918 Olli, Paul und ich wollen Samstag früh über Osten
1192 1905 2518 1985 auf den Kahlenberg. (Seirat-Semmering), Wenn es Ihnen
1178 1949 2520 2015 riebt ist, nommen wir morgen Donnerstag der übermord¬
1214 1992 2504 2095 Zur Freitag von 1/2 7 – 7 gr Ihnen. Ich schlage vor, daß
1187 2046 2116 2125 mir dann in Riedhof nachtmahlen.
1635 2075 2446 2197 Geregenschte Grüsse aus Obgau u. sie
2195 2162 2296 2240 her
2279 2221 2420 2319 halte.
