4178 3703
3240 412 3435 523 1)1
2132 916 3452 1042 selben Form erzählt, und immer als die letzte Ursame der End¬
2122 1027 2603 1126 greinung bezeichnet.
2132 1069 3482 1172 die Außerung über Beyl sind in der Montag-Verhandlung nicht
2135 1125 3455 1244 Zur Sprache nommen. Ich wisse, Sie rogende nied, nur durch
2135 1179 3475 1295 die einfache Constatirung dieser Tatsache in meinem aufgedrungen.
2135 1231 3450 1340 nen abwehrkämpf gegen eine der bissigsten Canaillen, die es
2137 1276 3435 1406 gehr, beigundehen; in einem kämpt, in dem ich zunehm
2139 1328 3415 1469 zu sehr allein stette. Bitte geben sie mir pueümatises
2150 1387 3435 1503 Nannicht, ob sie sich dieser Dinge, namentlich des Sammers
2149 1437 3472 1579 1904, u. erinnern, und da zu sie als Jungen nennen Part.
2144 1516 3425 1627 Das Wesentliche ist, ob Sie - wie irs annehme - sich besinnen,
2139 1557 3413 1708 diese Geschichte lange vor dem Dezember der. Jahres und
2152 1648 3008 1764 oft vorher von mir gehört zu haben.
2751 1688 3109 1804 Merzlera Her¬
3137 1743 3334 1822 Salsin
