3560 3688
1948 906 2313 982 Wun, 5. Juli 88
1667 909 1813 1001 246
1177 911 1413 1022 Salle
1182 1226 2446 1312 lieber, vielen Dank für Juren teilnehmenden Bner, und danken Sie, bitte.
1179 1285 2425 1358 ausz Hurer l. Frau für ihre Verluahme. Wenne anner Brüder hat uns bis
1185 1331 2429 1390 rer etwa irer Urten nach immer Hoffnung genaßen. Sein Befinden
1193 1347 2456 1424 hat schmertend, aber nichts verzweifelt. Gierken had er in den gan¬
1180 1386 2449 1467 zen fünfzehn Monaten benändig, mehr als ein sagen läß. Dann
1185 1423 2457 1497 aber begann ganz plösten das Stühm und darwerte mit allen Grafen,
1191 1458 2419 1537 die sich nur deuthen lassen, wir wochen lang. Ich war ich, namwütlich
1185 1486 2424 1564 aber in den allertehlen Stunden bei uns, und nach verwehrt, ohne durch
1188 1518 2405 1602 für nährendes marphiene geringstens einen Teil. seiner ungemein frischen
1188 1521 2451 1637 Besinnung zu nommen. Was für eine Krankheit Ihn weg genommen hat von rus, das
1190 1586 2454 1664 wenn sie nach immer müß. Aber jetzt krankt man’s ganz unter unter expen¬
1196 1615 2462 1702 Ich bin jetzt um den Herren wieder etwa henteter und von meinen Dams gestän¬
1190 1653 2432 1731 hu in prinizender Wissen, mehr als je. Zumigeswand. Trez aheder muß ich
1188 1694 2416 1773 sehr viel arbeilen, was nicht den ganzen Sommer an die Arbeit werden.
1199 1710 2422 1802 Wir unsac unkung früh nach mordnijk, wo wir Sonntag eintreffen und bei
1188 1745 2441 1834 15. August bleiben. Die gelt von dort nach Langensbad; ich über Baireurte.
1196 1810 1731 1883 und Satzkammergut nach him.
1329 1816 2405 1907 Nochmals wohn dank. Inne Gieden, auch meine Mama dankt Innen
1202 1897 1865 1964 nehmals. Schönste Grüße um was zu muss.
1953 1881 2148 1957 sur Sallen
