3372 3672
1040 358 1275 522 1/4/9 1
921 913 1541 1001 Marienbad, 15. August 17.
657 915 789 997 233
978 976 1329 1077 Hans Guisisana
174 1244 1574 1331 Lieber, wir sind jetzt bald eine Woche da. Dtti brauend die kür. Kreuz¬
134 1340 1550 1409 bunnen nur Endwandsquelle, moorbäder und Kohlmsaure; sie
126 1388 1574 1466 befruder und dabei sehr ent, und ohne Genauung macht schuldlich Fak¬
126 1448 1583 1530 schritte. Ich habe auch und einer Kur begonnen, aber nur einen
130 1515 1591 1578 Fach ausgehalten. Um 5 Uhr aufsuchen und um neun und frük¬
126 1563 1569 1641 Fürsten Könnte ich mir dann vertragen, wenn ich von hier
121 1615 1598 1700 aus erst nach auf vier Wochen andersnehm zur Erholung griege.
124 1682 1554 1760 Da ich mich aber ausserhen muss, nach es keinen Sinn, wenn ich eines
110 1736 1531 1832 zog quäle, und dann vielleicht noch mallet und noch newöser
110 1775 1585 1892 nach Urm zurückkomme. Den Kindern das M6d. unglaublich gut.
110 1856 1498 1936 Sie essen hrer, dass mir eine Freude hebben. Und sie leisten endlich
115 1905 1565 2007 weite Spazrergänge machen, was man an der See weniger n'est, und
108 1964 1572 2057 wozu sie – durch unseren Garten – in Wien nie gelangt sind. Brev
95 1999 1567 2120 Sind die Wärder herrlich. und die vielen Jansenorte, die überall auf
102 2062 1535 2172 den kleinen Berggippen aus nach pladiges wegen. Seit nöchstig
106 2122 1596 2246 famos. Wir nehmen ganz ausshalb von Mannenbad in einer Knape,
106 2177 1526 2292 Nr. nur auf der einen Seite Häuser, auf des anderen den Wald
100 2240 1537 2357 had, zahlen für zwei hübsche Commers 25 fl die Woche, was sehr
102 2292 1580 2422 willig ud. haben das mittag usa - und was für ein unrkagessen!
104 2352 1580 2495 für 60 Kränger die Person auf dem Erinner. Das Früfssdruck manuf
102 2417 1557 2534 sas Fräulein, gajanss und irgendwo auf einem Berg. (Bübezahl
102 2486 1550 2589 Fandnach, Unrod. Exernänder u.s.4.) Und Nachtmahl hatt
102 2524 1550 2641 man sich in der Werkanterhandlung, die ihrer alle Begriffe, die
111 2602 1552 2706 man sich im einer delikalessnhandlung machen yber über¬
111 2679 1552 2790 hoffs. Sch vendeln, ramm Elias im Maurenb ad in begeisdert.
1667 1134 3078 1234 ist. Die Punnsplätze sind die schönsten, die ich kenne. Man vereit
1654 1234 3141 1309 am halben Stunde nach dem Regen. Wir haben eine ganz gute Partie
1652 1286 3117 1385 ein Taubstummes ganzes Mädchen, die sehr nicht ist und sehr scharf
1654 1361 3078 1452 spoelt. Morgen früh kommt freyfried Savoschne hier an, um den
1654 1437 3111 1500 Kindern Onkel Japollschu genannd. Er bleibt bis mittwes
1652 1496 3133 1585 nur geld dann nach Wien. Hier sind natürig eine menge men¬
1652 1543 3078 1637 sehen, denen man nicht immer ausweichen kann. Wir waren denn
1652 1621 3063 1698 auch die ersten Tage in einem Gebrodel von Berliner, Lemberger,
1648 1665 3070 1758 Wiener, Münchener und mannhermer Guten, ein Wagenfahsten.
1646 1724 3118 1832 Gertomobil partien, u.s.w. Aber wir haben schuck gebremst und leben
1646 1795 3044 1892 jetzt übrig. Unm Olli meld früh und Abends zum Grimmen
1648 1864 3061 1960 müßte, würden mir nach weniger Fütter haben. Die Kinder
1648 1892 3100 2023 hinken Ambrosiusquelle (Eisen) was immer ein großer Spassen. Dame
1650 1995 3096 2081 fahren sie Eschwagen, und da sie jetzt nacheinander Geburtstag frem¬
1648 2047 3080 2142 in der Ziebel groß. Annerle hat fahrhafte Erfolge, während
1645 2101 3080 2203 die treferen Naturen Pauli schätzen, herrlich haben die Kinder
1635 2159 3074 2278 im Wald Theater gespuret und Röckkäppchen aufgepührt.
1635 2222 3122 2339 Sie waren jönnerig betrunken davon, dass da ein nirmercher Wald¬
1641 2298 3133 2404 war, und man kann sagen, dann es ausl. sonst eine undreffenten
1635 2359 3074 2461 Aufhührung gewesen ist. – Wir haben manchmal auch
1635 2422 3085 2536 schon Schlenther gischen, Er sieht aus, als ob er herrliche Galg¬
1637 2500 2328 2604 geschmülste und diesen hätte.
1639 2562 3070 2667 sprer arbeite ich mir Kleinigkeiten, die an der Actavion verlangt
1635 2601 3117 2736 werden, samt nichts. Ich habe in drm allerlei gemacht. Darunter
1645 2680 3052 2788 die drei Meinen Kücke, die nun in Maschinschrift vertragen.
1646 2736 3118 2892 Wenn ich in ein Sterbst noch erträglich freide. Es ist in welleicht
