3492 3720
1399 943 1524 1130 135
1408 1125 2054 1239 Ischl, Traunquai 27, mai 11.
1970 1201 2051 1241 Eem
1833 1213 2091 1321 8. VIII. 00.
1071 1436 2214 1568 Lieber Freund, Ihre Frau Maria sagte mir heute.
1056 1537 2236 1628 Sie hätten sie gefragt, wann ich nach etwas an komme.
1055 1601 2177 1729 Da ich demain entnehme, den bei meinen Brief in
1062 1699 2202 1793 Schrüns schon erhätten haben. Bitte ich Sie noch¬
1061 1770 2212 1887 mals um Nachricht, wenn sie in Meran sind.
1068 1834 2161 1954 Ich kann vom 24. aus, (auch früher) jeden Tag.
1067 1947 2170 2028 Ich höth sie, mir genau die Trür zu schreiben,
2219 1926 2321 2064 G.F.P
1064 2011 2145 2115 die Sie vorschlagen, weil ich mir von hier aus
1067 2069 2146 2180 die Eisensahmkarte danach bestellen muß. Sein
1069 2140 2192 2278 Sonnest mich 9-4 Tage und je trüher ich’s weiss,
1062 2256 2162 2363 Pests bemer ist es. Wie geht es? Es that mir
1059 2332 1932 2463 leid, dan ich nicht und konnte.
1222 2414 1960 2556 herztregt der Salten,
1088 2534 2215 2699 Uhr den und Peter befinden sich wohl, mir heißt
1091 2653 1601 2781 Peter jetzt „Pumpi“
1708 2678 2189 2779 Richtig! Vor einer
