4488 3594
2674 501 2925 621 11. N. 28.
1524 669 2970 819 Lieber, vielleicht haben sie noch mein Buch schrei¬
1707 769 2985 931 "ich gab es istmen damals, als es erschien. Auf
1503 842 2996 1002 die zweite Ausgabe bei gery Müller, zusammen, und der
1479 812 1679 935 der Tietz
1563 899 1681 946 8 [11]8
1513 881 3018 1070 Gedruktafel auf ihnen dedigiert. Jetzt in das Kleine,
1526 961 3011 1122 Buch, total vergriffen, ich brauche es dringend und kann
1528 1025 2981 1193 es nirgendwo kriegen. Wenn sie es noch haben und so
1537 1103 2962 1264 gut sein wollen, es mir für zwei Wochen zu lertien,
1530 1116 3031 1305 wäre ich eine Dankbar. Die Dokommen es erweisetes
2261 1212 2698 1330 Ausglocke der
1537 1281 1795 1402 zurück.
2568 1272 2996 1410 Freyinem
2601 1820 2820 1913 Samstag
2771 1877 2985 1964 16.11.
1567 1896 1747 2003 Sall
1616 1919 3061 2121 Zicker. Sie wissen, ich schicke Krémander zu Innen,
1610 2072 3054 2257 aber diesen jügen, viel erfahrenen, merstwürdigen
1629 2145 3048 2343 Monsilien werden Sie mit Interesse und anneiert
2184 2317 2627 2461 Herzniße sehr
1647 2339 1902 2467 ankören.
2566 2382 3003 2545 Fehy Sallen
