4178 3703
2712 425 2890 509 1 „ „
2743 496 2853 561 11
2171 1011 2583 1091 Heiligenstadt. 10. III. 87
1939 1024 2073 1121 227
1635 1407 2723 1503 Lieber, Janke sensie für Ihr neues gurs. Es kann heute früh, es hab es vonnütrag gleich
1608 1470 2696 1561 Gelesen nur es tat wieder sehr auf mirs gemmer. Am meiden der Zusammlung und
1601 1525 2697 1605 der Thameyer. Dann nach die Fremde“. Gegen das „sume lred“ hätte us einiges ruf
1608 1576 2689 1642 sorgen. Eunächst scheint mir da: Anckdöusche darin nicht ganz überwünden.
1604 1598 2676 1690 Ern Ramau, dessen Art aus den Zusenborg, der Fremden, aus Thameyer
1619 1643 2714 1731 zusammensegte, der diese Farben und senannten zwienste, emößte etwas ganz
1609 1694 2699 1772 Invergleichssches sein. Unschnellies nicht nur aus bald. Es ist nach in einem
2111 1740 2561 1812 Viele Grüße nie uns zu mien.
1613 1751 1980 1826 über das Büre zu sagen.
2534 1770 2715 1855 Kurzmann
