4165 3687
1319 940 3133 1059 Sie hätten ihm einen "Engestäden Brief" geschrieben. Ich bin mrklich einer sehr für diesen Vorschlag,
1324 1003 3113 1095 / er uns aus der Seidenbrauche kommen, glaube an Ihm. - Begründig "maläcklich nicht, und halte
1333 1044 3113 1154 die ganze Sache für unnichtig. Anna die Dienstwän schmügen um. und man durch nicht saran,
1321 1068 3117 1204 sie abzuschaffen. Er tragt eine immer ne̅r, um wie sich die Agenten sie anderen überwärterten. Nur
1333 1161 2162 1251 das er im ganzen nicht gar so erheblich.
1335 1166 3117 1312 Huïle nhrich mir Bahr, San er Samstag alsend auf zwei Tage herkennet. Das ist mir vertän¬
1330 1227 3124 1362 angenommen. Sonst bin er ziemlich allein; kann mir zu Hausen sein kurz fahren seit jenem
1337 1258 3115 1409 Artikel und habe' ohne sicher auch nicht gesehen nach geweht. Könte - es ist überhaupt ein leb¬
1342 1315 3104 1437 nafür Tag - Ulysniste nur Ihre Schwägerin wegen einer Kauffskarte. Ich bad sie, dieser Tage
1353 1398 2458 1507 Øu was zu kommen, damit mir alles genauer verprechen.
1358 1409 3122 1554 Kris lege rue Ihnen das größte Rücknefürstmann bei, und das ist der Käler lampe. Herzarthe Grüße um
1355 1538 1800 1617 wes 25 Mann. zur Sattin
