3478 3719
1580 354 2345 606 Inbruary, 18. VIII. 93.
1401 415 1529 601 31
937 451 2471 804 Lieber Freund! heute sandte ich Ihnen
946 690 2557 913 Telegramm und habe Ihnen noch die
798 822 2581 1025 beidengeschichte meines Rades zu erzählen
926 926 2486 1083 in Rad kam schon vom Eisenbahn¬
911 1023 2526 1231 insporte nicht ganz wol an, die Glocke
964 1101 2572 1317 abgeschraubt, an Gedal vercogen, sondern
977 1189 2577 1390 es der Schnellzug nicht mitgenommen,
937 1302 2561 1470 wurde mir von Wien per Postzug nachge¬
1065 1399 2595 1560 und man hatte überdies vergessen
972 1472 2535 1662 in Dotsach auszuladen, es führ bis mit
1063 1540 1165 1585 1 7
966 1578 2535 1779 und da einen Tag, und wer weiss, wer
1017 1669 2542 1852 dort mit ihm spielte. Allein die
1052 1770 2513 1925 von Toblach nach Cortina ging
1032 1856 2546 2060 gut vor nach, Auch zurück. Da ich noch
1008 1958 2568 2183 mittag wieder aus Cortina in Toblach ankam
1063 2035 2559 2265 is ½ 8 auf den pig nach Dolrach hätte
953 2179 2458 2358 sten müssen, und mir überdies die
999 2294 2513 2493 se von Toblach hinunter nach wen¬
1003 2362 2530 2619 vortrefflich geschildert wurde entgehlt
1030 2526 2515 2701 mich weiter zu fahren. Nun war es h
1306 2734 2309 2900 liebes Arthur! Mit sp. hier
1235 2785 2378 2990 gewesen, der sie durchaus sehen
1229 2906 2283 3074 wollte. Maturlich wissen
1366 2924 2356 3125 von seiner Krankheit
1295 3039 2177 3229 nicht! Urkut wahr
1421 3125 2170 3300 auf wiedersehen
1987 3246 2212 3379 halten
