3464 3656
1858 746 2196 888 22. Juli 91
1437 767 1566 893 58
1100 1097 2333 1256 Lieber Freund! Das war sehr lieb von Ihnen
1118 1173 2328 1318 dass Sie mir mittheilten, ich werde oft geldbt,
1118 1229 2306 1367 Es hat mich sehr gefreut, denn ich begreife
1136 1285 2373 1415 immer mehr, dass der Hugo recht hat, wenn
1144 1327 2387 1485 er sagt: „Ich möcht mehr globt werden. Sie können
1133 1378 2282 1516 ich vorstellen, welches Gewicht ich auf das
1147 1418 2361 1570 Urtheil von Neumann tage. Jetzt erst glaube
1144 1466 2336 1620 ich, dass ich doch etwas kann. Ich habe
1150 1516 2340 1676 und jetzt meine Fewittelons zusammenstellen
1142 1576 2333 1722 lassen, wird schicke zu Ihnen morgen,
1147 1631 2395 1762 Wahlen Sie davon welche Aus, wir senden
1156 1690 2361 1831 Sie das an Goldmann weiter sa? Dan
1152 1727 2331 1874 ich Beer Hofmann nichts geschrieben habe
1153 1793 2277 1920 will nicht mitsdeutet werden. Zu einem
1175 1829 2375 1979 Brief lag rein äußerlich nichts vor und
1186 1885 2314 2024 Nun auf den miestelparater eine widmung
1184 1951 2325 2077 schreiben, mochte ich nicht weil ich ja
1172 1978 2413 2120 nicht wüsste, wie Am der Wirstelprater gefallen
1189 2040 2378 2178 werde, mir weil, — min Sie hören sie
1186 2089 2373 2230 dass ich der vielleicht ein bisschen zu sehr
1195 2144 2353 2310 empfindlich bin. Ich weiss ja auch.
1200 2154 2389 2347 konnte nicht ob er über davon kalt, und
1221 2238 2401 2392 so konnte ich ihm bis heute nichts schrei¬
1218 2288 2409 2457 ben, Übrigens vermuthe ich, dass er
1231 2323 2358 2511 ihm nicht gefallen hat, weil Sie
1237 2402 2308 2565 mir das sonst über geschrieben hatten.
1252 2457 2334 2633 Dabei kann ich aber nicht begreifen
