3149 3671
1637 549 1855 718 - 8 -
576 694 2618 898 urteilt. Nur dass ich jetzt meine Gutmütigkeit doch ein wenig zu
565 852 2543 957 zügeln verstehe, was Sie freilich nicht voraus wissen konnten.
565 957 2519 1053 Ihnen war nur bekannt, dass ich in meinem Leben schon oft von
568 1037 2608 1171 Gehässigkeit, verletzten Eitelkeiten und geschädigten Cliquen-In¬
565 1139 2605 1254 teressen wütend angefallen worden bin, und niemals so viel Ernst
560 1219 2562 1340 für derlei Dinge aufgebracht habe, um sie energisch abzuwehren.
557 1321 2578 1428 Jetzt aber bin ich zu der Ueberzeugung gelangt, dass es ein Un¬
555 1394 2517 1501 rechtwar, mir von Leuten, denen meine Kritik wider den Strich
547 1482 2616 1616 ging, Böswilligkeiten bieten zu lassen. Ich habe nachgerade genug
549 1611 2613 1721 von diesem Spiel und bin fest entschlossen, es nicht mehr zu dul¬
541 1678 2570 1782 den, wenn sich Literaten-Schmähsucht an mir vergreifen will, es
547 1798 2675 1911 nicht mehr zu dulden, wenn ein Einbruch in mein Wesen versucht wird
541 1879 2508 1975 Sie sind jetzt der erste, den ich wieder einmal dabei abfasse.
844 1956 2570 2093 Ich lege den Akt Helmann so wie er ist (meine Artikel,
2527 2050 2648 2179 für
525 2013 2506 2179 Ihren Brief, meine Antwort) zur Feststellung des Sachverhaltes
525 2163 2581 2278 künftige Geschehnisse und zur persönlichen Aufklärung für diesen
528 2243 2508 2369 jetzigen Vorfall in die Hände einiger mir wertvoller Menschen.
839 2342 2517 2433 Mit Ihnen selbst bin ich fertig, und schliesse meine
525 2412 2645 2570 Privatkortespondenz mit Ihnen ein für allemal. Sollten Ihren wei-
528 2541 2554 2637 tere Auseinandersetzungen mit mir erwünscht sein, dann verweise
531 2594 2685 2709 ich Sie vor die Oeffentlichkeit. Was Sie dort vorbringen, werde ich
536 2718 2664 2801 anhören, und Ihnen eben dort entgegnen. Die Bequemlichkeit der Hin-
533 2790 2677 2908 tertreppe und die Gefahrlosigkeit des Literaten-Schvatzes, kurz die
525 2902 2613 2991 sen ganzen Komfort, den sich Menschen in Ihrer Lage auf Kosten an¬
525 2977 2581 3138 derer so gerne gestatten, kann ich Ihnen zu meinem Bedauern nicht
525 3085 898 3205 zubilligen.
