3487 3704
1343 954 1471 1047 104
1672 1094 2149 1219 Wien, 30. Juli 98.
990 1315 2151 1418 Lieber Arthur, bis heute war ich nicht
979 1399 2090 1503 in Wien. Meine Arbeit habe ich in
974 1482 2133 1627 Pressbaum fertig gemacht, dann bin ich
973 1593 2142 1707 in Karlsbad gewesen, und jetzt war ich
983 1695 2062 1803 wieder in Prissbaum. Ich gehe am
987 1781 2096 1890 gten nach Ruchenhall, wo ich bis
983 1879 2088 1982 1. September bleibe Vielleicht kommen
983 1980 2117 2109 Sie einmal vorbei. Dort schreibe ich
980 2055 2142 2186 das österr. Theater. Stimmung und Befin¬
983 2167 2114 2301 sen nicht hervorragend. In Karlsbad
980 2263 2017 2384 ein hübsches Erlebnis. Ab 1. August
987 2356 2141 2476 wohne ich Hietzing, kattmanngasse 11
993 2480 2135 2589 doch bitte ich nur Briefe nur hicher,
1009 2569 2165 2687 damit sie mir nachgeschickt werden.
