3500 3706
1613 902 1998 1054 Sen. 12. Juli 10.
1325 967 1462 1053 130
1102 1181 2199 1358 Lieber Freund, Sanke für das Lebenszeichen nach
1058 1259 2159 1461 so viel Tagen. Möchten sie bei dem elenden Wetter
1073 1338 2203 1538 nicht vor dem 20. nach Wien kommen? Verm's
1075 1397 2186 1579 einmal schon ware, führe ich ja gerne nach R.
1065 1444 2179 1651 aber es mir meyt schon. Ich bin leider nicht
1073 1521 2207 1713 in richtiger Arbeit. Schreibe mir so, – immer ein
1075 1592 2204 1785 bisserl. und hab geglaubt, weiß Gott, die viel ich
1075 1638 2200 1840 in diesem Sommer ausrichten werde. Vielleicht
1077 1691 2206 1902 wird’s noch besser. Jedenfalls halte ich mich tag.
1087 1770 2190 1952 lich sazu. Am 1. August ziehe ich in die Koch.
1095 1806 2214 2039 gasse 32, VIII. Bezirk. hübsche kleine Wohnung.
1102 1876 2175 2093 Dann fahre ich am 4. nach Ischl. Sie wol
1099 1935 2203 2161 auch? Haben Sie die verschiedenen Burgtheater¬
2245 1935 2348 2028 xxx
1106 2010 2190 2210 Rückblicke in den Zeitungen gesehen? In
1098 2066 2224 2295 einigen wird energisch nach der Bearnice.
1111 2121 2231 2361 gefragt. Für Schleuth. ist übrigens anzumerken,
1108 2200 2218 2405 dan er Ihr Stück s. Z. benützte, um in einer
1108 2268 2218 2460 leeren Saison volle Schubladen zu zeigen. Ein
1135 2393 1715 2525 einsolider Geschäftsmann.
1139 2378 2247 2578 Was machen Ihre Sommergastspiele? Hoffentlich
1142 2454 2241 2646 höre ich bald mündlich oder schriftlich genawerly
1619 2535 2158 2680 Herzlichst für alten
1137 2624 1408 2724 von Ihnen.
