<?xml version="1.0" encoding="UTF-8" standalone="yes"?>
<PcGts xmlns="http://schema.primaresearch.org/PAGE/gts/pagecontent/2013-07-15" xmlns:xsi="http://www.w3.org/2001/XMLSchema-instance" xsi:schemaLocation="http://schema.primaresearch.org/PAGE/gts/pagecontent/2013-07-15 http://schema.primaresearch.org/PAGE/gts/pagecontent/2013-07-15/pagecontent.xsd">
    <Metadata>
        <Creator>prov=READ-COOP:name=TrHtr:version=2.1.0:model_id=51170:date=26_07_2023_05:12</Creator>
        <Created>2023-05-02T07:47:56.944+02:00</Created>
        <LastChange>2023-07-26T05:12:10.550+02:00</LastChange>
        <TranskribusMetadata docId="1416711" pageId="54952335" pageNr="371" tsid="130896812" status="IN_PROGRESS" userId="64420" imgUrl="https://files.transkribus.eu/Get?id=PUNOFPBOFIRRPBCKBJWFGEKI&amp;fileType=view" xmlUrl="https://files.transkribus.eu/Get?id=VKXZQKNHEUOWLBCOJRNLVEMY" imageId="44456061"/>
    </Metadata>
    <Page imageFilename="1416711_0371.jpg" imageWidth="4504" imageHeight="3560">
        <ReadingOrder>
            <OrderedGroup id="ro_1711828983495" caption="Regions reading order">
                <RegionRefIndexed index="0" regionRef="tr_1"/>
            </OrderedGroup>
        </ReadingOrder>
        <TextRegion id="tr_1" custom="readingOrder {index:0;}">
            <Coords points="1714,780 3129,780 3129,2584 1714,2584"/>
            <TextLine id="tr_1_tl_1" custom="readingOrder {index:0;}">
                <Coords points="2631,851 2742,865 2772,846 2870,851 2946,878 3113,869 3115,776 3097,772 2986,765 2939,790 2888,784 2856,807 2796,788 2756,800 2705,784 2633,791"/>
                <Baseline points="2640,842 2667,842 2711,842 2756,839 2801,839 2846,839 2891,836 2935,833 2980,830 3025,833 3070,833 3115,839"/>
                <TextEquiv>
                    <Unicode>Grundlsee, 21.9.29</Unicode>
                </TextEquiv>
            </TextLine>
            <TextLine id="tr_1_tl_2" custom="readingOrder {index:1;}">
                <Coords points="2232,849 2248,853 2258,849 2267,857 2272,853 2278,857 2285,849 2307,871 2313,869 2332,879 2353,874 2353,791 2327,790 2315,795 2304,784 2292,790 2278,786 2260,791 2249,802 2232,804"/>
                <Baseline points="2242,836 2287,836 2332,836 2356,839"/>
                <TextEquiv>
                    <Unicode>300</Unicode>
                </TextEquiv>
            </TextLine>
            <TextLine id="tr_1_tl_3" custom="readingOrder {index:2;}">
                <Coords points="1729,1363 2198,1428 2786,1326 3118,1323 3122,1243 2721,1259 2649,1300 2545,1273 2248,1338 1732,1291"/>
                <Baseline points="1738,1361 1779,1364 1824,1367 1869,1370 1914,1376 1959,1379 2003,1376 2048,1376 2093,1373 2138,1370 2183,1367 2227,1367 2272,1364 2317,1361 2362,1358 2407,1358 2451,1352 2496,1349 2541,1346 2586,1343 2631,1340 2675,1337 2720,1329 2765,1323 2810,1320 2855,1320 2899,1314 2944,1311 2989,1308 3034,1302 3079,1299 3123,1299"/>
                <TextEquiv>
                    <Unicode>Lieber, für Hr telegrammte vom Genfersee Janske ich Ihnen</Unicode>
                </TextEquiv>
            </TextLine>
            <TextLine id="tr_1_tl_4" custom="readingOrder {index:3;}">
                <Coords points="2839,1365 2853,1365 2856,1361 2860,1365 2870,1363 2881,1372 2886,1367 2893,1374 2909,1361 2942,1363 2941,1324 2927,1321 2920,1328 2916,1324 2909,1331 2869,1330 2863,1335 2851,1326 2837,1328"/>
                <Baseline points="2846,1352 2891,1355 2935,1355 2944,1355"/>
                <TextEquiv>
                    <Unicode>raavoir:</Unicode>
                </TextEquiv>
            </TextLine>
            <TextLine id="tr_1_tl_5" custom="readingOrder {index:4;}">
                <Coords points="1702,1520 3090,1411 3118,1338 2042,1440 1710,1428"/>
                <Baseline points="1714,1487 1732,1487 1777,1487 1821,1484 1866,1484 1911,1481 1956,1475 2001,1472 2045,1466 2090,1463 2135,1457 2180,1454 2225,1451 2269,1448 2314,1445 2359,1439 2404,1436 2448,1436 2493,1430 2538,1427 2583,1424 2628,1418 2672,1415 2717,1409 2762,1403 2807,1400 2852,1394 2896,1394 2941,1388 2986,1388 3031,1382 3076,1379 3120,1382"/>
                <TextEquiv>
                    <Unicode>Muslich! Ebenso für Ihre Karte aus Manenbau, du mich</Unicode>
                </TextEquiv>
            </TextLine>
            <TextLine id="tr_1_tl_6" custom="readingOrder {index:5;}">
                <Coords points="1718,1569 2708,1511 3078,1454 3083,1403 1984,1476 1866,1525 1725,1504"/>
                <Baseline points="1729,1561 1738,1561 1782,1558 1827,1556 1872,1553 1917,1550 1962,1547 2006,1544 2051,1538 2096,1535 2141,1529 2186,1529 2230,1523 2275,1517 2320,1511 2365,1514 2410,1508 2454,1505 2499,1502 2544,1496 2589,1493 2634,1490 2678,1481 2723,1478 2768,1472 2813,1466 2858,1463 2902,1460 2947,1454 2992,1448 3037,1445 3082,1445"/>
                <TextEquiv>
                    <Unicode>sehr gefreut hat. Ganz Bruders aber muß ich einen</Unicode>
                </TextEquiv>
            </TextLine>
            <TextLine id="tr_1_tl_7" custom="readingOrder {index:6;}">
                <Coords points="1725,1646 3069,1535 3074,1470 2158,1571 1732,1565"/>
                <Baseline points="1735,1639 1777,1630 1821,1627 1866,1624 1911,1621 1956,1615 2001,1612 2045,1609 2090,1606 2135,1603 2180,1600 2225,1597 2269,1591 2314,1585 2359,1585 2404,1582 2448,1582 2493,1576 2538,1573 2583,1567 2628,1561 2672,1556 2717,1550 2762,1544 2807,1538 2852,1529 2896,1526 2941,1523 2986,1517 3031,1514 3076,1514"/>
                <TextEquiv>
                    <Unicode>für Ihr sozusagen öthutlich geäussertes Wort sein. Der</Unicode>
                </TextEquiv>
            </TextLine>
            <TextLine id="tr_1_tl_8" custom="readingOrder {index:7;}">
                <Coords points="1727,1741 3073,1615 3080,1544 1986,1634 1866,1680 1736,1651"/>
                <Baseline points="1738,1723 1779,1717 1824,1711 1869,1705 1914,1699 1959,1696 2003,1693 2048,1687 2093,1684 2138,1678 2183,1675 2227,1672 2272,1669 2317,1663 2362,1663 2407,1657 2451,1654 2496,1651 2541,1645 2586,1642 2631,1636 2675,1630 2720,1621 2765,1615 2810,1609 2855,1606 2899,1600 2944,1594 2989,1588 3034,1585 3079,1582"/>
                <TextEquiv>
                    <Unicode>Bsolway Vestag überraschte mich damit und ich dass</Unicode>
                </TextEquiv>
            </TextLine>
            <TextLine id="tr_1_tl_9" custom="readingOrder {index:8;}">
                <Coords points="1729,1790 1891,1819 2686,1741 3058,1687 3062,1646 2948,1618 1734,1746"/>
                <Baseline points="1741,1785 1765,1785 1809,1782 1854,1782 1899,1779 1944,1777 1989,1774 2033,1768 2078,1765 2123,1762 2168,1759 2213,1756 2257,1753 2302,1747 2347,1741 2392,1738 2437,1732 2481,1729 2526,1729 2571,1723 2616,1717 2661,1711 2705,1705 2750,1699 2795,1693 2840,1687 2885,1678 2929,1672 2974,1669 3019,1666 3064,1666"/>
                <TextEquiv>
                    <Unicode>wohl sagen, dass ich nicht viele derartig angenommen</Unicode>
                </TextEquiv>
            </TextLine>
            <TextLine id="tr_1_tl_10" custom="readingOrder {index:9;}">
                <Coords points="1739,1875 2095,1877 3020,1739 3124,1768 3134,1666 2209,1801 1748,1787"/>
                <Baseline points="1750,1863 1785,1863 1830,1860 1875,1857 1920,1857 1965,1854 2009,1848 2054,1845 2099,1842 2144,1836 2189,1833 2233,1827 2278,1827 2323,1821 2368,1815 2413,1809 2457,1806 2502,1803 2547,1794 2592,1788 2637,1785 2681,1779 2726,1774 2771,1768 2816,1762 2861,1756 2905,1750 2950,1744 2995,1738 3040,1735 3085,1732 3129,1738"/>
                <TextEquiv>
                    <Unicode>Überraschungen erlebt habe. Einer der mir wertvollsten</Unicode>
                </TextEquiv>
            </TextLine>
            <TextLine id="tr_1_tl_11" custom="readingOrder {index:10;}">
                <Coords points="1731,1957 3051,1852 3117,1836 3124,1766 3032,1741 2116,1896 1734,1910"/>
                <Baseline points="1741,1947 1779,1944 1824,1941 1869,1938 1914,1935 1959,1932 2003,1929 2048,1926 2093,1923 2138,1920 2183,1911 2227,1908 2272,1905 2317,1899 2362,1893 2407,1890 2451,1884 2496,1878 2541,1875 2586,1869 2631,1866 2675,1857 2720,1854 2765,1851 2810,1848 2855,1839 2899,1836 2944,1830 2989,1824 3034,1821 3079,1818 3123,1815"/>
                <TextEquiv>
                    <Unicode>und mich am mussten erwännenden Aussprüche ist der</Unicode>
                </TextEquiv>
            </TextLine>
            <TextLine id="tr_1_tl_12" custom="readingOrder {index:11;}">
                <Coords points="1727,2052 3111,1928 3117,1870 3032,1843 2589,1912 2510,1885 2364,1931 1738,1954"/>
                <Baseline points="1741,2030 1774,2024 1818,2024 1863,2021 1908,2015 1953,2009 1998,2009 2042,2006 2087,2003 2132,1998 2177,1995 2222,1992 2266,1986 2311,1980 2356,1974 2401,1971 2446,1965 2490,1962 2535,1956 2580,1953 2625,1947 2670,1941 2714,1935 2759,1932 2804,1926 2849,1923 2893,1917 2938,1911 2983,1905 3028,1902 3073,1899 3117,1896"/>
                <TextEquiv>
                    <Unicode>Herrn! Ich ja. Doch wozu kommend und stammeln</Unicode>
                </TextEquiv>
            </TextLine>
            <TextLine id="tr_1_tl_13" custom="readingOrder {index:12;}">
                <Coords points="1738,2105 2151,2112 2696,2012 3106,2005 3125,1929 1741,2065"/>
                <Baseline points="1747,2099 1782,2099 1827,2099 1872,2096 1917,2093 1962,2090 2006,2087 2051,2081 2096,2078 2141,2075 2186,2069 2230,2063 2275,2060 2320,2054 2365,2048 2410,2045 2454,2039 2499,2036 2544,2033 2589,2027 2634,2021 2678,2015 2723,2009 2768,2003 2813,1998 2858,1995 2902,1992 2947,1989 2992,1983 3037,1980 3082,1980 3126,1983"/>
                <TextEquiv>
                    <Unicode>an Dinge rühren, die sich so schwer aussprechen lassen.</Unicode>
                </TextEquiv>
            </TextLine>
            <TextLine id="tr_1_tl_14" custom="readingOrder {index:13;}">
                <Coords points="1732,2183 2070,2197 2587,2107 3117,2100 3124,2028 2976,2000 2663,2077 2330,2059 2195,2125 1738,2133"/>
                <Baseline points="1744,2177 1779,2177 1824,2177 1869,2174 1914,2171 1959,2168 2003,2165 2048,2159 2093,2156 2138,2153 2183,2147 2227,2144 2272,2135 2317,2135 2362,2129 2407,2123 2451,2120 2496,2117 2541,2114 2586,2108 2631,2102 2675,2096 2720,2093 2765,2090 2810,2081 2855,2078 2899,2075 2944,2072 2989,2069 3034,2066 3079,2066 3123,2063"/>
                <TextEquiv>
                    <Unicode>Sie können sich ja ungefähr denken, was man empfang</Unicode>
                </TextEquiv>
            </TextLine>
            <TextLine id="tr_1_tl_15" custom="readingOrder {index:14;}">
                <Coords points="1727,2272 3092,2162 3099,2096 2496,2118 2160,2200 1738,2184"/>
                <Baseline points="1741,2254 1756,2251 1800,2254 1845,2257 1890,2254 1935,2251 1980,2248 2024,2245 2069,2239 2114,2236 2159,2233 2204,2227 2248,2222 2293,2216 2338,2210 2383,2207 2428,2201 2472,2195 2517,2192 2562,2186 2607,2180 2652,2177 2696,2171 2741,2165 2786,2162 2831,2156 2876,2150 2920,2147 2965,2144 3010,2135 3055,2132 3100,2126"/>
                <TextEquiv>
                    <Unicode>der, wenn man so alt werden dürfte. Und wenn du auch</Unicode>
                </TextEquiv>
            </TextLine>
            <TextLine id="tr_1_tl_16" custom="readingOrder {index:15;}">
                <Coords points="1759,2339 3029,2234 3060,2160 1766,2279"/>
                <Baseline points="1768,2335 1806,2332 1851,2332 1896,2326 1941,2323 1986,2320 2030,2311 2075,2305 2120,2302 2165,2302 2210,2296 2254,2290 2299,2287 2344,2281 2389,2275 2434,2272 2478,2269 2523,2263 2568,2260 2613,2254 2658,2248 2702,2242 2747,2236 2792,2230 2837,2225 2882,2219 2926,2216 2971,2210 3016,2204 3061,2201"/>
                <TextEquiv>
                    <Unicode>nicht genau alles denken oder wissen, was gerade mich</Unicode>
                </TextEquiv>
            </TextLine>
            <TextLine id="tr_1_tl_17" custom="readingOrder {index:16;}">
                <Coords points="1759,2406 3099,2290 3129,2223 2177,2337 1766,2336"/>
                <Baseline points="1768,2404 1785,2401 1830,2401 1875,2398 1920,2398 1965,2395 2009,2389 2054,2386 2099,2380 2144,2374 2189,2371 2233,2365 2278,2359 2323,2353 2368,2350 2413,2347 2457,2341 2502,2335 2547,2332 2592,2329 2637,2323 2681,2317 2726,2311 2771,2305 2816,2299 2861,2293 2905,2287 2950,2284 2995,2281 3040,2275 3085,2272 3129,2266"/>
                <TextEquiv>
                    <Unicode>bewegt, - ich kann’s doch nicht in Worte bringen. Jeden¬</Unicode>
                </TextEquiv>
            </TextLine>
            <TextLine id="tr_1_tl_18" custom="readingOrder {index:17;}">
                <Coords points="1753,2490 2914,2390 3102,2350 3109,2288 1891,2432 1762,2408"/>
                <Baseline points="1765,2478 1806,2472 1851,2472 1896,2469 1941,2466 1986,2460 2030,2454 2075,2451 2120,2446 2165,2443 2210,2440 2254,2434 2299,2428 2344,2425 2389,2419 2434,2416 2478,2413 2523,2407 2568,2401 2613,2398 2658,2392 2702,2380 2747,2377 2792,2374 2837,2368 2882,2362 2926,2356 2971,2353 3016,2347 3061,2338 3106,2332"/>
                <TextEquiv>
                    <Unicode>falls haben Sie innigstens Dank! sehr herzlich und</Unicode>
                </TextEquiv>
            </TextLine>
            <TextLine id="tr_1_tl_19" custom="readingOrder {index:18;}">
                <Coords points="1752,2561 1871,2587 2074,2580 2193,2536 2529,2554 2592,2543 2599,2452 2425,2425 2242,2473 1755,2499"/>
                <Baseline points="1762,2550 1785,2547 1830,2547 1875,2547 1920,2544 1965,2538 2009,2535 2054,2532 2099,2526 2144,2520 2189,2517 2233,2511 2278,2508 2323,2505 2368,2502 2413,2499 2448,2517 2466,2514 2511,2508 2556,2505 2601,2505"/>
                <TextEquiv>
                    <Unicode>hofteutlich auf sehr bald! Ihr</Unicode>
                </TextEquiv>
            </TextLine>
            <TextLine id="tr_1_tl_20" custom="readingOrder {index:19;}">
                <Coords points="2598,2606 2659,2598 2677,2614 2772,2580 2819,2580 2840,2561 2869,2561 2895,2584 2934,2557 2962,2568 2971,2468 2928,2443 2856,2485 2800,2499 2733,2459 2716,2469 2656,2450 2608,2459"/>
                <Baseline points="2610,2574 2655,2568 2699,2562 2744,2562 2789,2556 2834,2553 2879,2550 2923,2547 2968,2550"/>
                <TextEquiv>
                    <Unicode>Fitz Sallin</Unicode>
                </TextEquiv>
            </TextLine>
        </TextRegion>
    </Page>
</PcGts>
