3493 3624
1070 1070 2330 1227 Veränderungen vorzutereiten, ich
1075 1135 2291 1304 welchen es fraglich wird, ob ich
1044 1233 2246 1380 meine Stölting behalte, doch
1052 1302 2207 1463 davon mündlich. Haren Sie
1058 1373 2189 1554 heute Max Nordau über den
1083 1448 2202 1631 den Gertd geben? Er konnt
1096 1516 2188 1712 ich n'eng verheubrechnend vor
1119 1595 2205 1792 Frl. M. II. saß neulich im Burg¬
1113 1681 2092 1892 streuter eonige Reihen von
1105 1704 2301 1972 mir, Mittelgang Ecke - fein.
1117 1804 2250 2056 etéjaut' und genug Singer
1130 1858 2329 2119 hat ich nieder einmal verlobt —
1094 1955 2214 2236 Jurich wie nicht aufgeführt
1138 2016 2338 2285 werden, wenn Freund Mottung, fürchelt,
1144 2121 2197 2344 der Erfolg mir nicht gros genieg.
1147 2177 2194 2398 sein, nur Herr Mittwurzer
1152 2202 2319 2479 trägt einen Revolver mit nicht, mit
1144 2288 2301 2551 dem er nach erschrieben will, weil
1153 2337 2340 2615 et on seine Frau vererett und auf
1158 2419 2150 2660 den Cadeten eifernichtig ist,
1537 2513 2266 2692 herzlichst Salten
