3462 3656
291 1053 1538 1210 treitt nur gute laune scharfft, so
300 1115 1613 1269 dem habe ich nach Frl. M. — Verlieh,
295 1203 1548 1336 es war Dienstag, erzählt in mir, in
286 1276 1548 1426 habe alles der Frau Mitberninger
307 1332 1553 1522 gesagt. Diese sei sehr erreinrissen
305 1401 1529 1569 und habe ihr dringend gerathen
309 1465 1613 1648 den Verkehr mit mir aufzugeben
300 1538 1625 1719 Darauf entgegnete Frl. M. nie könne das
309 1617 1589 1786 nicht, und Frau Mittw. wünichte
305 1707 1503 1867 dann mich wenigstens Nennen
305 1738 1598 1950 zu lernen: „ Sie wird mich gleich
303 1829 1653 2020 Durch und durch schanden? " Natürlich
317 1950 1563 2105 Sie will mich auch einladen und
314 2010 1574 2177 wir wollen uns bei ihr oben schein.
319 2100 1546 2298 Tags darauf komme ich in
321 2162 1593 2355 de Redaction wird erpeitere, wenn
296 2218 1672 2439 ich wglich ein feuilleton schreiben.
310 2332 1498 2520 mün – über Frau Mittermeizer
334 2420 1457 2603 der Leben, Sie wissen schon.
371 2513 1644 2701 Richard ist sehr erst, war nun
1724 981 3104 1108 lich mit einem Madel im Josef.
1736 1029 3101 1169 stadter Theater, und ist noch darauf.
1708 1124 3096 1300 Eugländer war dabei, nur cottäit
1729 1193 2955 1367 Die natürlich für das Höchste.
1793 1277 3048 1450 Sonntag war ich bei der Matiner
1744 1341 3042 1513 im Theater auf der neu fortwährens
1758 1448 3029 1593 auf der Bühne, Mitterniger rief
1763 1493 3006 1667 nach entschliess was Frl. M. sie.
1753 1550 3011 1738 wolle mit ihrem neraus kommen, ich
1779 1613 2996 1791 derfangen, - ne wollte reicht, der
1770 1660 2998 1844 schwe’ ihr nach: „Frl. Sandowett
1767 1755 3023 1900 Frl. Sandrock, und als Sie ihm
1777 1806 2951 1967 darauf aufmerksam machte
1798 1853 3101 2020 wurde er tobrüchtig. von Frl. S. mir
1798 1931 3122 2124 Klednigkeiten zu berichten.. Ich befand
1784 2003 3125 2198 mich eingeheuer wie nur daheim
1772 2074 3053 2272 auf der Bühne, und hab an sie
1775 2150 2986 2355 gedacht. P. v. Schönthau ging
1820 2220 3094 2389 umher, wir erzählte den Schau¬
1815 2282 2949 2498 pielen, dass der Auses Stück
1784 2367 3106 2561 mit seinem Herzblöt geschrieben
1824 2444 3032 2624 man übergehört die Leidle
1786 2517 3115 2720 avec immer. Der Gelegenheits¬
