3487 3704
1260 932 1385 1074 105
1412 1141 2040 1295 Hietzing. Waltmanngasse II
1651 1254 1961 1370 5. Septemb.
920 1521 2055 1679 Lieber Arthur, ich war ei ganze Zeit,
908 1640 2059 1780 vom 4. August bis zum 28. fort. Theils
898 1715 2073 1866 in Ungarn, theils Reichenhall, und
884 1776 2102 1958 bekan nichts nachgesendet. Am 28ten
895 1927 1940 2049 erbar war es auch für Ihre Genfer
2150 1943 2260 2085 G.F.P.
898 1992 2106 2158 Adresse schon zu spät. Also entschuldigen
896 2097 2097 2265 Sie, dan ich nichts hören treß, war erst
905 2191 2099 2352 heute für Ihre tochen Karten semke. Wenn
905 2299 2026 2470 Sie sehen in Wien und, senden Sie nur
916 2425 1946 2518 eine seite, wenn nur uns sehen
920 2483 1826 2642 nennen. herzuchst der
1679 2550 1907 2657 Satten.
