3492 3720
1426 922 2104 1080 132.  LVien, 7. Aug. 8o.
1143 1149 2154 1323 Lieber, haben Sie meinen Brief aus
1121 1251 2226 1486 Prenbaum nicht bekommen.“ Ich muß
1114 1393 2270 1598 nun heute Abend nach Karlsberd fahren.
1114 1518 2222 1698 wodurch meine Ankunft in Stahl nicht
1111 1614 2266 1848 bis Sonntag verzögert. Nach Vorartberg
1111 1715 2304 1973 Nomme ich gering gewiss. Bitte, Theilen
1121 1874 2197 2060 Sie mir nur immer mit, wo Sie
1127 2011 2267 2170 sind. Wenn man so gegen 20. v.
1115 2108 2264 2276 22. in Schmüs wäre, das könnte
1118 2223 2110 2420 gerade für mich recht sein.
1145 2351 2283 2554 Vielleicht ist es möglich, Savainp
1146 2481 2275 2698 ein wenig Rücksicht zu nehmen.
