4174 3705
1631 428 1785 512 1/1
1021 768 1419 869 B. Z. am Mittag
1995 815 2496 928 BERene suy. 8. 7. 0o
1997 903 2236 959 Kochstr. 23·25
1090 984 1369 1063 Chefredaktion
1204 1254 2716 1394 Lieber, erlauben Sie, dass ich Ihnen Herrn Dr Herbert Ginsberg von delle,
1092 1369 2760 1498 Seu ich gerne bei Ihnen einführen möchte. Er kommt - Früdien halber - für un paar
1090 1452 2731 1593 Monate nach Wien. Wenn sie ihn freundlich aufnehmen wollen, werden Sie mich
1096 1558 2741 1666 sehr verbinden und – genix - die Unhafte Sympathie, die ihn für ihn habe, sehr
1090 1624 2741 1741 bald teilen. Eine näkere Personal Beschreibung kann ich mir erst sparen. Aber
1092 1695 2764 1810 unter manchen anderen Anmüpfungspunkten ins vieleicht der zu erwähnen,
1100 1760 2712 1901 dass Herr F. Ginsberg viel gereist ist, (ich lemte ihn bei meinem Ausflug nach
1096 1832 2725 1972 kairo Mannen) und Ihnen gerne über einige Gegenden, die Sie interessiren,
1096 1909 2313 2059 z. B. Grünentand, intéressante Aufschlüße zu geben weiß.
1679 1970 2723 2105 Herzlichste Grüsse von olli und mir an Sie Beide.
2419 2040 2725 2149 Ihr Satten
