3372 3672
463 369 788 498 ̃ ̃: 1  = = =
1144 871 1545 981 Heiligensdadt, 3.IIII-07
889 906 1018 1000 232.
587 970 1559 1055 lieber, ich habe Ihre letzte Karte nicht gut lesen können; glaube
584 1031 1541 1098 aber dass sie noch in Waldbrunn sind. Auszur es mir be¬
582 1073 1525 1148 sonders gegangen. Olli müßte operirt werden, was zu Hause
591 1100 1543 1187 geschone. Sie hat sich bis heute noch nicht nöthig schößt.
591 1144 1543 1222 der argt nie, dass in jetzt nach eine nur Brunnen soll. So
591 1171 1545 1272 gehen wir nämder Tage auf 4 Wochen nach Maniusad Joh.
587 1204 1548 1300 komme eben von dort, wo es Wohnung genommen habe.
580 1254 1538 1345 Kocher war es ein paar Tage in Kartsbad, Justice Adresse.
585 1286 1548 1378 soi sann. (wannschernten vom 8’ an) “Quisisaire”. Ein schri¬
591 1323 1554 1412 hübsches kann, oben im Wald bei der Waldmühle. Paul ist vierst
587 1369 1540 1462 Tage auch wieder krank gewesen hoffenstag und er ist in
591 1414 1538 1508 manenbad schändig erhören. Tann kommen sie nach
596 1442 1550 1543 Wien zurück? Spreken Sie den Freunde? Haben se geerbü¬
591 1479 1541 1586 Cet? Haber sie für den September Ruseplän.“ Ich möchte im
591 1538 1531 1634 september irgelt um meerfähr machen. Achon oder es
585 1563 1525 1669 was ähnliches. Bahr had mir um Lida einen endnüsteten
589 1612 1517 1721 Herrn zumücken, wie einig, der Söhl im Beyblau geword
591 1660 1529 1751 hat. Und der Pizl hat mirs geweld, weil es im “Herrgen“
594 1687 1527 1804 Uren gehört habe. Esnt aue insiere Sache, wie sie scheu¬
591 1719 1554 1834 Aber was soll es thüm? Ich pittere, sau mich am Ende nächstens
585 1765 1524 1891 auch nach der Schigmann lobt, oder der kryo Ganz und
596 1799 1554 1928 dann und innig Bäter sicherlich tätäl errichten, und wenn
589 1848 1534 1971 das einmal in die Oper, und die M. zu sorgen erklären.
585 1887 1554 2015 weil sich da bin. Mir fehlt zu meinem gänzlichen Emdergang.
585 1932 1540 2056 nur mag, dan Robert Kirichter ein Fürkern über mich schreibt.
585 1962 1538 2086 das dem Grüßer u. nicht in einem Auszug die Wiener einlädt,
596 1990 1540 2125 merne Bücher perpiger zu kaufen. Dann bin es ganz kapürl.
592 2031 1540 2146 und kann mich von 5. Spiger ehrlicher Weise nicht einmal mehr
601 2066 1524 2198 folögrahren lassen. Ich habe trübe Abmüngen und bin auf
598 2105 1557 2221 den Schummste getaßt. Aber, wenn's nur bestimmt ist, kann
600 2143 1493 2262 is gammels machen. – Heffnührs geld es Ihnen allen gut.
605 2194 1548 2301 leben sie ist und schreiben Sie bald nieder eine Ziele. Regliche
1137 2249 1360 2315 Mr Halim
612 2272 995 2354 Grüße um uns zu zum.
635 2299 1442 2411 Viele herzliche Grüsse Attilie S.
2176 404 2260 472 11
2476 984 2799 1078 Postkarte
1877 1041 2336 1130 Raum für schriftliche Mitteilungen:
2489 1066 2737 1174 No 40
1763 1126 2262 1215 Klamm, a. S. 25. v. 87
1818 1242 2377 1337 Viele schöne Grüßte im
1818 1327 2132 1419 wes zu ihnen
2474 1385 2668 1499 Herrn
2657 1394 3102 1504 Arthür Schnitzler
2214 1392 2356 1504 Sawien
3008 1502 3099 1588 ..../.
2464 1543 2740 1602 ..W.W.J.V.P.WW.
2457 1603 3108 1719 Mödling-Sünderbühl
2542 1710 2939 1818 "Zum Radetzky"
1779 1793 2168 1875 Semmeringbahn. Polerustunne
1807 2031 3168 2164 Lieber, für die Wocherner Pläne in Waldbrunn rmmerhin ein überraschendes Resultat. Aber
1800 2116 3138 2228 Welsberg ist schr. schön. - Was haben Sie denn für Werner verd? Bei uns geht man im
1811 2141 3187 2270 Wonderock, was diene freie Prässe veranlasst, ihre Sonndags fürsterensten über
1806 2199 3156 2318 14) 1) schläge plaudem zu lassen. - Gestern müde Bur-Kopmanns väter begrassen, der
1809 2237 3198 2361 fürchtbar gebitten nahm selb. Mahler’s Kind – had mich er ergriffen, dass ich gammend
1806 2276 3161 2412 zur Ruhe nommen konnte. – Esinnen sie sich, den res serne Kindertotenlever nicht
1791 2313 3218 2437 nären konnte? - N'Enhaupt ist es im erbteuer sommer: mit meinem Bruder heiml
1797 2370 3175 2490 hätte ich noch manchen Schrecken auszustehen. Das geht’s Thun jetzt in Edlass besser
1799 2402 3156 2542 Sie er dauernd leidend und muss dieser Tage eine Operation übersehen. Carwär
1791 2451 3191 2579 angenehme Druge. Da ich dann nach furdreisen, wenn ich nicht. Sehr weit schwerlich.
1797 2503 3044 2655 Kasten sie balt nieder was hörne und seien sie alle von uns herzerched gegrüßt
2952 2535 3159 2636 sur Iallee
2320 2599 2474 2668 ⁠.
1788 2685 1949 2804 B. 7.07
2191 2705 2279 2804 Dein
