3319 3672
379 386 464 467 'j
126 409 240 480 1:1
343 488 450 594 234
570 525 896 611 Wom. 5. IX. of
48 696 938 779 Eicher, wenn hört man nicht an Ihnen?
17 754 911 848 Ich faure heute Abend nach Marienbad, an
16 814 950 905 dort nach Berlin und bin in etwa acht Fagen
17 865 914 950 weder da. Und sie? Man müsste doch nach
13 909 966 993 einmal wieder Funis-pichn, ein dieser lächerliche
12 976 623 1075 sommer mittständig einwiedert.
553 1019 902 1120 herzlichst M. F.S.
2850 373 2981 464 1er
1677 378 2068 491 1 4: 1 1: 1: 4: Uhr, 1 11
2468 480 2918 589 236 Berlin, 15 X. 07
1489 483 1576 576 23
1563 532 1976 634 Heiligenstavz 1.X.07
1955 596 2039 670 G.C.F.
2173 645 2299 737 Lieber,
1150 699 2059 796 Lieber, es geht leider am Freitag usint. Die Pruniere
2274 705 3098 801 geldern waren wir in den Kammerspielen bei
1106 771 2037 847 im Raimund-Thürter ist vom Samstag auf den Freitag
2163 773 3071 854 la “Liebetei”. Ils möchte Ihnen sagen. me seur mies
1104 827 2056 889 rückverlegt werden, und da muß es eben hinzene. Ich
2149 830 3089 908 Freres Stück nieder ergriffen had. Übrigens nicht mich
1105 869 2053 942 ben aber sehr wahrscheinlich noch in der nächsten Woche
2145 884 3110 955 allem, andern alle. Otto. Wollf. und das ganze Publi¬
1098 919 2024 968 hier, dem ich nöre – indirect -vertig in Berlin erst
2143 937 3095 1010 ann. Bei mir waren da und ürlich nach andere Hühe,
1100 964 2038 1025 am 19. Okt. Krankomme, sind erhalte wol morgen od.
2143 997 3104 1058 die eines im Antweren Tref genührt haben. Aber daneben
1098 1017 2036 1079 u vermorgen eine direkte Verwendigung. Wenn Ihnen der
2143 1055 3083 1101 und dieber hinaus hab ich das gesehen, wie schon
1092 1059 2047 1129 Sonntag mich nur, meinen wir verkennend Freitag beim
2137 1093 3071 1157 dieser Werk ist. und habe vor allem gegrück. Jan es
1100 1099 1584 1176 Tunus einen andern Tag aus.
1651 1111 2009 1199 Herzlichst xx
2131 1153 3062 1198 sicherlich bleiben und. Es ist ein Ausdruck unserer
2131 1189 3093 1261 Ernme dann und dabei etwas so zeistes Wahres und
2130 1246 3083 1322 im Gefühl starkes! Die Köfnis über alle Begriffe kur¬
2131 1301 3056 1379 Bez. Pagay. ernfach wundereil. Die anderen fast
2139 1352 3023 1423 vermöglich. - Hüsse war Generalprobe, und res
2131 1415 3089 1462 weß nog gannig. Bassimann bernate schlechs.
2127 1454 3006 1540 bei Wirkung auf mich matt. Ich bin bald in
2411 1497 2995 1605 Inzwischen, wie meine Grüße
2142 1514 2249 1586 Wolle.
2572 1555 3081 1658 wie wir zu Ihnen. Mezlichst
2929 1650 3090 1734 Sallen
901 2381 1424 2466 Postkarte Carte postale
867 2454 1459 2532 Weltpostverein - Union postale universelle
810 2565 960 2644 “Liber
960 2597 1432 2677 vielm Dank für die Festesche.
1984 2639 2074 2718 le
881 2656 1474 2745 Wir sind diese Woche in Wien. Wenns
873 2719 1472 2798 nach män er, könne ich auf die
1545 2727 2029 2829 Herrn Dr. Arthur Schmitzler
867 2771 1475 2856 Prenisplatz. Moffe aber zumjath, Sie
807 2840 1110 2927 kand zu sehen.
1076 2875 1426 2946 Negliches waren zu
1122 2938 1304 3019 Ihnen Nr
1318 2939 1445 3030 Saken
1805 2992 2082 3077 Wien XVIII.
1948 3119 2037 3184 se de
1785 3105 1898 3184 Spötkel
1947 3170 2053 3213 auch
