3487 3704
1825 543 2140 710 0/5 55
909 683 2156 840 lieber Arthur, wenn Sie Abends in irgend
848 800 2143 985 einem Caféhaurs sind, oder wollen dass ich Sie
842 956 1982 1113 berêche, dann hätte, capen Sie mir uns
845 1081 2119 1240 Café Glatt auer ein Wort sagen, wohin ich
851 1182 2122 1316 nach dem Theuter gehe, mir uns etwas von
1579 1330 1886 1433 Herzlichst.
861 1332 1359 1439 Ihnen zu hören.
1780 1449 1900 1529 Mr
1752 1516 1982 1690 Salten
1023 2625 2019 2771 lieber Arthur, wenn Sie eine verfugbare halbe
1004 2668 2027 2821 Stunde haben, lesen Sie, bitte, meine, Literatur!
1015 2731 2034 2862 Ich bin heute Abend im Schraugl, und es ist
1026 2777 2067 2927 mir natürlich sehr um Ihre Meinung zu thun.
1502 2880 1754 3015 Herzlich Ihr
1752 2882 1955 3039 Saltern.
1267 2954 1372 3073 Yr
