3490 3704
1702 716 2220 855 64 Wren, 3.II.
1181 1007 2557 1186 Lieber, zur Princiere kann ich mir leider doch
1193 1130 2599 1279 wenn nach Berlin, schade. Ich werde mir es gegen
1188 1206 2597 1357 14. ten März reisen, und nach vorher und einem
1209 1264 2596 1422 weil zu thun. Was einten sie zum Teufelskeit? Das
1202 1311 2596 1479 stücklich Herr einer neuenweisenden
1199 1372 2592 1546 war; sehr sühlbar würde mir die frise nunmal
1195 1439 2610 1625 Sie dann heim, wenn das alles weil als Jegend
1190 1497 2545 1646 verkleidet und gebeidet. Der insamme den man
1190 1529 2529 1715 lui solchera beaucoup de ce qui est qu'il est
1202 1565 2587 1771 au cin ses villes nʼest pas devenu, de
1186 1655 2559 1852 greifs eine zu veranzländung einer Frau,
1706 1702 2589 1839 Monsieur Monsieur,
2241 1759 2604 1843 par Berert
1213 1773 1715 1911 an die eine eigene
1704 1818 1787 1864 G.F.P.
2032 1787 2248 1866 betriften
2239 1818 2362 1866 G.C.F.P.
1211 1825 1992 1966 woche oommäns, dann seine
2025 1823 2504 1925 P.S.H.F.P.K.
1220 1874 2164 2020 Wollegleit zur Emphonienen,
2176 1880 2503 1974 es schs très
1209 1927 2185 2104 Froh eine zu glaubt. Hier wol
1816 1881 2604 2088 pour même inhâ¬
2059 1985 2613 2120 Monsieur le préparé
1292 2008 1829 2146 un Sie un étant!
1904 2029 2069 2087 G.C.F.P.
1220 2076 2067 2203 unheres über die Brühne eci¬
1216 2118 1959 2271 falls in Herr Zeit gestattet.
1211 2083 2594 2334 In Angelegenheit der einigsten xxx be¬
1202 2169 2613 2373 nochmals bemühen? Wald wir weigkeit schonend
1207 2239 2511 2424 Sie schreibt mir heute einen comissen Brief, ob
1195 2274 2589 2485 ne „ kan hier kommen soll, wer wenn die
1183 2332 2582 2568 „nach dort“, komme, seiner, den ich nur
1204 2390 2592 2601 durch meine Wort an ihren Tage gewesen bin.
1209 2446 2590 2675 falls er nicht nur verkauft, endlich, dem rei
1213 2513 2585 2738 an einen Vertrecken, bei der erkreiben inte¬
1211 2578 2555 2827 son ici auch nicht gegen mein versprechen,
1204 2666 2475 2890 le, dann nach nicht einer vorende
1204 2733 2532 2962 früge an. Wie angehören der endlichen
