4472 3608
2638 711 2943 834 Wien, 22. X. II
1484 752 2016 868 FELIX SALTEN
1762 1078 3140 1188 Zieber, in einer sehr angenehmen Weise ergibt es sich mir aus Jurun Brief, für den ich
1520 1158 3130 1268 denen bestens Sauvie. dass discussionen dieser Art. zwischen uns sürich keinen anderen Zürich in ihrer Sächlich
1514 1211 3125 1317 keit entfärbt werden. Aus Ihrem Brief glaube ich ein gewisses Vertrauen in mein Vernöttens zu ihren Granten¬
1520 1258 3140 1357 folgeru zu rügen, und das überhebt nur, Hunen und noch zu sagen, wie groß mein Respect und meine Zü¬
1518 1315 3164 1402 migung für jene produktive Arbeit um allgemeinen und für die Iurige um besondern ist. Ohne weilen gebe
1506 1355 3168 1450 ich Frauen dum auch die Möglichkeit gii, dass Sie in allen Teilen rechs passen. Doch kann ich mich die Ein¬
1506 1404 3138 1499 drucks nicht erwehren, dass Sie meine Einmände anders auslegen, als ich sie gewand habe, und möchte
1506 1442 3166 1548 deshalb noch ein Wort, darüber sagen. Zunachen, dass seine Missionständnis in meinem Zweyern teuilleren gar
1499 1489 3176 1590 nimt beycht. Dort schrieb ich ja. dan befreiter nicht bei dem Kinde bleiben, wird im Vaterschaftsgefühl aus
1506 1533 3176 1641 laufen könne. Im hab das natürlich begritten, und brauchte das auf nach Amerika. um so weniger
1497 1578 3174 1686 als ja auch diese Reise zweifelnahr und im Zünde unwesendlich märz. Im Stryd Feld das aum garnicht,
1501 1635 3161 1734 die die annenmen, als ein Gedachte von mir gegen eine (vam mir missverstandene) Ansicht von Zinsen.
1499 1660 3180 1777 tuerens: dass dierer Kinder auf evenso wie die Antwort, die ihnen mit „mit in Vater „Anwendung“ nicht über
1499 1711 3174 1821 Jungend scheine. Wenn das Kind „Vauer“ rüst. der Valis, um komtine andwortel.“ und diese beiden aufgenann¬
1506 1770 3183 1861 Ausklauf des Stückes geben, mit ihrer renteren und in der Sekunde übersprechtion aushanden Bedeutung den
1501 1802 3161 1912 Rüsseung des Stückes bestimmen, dann wird im Anschein geweis, meinte ich, ein Ausblick gröffend, den doch
1497 1846 3174 1965 den Bewinnen des folgenden Schünden schon verwirgs. Mit Grunden, die ich ja anführte und die ja die Juren zur
1493 1902 3170 2003 Noch genauer: es ist payenologisch sichertig einig, dass Unfreiter, von der Stimme seines Kindes getroffen,
1493 1935 3159 2041 aufneunmert. In diesem Moment. Es mag aus viellig sein, dass er den Knaben sofort ein gegenstängl, obw2
1508 1957 3180 2096 er sich in diesem Monsieur - auch nicht eben fällig fühlen könnte. Im pü sehen. Dennoch: er gibt einer Augenblicke
1493 2020 3176 2151 regung nach. Einer vergrässlichen. Aber es ist zugleute aus der letzte Monnens des ganzen Stützen. Die Stävaille Gedanung
1493 2082 3172 2181 also (glaubt man) desjenigen, was übrig bleibt. Mein Einwand gibt also mit der secundenlang talschen
1497 2113 3168 2238 Perpentive. Die insshalts der Komödie freilig eine poigenvorgische Stütze zum Mann, die aber an deren Schluß
1493 2156 3168 2285 sich eine ganz andere Neunt-ökonomiele Bedeutung hat. Mein Erwand ist der, dann wir eine absolut
1493 2221 3185 2333 ssyrhologische Richtigkeit mit einer dramatischen Ründigkeits-Kollidirt. notum beide aufgenoben
1484 2281 3185 2391 werden. Was nicht geschähe, wenn Hofreiter, vom Kufen eines Kindes erzicht, zum aufnimmern mün, aber
1497 2312 3176 2431 erstarri, van allem, was erlebt hat, geschmäßt, regnüge zu sehen wüsse. Die Penperläwe wäre dann die¬
1480 2367 3166 2484 seiner Kind im Grund neuesten vergebnich nicht, und dann den gemärten Mann auf der Gene nichts einer
1495 2399 3178 2545 übrie ich. Und die leyte, nächste Besonung des Sindelles wäre dann so eindringlich, dass sie keine sermüde lang
1482 2518 1990 2609 anders gedauset werden mössste.
1791 2501 3172 2630 Nur noch eines: ich habe nicht daran gedankt, etliche Verkosten vorzubringen. Kaum mich
1482 2600 3180 2672 auch nicht besinnen, jemals Einwände der Moral gegen die Gewällen eines Künstmeister erhoben zu tücken und
1482 2653 3180 2736 wundert innig. dass sie: so nomiren. Aber den menschlichen Inhalt eines Gedall sondern sie doch noch
1482 2715 3134 2785 wägen. das ist, etwas von einer, einige Frage des Juristenischen Marériats und seiner Bekandtung.
1478 2744 3136 2831 so habe ich bei Hofricht, muss ich sein Penöseigthiägenis und den tragischen gevendeten Hiederschräng des
1478 2810 3119 2931 stückter zusammenhatte, seine Konsistenz an der Wünß des Ernstes wolle, in den er gewölts ist, die
114 3420 220 3496 P.
