3785 3671
1492 431 1580 526 J. J.
2021 415 2228 520 V. 11/8
1273 973 2362 1062 zu der Empfindung zu überreden sein, dann ein an¬
1265 1030 2378 1108 den Abburch unserer Beziehungen schwer trage, und
1270 1094 2392 1150 nur wurde ein neues ausermundergehen verändern, wenn
1270 1136 2381 1195 mir gesagt mir, dann ich enervante wichtungen annütze,
1251 1167 2368 1244 und wenn von seke, dass ein nach w zusammen Be¬
1257 1205 2368 1286 denken mir an Minstrauen ausgelegt werden kann.
1251 1241 2408 1356 Tagegen werde ich alles auftreten, eine Freundschaft zu
1263 1301 2410 1385 erhalten, dass ich als die jenige meines Lebens bezirth¬
1258 1362 2349 1437 nen muß, die mir bestur –iren geworbe es beuresen zu
1258 1376 2387 1493 unten – meinteresse und münstliche Steuer war, was
1260 1448 2380 1522 sie wenn in meinem aller zu einen nicht ohne starke
1263 1484 2385 1575 Erschüttnung verteint; — wenn mir mit muß die möge
1264 1539 2369 1620 trättär klärzt, ohne anget der mißertragen, wir
1264 1595 2362 1689 ohne anget der verzeihender Milde, alles merzwilliges
1261 1639 2346 1738 zu mögen würden, denke! Nur es ähnere mir
1983 1683 2380 1766 anzuzufügen,
1257 1696 1951 1774 derder notwendig sehr unter extérieur
1257 1741 2397 1829 dan mein schüpfer gedankte ganbe ich auf den heutigen
1265 1796 2382 1866 Tag noch nietzt schöne günstige gewesen ist, wenn
1255 1832 2377 1947 auch nur eines Kindes Haut zu ritzen? Ich meine:
1261 1895 1787 1982 darauf kommt es an.
1868 1967 2201 2077 Thos. 83.
