3510 3704
1616 1245 2885 1361 Dir ab. (Ich habe sie zwei Monate nicht gesehen und nichts
1599 1345 2903 1424 von ihr gehört) Fällst du nient todt vom Boden bei dem
1602 1422 2893 1503 Gedanken mich bald wieder zu sehn? Ec. Schließlich
1557 1464 2910 1584 Wirft das Ganze auf die Bitte hinaus, ihre Trisimphe
1619 1543 2925 1655 in die Zeitung in geben. Der Brüder des Fräulein M. hat
1599 1621 2866 1715 in Rußland antässlich der Anwesenheit unseres Baisers
1611 1672 2912 1786 den Franz Josefs-Orden erhalten. Heute war es seier, im Fins¬
1619 1749 2902 1879 könig und schwarzer Kinde, mit der Rosette im Knopfloch
1629 1823 2893 1941 bis seiner Mutter zu Besuch. Gespräch: Thema: unsere
1611 1902 2841 2000 Kaiserin. Ich: Sie lebt minderschön, – so allein, eine
1653 1993 2881 2062 Nichts bestümmert. Er: Sie könnte es noch schöner
1587 2041 2917 2155 haben. Ich: Wieso denn? Es: Sie könnte Profektorin
1638 2121 2716 2239 aller Wolthätigkeitsvereine sein! (wörttich)
1815 2197 2893 2298 Ich weiss wieder möst, ob einer Brief
1683 2281 2854 2381 Sie in Paris noch trifft. Wenn Sie ihm er
1683 2354 2893 2453 hallen, dann bitte gegen Sie's mir, wenn
1587 2418 2699 2522 nicht nur auf einer Postkarte zum
1982 2497 2731 2617 Herzlich Ihr
1592 2512 1778 2610 que le dernier
2674 2502 2883 2659 Salten
2280 2578 2389 2674 G.F.P.
