3485 3688
2095 635 2220 873 4.
1091 1019 2400 1229 liebes Freund! Warum habe ich bis
1055 1188 2520 1338 heute keinen Brief? Ich bin ausser mir.
1042 1304 2428 1445 Ich leide hier entsetzlich unter einem nie
995 1407 2494 1540 geahnten Rückfall, und stehe Qualen aus,
1036 1508 2543 1662 die mir sie sich vorstellen können, und nun
1021 1626 2393 1748 Deute ich mir der Füllschweigen auf die
997 1729 2430 1881 gräßlichste Weise. Ich stelle mir vor, wer
1008 1834 2413 1973 weiß, was sie erfahren haben, das Sie
1034 1954 2453 2069 mir nicht verschweigen können, das Sie
1004 2067 2503 2185 mich aber hier nicht in Aufregung ver¬
1010 2164 2471 2310 retzen wollen, so schreiben Sie lieber gar
1031 2265 2427 2397 ment. Oder ich vermuthe, wer weiss, wie
1016 2372 2516 2509 es Ihnen bes ergeht, und bin schrecklich auf
1036 2481 2488 2623 geregt darüber. Schreiben Sie mir gleich
1025 2586 2391 2738 was immer auch geschehen sein mag.
1137 2657 2462 2880 Es ist nicht freundschaftlich gerade
