3987 3687
121 931 1916 1046 Eines ist mir sehr erfreutich hier, wenns nur so bleibt: dann die Kinder nicht so wol
126 1025 1918 1104 fühlen, uns es bravenen. Ammerl wurde jetzt schon ist wel hie ver Paul, nur
137 1088 1896 1158 ist es sich, dass wird’s neuen wegen nichts. Neutruk waren wir zum mein mal
130 1129 1912 1203 im Darth. Und im Milpferdhaus waren beide Kinder sprachtes ver Staunen.
121 1198 1907 1272 Da fing das eine Näpferd laut zu schnauben und zu niehem an, und Paul war
130 1252 1838 1326 darüber so entsetzt, dass er in Thränen ausbrach, immer aber rief dem
137 1290 1932 1384 Kilpfand zu: “Sei Fiel, hilpferd. wird man Pauli vernem.“ und Parti
132 1351 1936 1463 erzählte zu. Nause der Grossmaira, das Mitpferd hätte „mit dem Kund
130 1409 1865 1530 ein Genitter gemacht!“ Parace erste nie erna ein vorallgemeinerndes
146 1476 1194 1595 Aphansma müpfen, was ich aber unterlasse.
644 1515 1582 1651 Viele herzliche Größe im wir zu Ihnen.
1593 1537 1687 1636 Für
1663 1591 1885 1694 Sallin
