3493 3624
1537 846 2249 971 77 Ischl, 8. Aug. 96.
1216 1184 2290 1310 lieber Arthur, die Tischkarte, welche Ihnen
1220 1233 2288 1369 von Schlesiegers aus zu kam, nenn auch
1208 1278 2312 1415 als Document für die langeweile gelten, mit
1206 1344 2306 1485 der man hier seine seit hin bringt. Ich
1213 1394 2309 1533 wohne mit den Mädeln auf einem Gang.
1220 1435 2283 1578 was einige Annäherung unvermeidlich
1213 1498 2280 1632 mit ich gebracht hat. Frl. M. und
1206 1554 2263 1700 ich stehen geradeso zu einander, wie in
1222 1575 2305 1736 wien. Die Radtour konnte über nicht
1206 1632 2326 1795 unternommen werden, weil ihr 83 jäh¬
1195 1679 2301 1869 riger Vater krank ist, und außerdem
1396 1731 2206 1889 weil es beständig schüttet.
1198 1784 2306 1967 Neulich war ich bei Mittwärger zu Tisch in
1209 1834 2301 2019 aunée. Er war auch da, und fand
1185 1852 1361 1916 noch,
1220 1886 2325 2061 Ihren kanatöl, wie auch das Märchen
1209 1938 2337 2116 „frivol.“ Er studirt den Holofernes und
1222 2005 2288 2152 wird auf meine Veranlaßung auch
1197 2042 2287 2217 den Herrdes auschen. Mein Stück
1201 2093 2281 2280 (den Ein acter) hab ich thun erzählt
1202 2150 2252 2315 und es gefiel ihm ganz besonders.
1218 2176 2295 2368 man braucht einunter dieses sehr
1229 2249 2253 2406 und 10 hab' ist vielleicht einige
1236 2271 2319 2452 Chance, wenn ich mir damit zu stände,
1226 2339 2326 2505 komme. Grüßen Sie Bichard und
1239 2389 2313 2566 Paula, und - wenn er schon da ist -
1746 2452 2168 2584 Herzlichst Ihr
1244 2524 1690 2660 Dr. Gowmann.
2128 2484 2311 2618 Sallen
