3500 3706
1198 1188 2030 1308 treber, schwerben bei Hunn, und Hinein¬
1413 1191 1509 1257 129
1188 1230 2043 1395 wegendes zu sagen! Überlegen sie, ob sie
1174 1285 2009 1433 nicht lieber gleich zum Volkst. gehen
1189 1345 2079 1494 wollen. In diesem patt wäre die Nachricht
1189 1398 2089 1542 von der Annahme Ihres Stückes am Volks¬
1174 1480 2013 1612 th. Da vorläufig beste Antwort seit
1173 1516 2108 1685 Schleuther. Und dem Volkoth gegenüber
1197 1578 2053 1749 waren Sie jetzt in die Lage zu sagen
1200 1611 2071 1794 dan Ihnen der Termin des Burgtheates
1200 1707 2068 1874 nicht ponst während Sie, solls
1189 1783 2094 1941 Sie ein Repris von Schlanth. provogiren
1185 1851 2037 2000 mit einem abgelehnten Stück
1201 1911 2059 2079 zu Bekord kommen, der vielleicht
1207 1958 2053 2109 Taraus wieder Capitort rekträgt, nur
1212 2013 2040 2176 Ihnen wegt, (von Bahr gehetyt) Sein
1211 2080 2062 2231 Sie uns das für den haben wir
1210 2133 2058 2299 Schläuter übrig läßt. Ganz abge¬
1204 2203 2056 2349 sehen kann, den sch. wenn er
1208 2247 2045 2412 von Ihnen seine Antwort kriegt
1210 2321 2092 2472 und nur tröst, der Stück sei am
1212 2367 2104 2543 Volkst. -genuß gelaufen kommt
1735 2432 2079 2552 Herzt. Salzen
1536 2521 1948 2629 20 cts evr
1233 2514 1485 2644 ce x.
