3453 3719
1069 788 1522 968 Wien, 6. Juli 93
616 870 764 1009 26
292 1100 1541 1238 Lieber Arthur! Evens leer, ebenso
258 1235 1544 1365 verstimmt und verärgert wie Sie
253 1342 1580 1460 bin auch ich die ganze Zeit über
265 1438 1496 1549 und es ist mir der Unterschied
255 1517 1460 1654 Fass. Sie in Ischl sind und
267 1607 1412 1736 Biegste fahren können zu
262 1691 1592 1835 ich in Wien braten müge und
265 1784 1590 1932 im eckelhaften Bureau Arbeiten,
274 1874 1601 2031 das ich gerne bald ganz verlagen
270 1978 1589 2100 möchte. Es war auch eine ver¬
274 2055 1520 2191 feh lte Sache, daß ich mich hier
289 2148 1582 2261 einperren und mir einreden ließ.
270 2228 1582 2358 ich hätte Beruf zum Beantten eines
292 2322 1536 2461 Exsecuranz, so plötzlich. Und ich
284 2423 1580 2544 glaube noch immer, dass es gehen
250 2521 1568 2657 müsste, sich mit schriftstellnischer
1621 1070 2943 1226 Arbeit sofe per Monat zu verdienen.
1626 1161 2981 1282 Dass ich es bisher nicht gethan bei
1624 1247 2969 1377 weizt wenig genug, denn ich der
1628 1359 2972 1445 fauf und habe Nichtz gearbeitet.
1635 1419 2878 1532 Von morgen ab bin ich ganz
1626 1495 2977 1594 allein, und sind Sie mir bisher
1631 1571 2965 1703 schon sehr abgegangen, so wer¬
1626 1657 2818 1744 den Sie es dann noch mehr.
1689 1720 2972 1826 Es wäre jedenfalls nicht schlecht und
1638 1807 2955 1893 würde mich freuen, wenn diese Auf¬
1642 1872 2904 1997 führung zu stande kärne; was
1638 1961 2869 2079 Wild für Gründe hat, ist ja
1631 2033 2890 2165 ziemlich egal, für sie wäre es
1630 2103 3008 2225 von Nutzen. Verständigen sie dann
1626 2187 2989 2314 auch Paul Horn. Er ist in Ausser
1619 2271 2919 2401 und Specht von Samstag an
1630 2355 1968 2464 bei ihm:
1701 2408 2907 2529 Das Buch vom kleinen Rosner ist
1628 2486 2933 2587 erschienen, und heisst Decavence. Es
1631 2580 2916 2686 ist ganz so, wie die Novelle, die
