3493 3624
1104 984 2427 1122 Lieber Arthur, ich hatte bis jetzt zu
1096 1104 2519 1211 thun, und konnte auch nicht auf die Akademie
1089 1193 2411 1301 kommen. Vielleicht empfängt mich Herr Zeitlin
1092 1276 2485 1416 Damerstag oder Freitag um ½ 3-3. Das ist eine
1097 1358 2443 1496 Stunde, zu welcher ich in Neinem Falle verhindert,
1101 1473 2366 1604 bin. Ist's heute etwas mit dem Burgtheater?
1108 1563 2365 1717 Ich wird noch nicht, ob ich kann, aber es ist
1101 1690 1692 1809 ämmertim möglich
1860 1759 2195 1897 herzlich Ihr
2087 1809 2343 1901 alten
1407 1809 1499 1903 De'
1395 1899 1710 2036 G.C.
