3492 3720
1967 660 2170 770 HOTEL
625 688 1154 797 TELEPHON INTERURBAN Nr. 124
2077 715 2318 811 BRISTOL
619 775 1003 836 TELEGRAMM-ADRESSE
2184 786 2469 849 SALZBURG
644 792 1112 910 HOTEL BRISTOL SALZBURG.
2206 830 2439 923 (AUSTRIA)
1655 841 2296 1028 Salzburg, II. Juli v.
606 1030 2644 1304 Lieber Freund, heute fand ich hier mit Karte aus St Ammern. Ich
504 1159 2672 1449 Kam erst gestört Abend aus Samstalt türcher. Geben jetzt nach
510 1291 2611 1515 Ischl, und von ca erst in 14 Tagen nach Wien. Durch den
532 1351 2567 1641 Arlberg führ ich gestern Vormittag. Meine Resse war gut, und
529 1422 2729 1704 was auch ergiebig. Die Allg. gg. hätte die Nachricht von Dr. Szeps,
534 1559 2688 1806 der seine Quelle nicht nennen wollte. Es war am Tag immer Ab¬
518 1647 2674 1885 wäre. Dr. Szeps weß mich rufen, 8 fragte mich, xx rek etwas
548 1696 2576 1976 gegen die Veröffentlichung hätte. Mit Rücksicht auf unser
548 1795 2688 2102 Gesprüch über Frau Punct, sagte ich, es wäre mir recht.
564 1882 2696 2159 Sie erinnern sich viel, dann ich Ihnen commiss sorgte, wenn die
548 1951 2762 2236 Sache durchsichtert, wäre ein Verschweigen unterm der Haus freundlichen
540 2047 2721 2340 Presse wurdung. Das siehe so aus, ab fühlten sie sich wirklich
570 2129 2729 2450 getroffen og bestraft, und die autiv. Prene wurde das zweifellos
581 2263 2721 2518 auch in handelten. Den Artikel selbst hoch’ ich dann evol
589 2337 2693 2639 Abend auf der Bahn lesen können. Was meine weiteren
592 2389 2762 2754 Pläne betrifft, ließe ich sich dann bei wegen, u. gereglich ist.
608 2526 2600 2814 not aber zu umständlich. Hoffentlich schon wir uns
608 2598 2576 2915 Gott. Wenn nicht, - im September? Ich habe die
608 2663 2685 3022 Fragerolles-Rivière'schen Schwettensprek erworben (Geheimnis)
603 2732 2789 3129 uns in Zürich mit Felix Contract gemacht. Vollricht
603 2869 2770 3214 könne ich in Frühl Tage über Bertter gewein zu schreiben,
614 2962 2732 3307 wenn nicht, dann im August in Wien. Schreiben sie uns
1400 3091 2545 3376 Herzwehrt zu Fatten
619 3261 1069 3422 Hollt wieder.
