3782 3688
878 569 1267 658 B.Z. am Mittag
2143 584 2437 705 III. vb.
1845 618 2101 694 BERLIN-SUU,
1851 688 2086 745 Kochstr. 23=25
946 749 1225 851 Chefredaktion
1102 1022 2547 1143 Lieber, hier sende ich Ihnen das Familietöse – das einzige, das bisher kam¬
1098 1094 2581 1240 aus der 13.10. Mandag will ich nommals über die Russen schreiben, was
1107 1149 2550 1274 schicke er Inneu dann glück zu. Das Sie so wendreinend von hier, weg.
1094 1202 2588 1346 gingen. Was auch auf müsse deprimirend gewirkt. Dieser Ruf des lebens
1106 1242 2566 1371 schien mir so unbazweifelbar, und ist es mir nach, dass eine Auf¬
1102 1305 2522 1439 nahme für mich eine sympathische Bevertung annahm.
1111 1316 2613 1462 Es ist ein Glück, dass Sie stärk genug sind, war sich wennende Pro¬
1107 1396 2619 1508 räthnen ihrer solche, an soll verauswegs nichtige Zwischenfälle, sich
1088 1434 2575 1572 zu wissen. Darauf rechne sich sehr, was hoffe, bald an Ihnen zu
1094 1483 2619 1623 hören, von zu arbeilen. Schlimm wäre es ja mir, wenn sie, - mehr
1104 1523 2613 1665 aus Mündlenscher Hypochandia ab aus selbstseitik - anfangen müste.
1104 1570 2621 1716 in Iurer Abschätzung dieses Stückes trankend zu werden. Da kann
1107 1608 2596 1748 man freilich für eine Weile den Baden weder sich schwinden fühlen.
1104 1659 2585 1803 Aber es wäre, besonders in diesem Fäste, das Fortschuste! Sie müssen
1094 1709 2560 1845 unbräng dazu bleiben, das Ihr Stück zu ihres in, war das
1096 1758 2530 1885 die Zufälligkeit eines Abends nämts bereit. Das Harden ist
1096 1805 2592 1951 geworben hat, ist ein ersten Moment für Ihr Empfinden vollleitet
1094 1851 2609 1997 sehr verlehrend gewesen; für aber wirkweit nimmts. Küsse er die Sache ausführ.
1094 1908 2596 2042 kei und nur der ganzen Kraft seiner Dialeklük zer zu sehr und zer¬
1077 1942 2581 2112 geredert, dann wäre es sehltimmer gewesen, Teun es hätte gemittet. So aber
1094 1983 2604 2137 hat hier, - und wer überall – jeder nur die Ansel gezweckt und gesagt.
1104 2061 2575 2198 das gewustet werden selbernicht. Diese Schlich war gar zu sindbar
1088 2124 2037 2245 als dass ein mitreicher Einfluß erfolgen könnte.
1090 2184 2533 2304 Nach und nach kommt meine Wohnung in Stimmung, nur ich kann am
1092 2217 2571 2353 meucherne Exrdenz beginnen. Kürchte ich jetzt wieder ein hier auswand.
1088 2260 2566 2399 sam, kann wäre ich einen imstande, ein unter Buch über Gertin
1088 2321 2539 2465 Zu schreiben. Aber, rete hoffe, dass ich wir sind werben muss, und
1087 2368 2513 2507 Tode einmal werde reden können. Nach Wien schon von mich
1087 2422 2569 2539 aber auch überm. Dazu trigt mir die Schwermei der letzten affaren
1090 2473 2575 2588 nere zu sehr im Magin. Haken sie die letzte Schurkerei des Drama¬
1090 2507 2550 2640 tischen Richters Ledanz jemanden erzählt! Wenn nicht, dann
1083 2554 2575 2715 tum sic’s rurh, tille. Es ist das Empörendste, dass sie ein ésrederes
