3780 3688
1833 927 2226 1080 Donnendag
1558 982 1660 1056 193
1918 1061 2295 1203 15/12 804
1256 1232 2399 1352 Lieber ich hab es der Niese leider schon ver¬
1250 1298 2364 1420 sprechen müssen, dann ich Samstag zu der
1259 1385 2373 1494 Premiere geht. Vielleicht schon mir uns also
1256 1416 2423 1539 an einem anderen Abend, Mandag oder Dienstag,
1251 1507 2379 1614 was ich Ihnen aber erst Samstag, wenn das
1250 1564 2423 1676 Reprtoire da ist sagen kann. Kte ist schon
1261 1637 2405 1750 zurück, wird aber die nachsten Wochen nicht
1260 1688 2402 1801 für länger vom Haus forkennen, mit das
1259 1736 2321 1873 Mädert geimpt wurde, und sie brauche.
1289 1809 2343 1932 Was sie mit dem „sich in Schulden gestürzt
1257 1862 2382 1972 haben" meinen, welche ich mehr. In Wien
1250 1947 2014 2065 sind sie doch eher Gläubiger.
1807 2014 2353 2116 herzlich Ihr Sattin
