4165 3687
1341 858 1728 941 B. Z. am Mittag
2310 885 2892 988 BERene suo, 28. III. Ob
2314 965 2549 1027 Kochstr. 23=25
1401 1048 1679 1136 Chefredaktion
1379 1292 2986 1459 lieber, dass wir eine Radiořr machen könnten, ist mir heute wie ein absoluter
1373 1397 2975 1536 Mup! Es wäre so schön 6 - 8 Tage irgendwo-durch die Geld zu gleinnen, wo nie
1377 1454 2947 1596 mön er, uns wo man wieder einmal es ist, Behagen empfinden könnte.
1371 1523 2943 1668 nie „und im Mai“ danken sie etwas gutes aus, und ziehen Sie dabei in
1375 1581 2941 1726 gehärkt, ob wir umst eine Gegend wählen wollen, die mir noch nicht kennen.
1382 1621 2928 1769 Auführts Gebirge, Thüringen, Rhein, u.s.w. Ich bin aber auch mit Trost
1373 1681 3046 1826 der Schweiz (Lugans der Genfer det) einverwanden. Der Bewy kam heute aber
1373 1720 3007 1897 aum a taupo : es ist selbst langem Winter wieder die erste Frühlingswinne.
1379 1784 3097 1931 sie ente sonne nieder da, und alle Reisepläne, alles Reiseverhangen – "Wander-
1379 1854 3056 1993 hier“ - reyd sich. An seinem Teigen hat auch gerne seine schöliquer. un sammen
1392 1901 3031 2051 Fagen würde übrigens auch Mäydesung oder Genthümern eines Sinne Reiz sein.
1392 1944 2994 2115 Ja überlege mir heute zum 20ten Mal, nie man es mand, wie ein ganz ein
1394 1985 3031 2156 Kleines Acto müßig zu naufen, gut aber wider im Meinend nied. Wenn ich
1388 2038 3073 2211 die große Zeitung gegründet habe, kann frage Presse in Berlin, eine Wohnunsschaft
1390 2092 3086 2276 im Zukunft-Stil und Tame vier Blätter regiere, statt zwei (wie die anmeldig
1392 2158 3031 2333 finde) sann werde ich, gewiss auch das langerflehte Autr. haben. Inzwischen
1397 2209 3082 2380 somme er, eine, wenn nur eine Stadtur zusende kommen, und die übrigen Dinge,
1390 2252 3054 2425 die viele für den Sammer verhaben [Holland, zu kamer nach Kiel] die Radiaur könnte
1394 2286 3101 2477 auch durch einige Seuliche Städte genannt erweu, – Räthenburg th. d. Tannler – Bagrauth.
1388 2357 3033 2534 wegte man fructich jetzt einen die Sitz befüllen müsste. Das sänische Seebat. Das sei
1394 2404 3026 2575 verhaben, verdrieben mich – wenn ein aufwendig sein Part – rümmer. Weil etc. aus
1394 2453 3037 2637 wirthschaftlichen Gründen.. nicht trinkann, wenn sich schon einmal an der Btsee
1388 2502 3093 2686 żtze, und weil es mir denke, wenn uns ein ununruchige Besammensein schon
1392 2564 3071 2735 bereinigten sein könnte, dann trefte sich vielleicht mich auf Dämmark verzichlin. Der
1397 2594 3097 2785 hudemerk ist und es gieht, und wälder jetzt's alle am dieserlichen Hand der oud.
1409 2742 3093 2877 Augenblickssch ud Wien durch ihr Triebertsch vertreten, der in einem Pruniermeister wegen
1405 2787 1484 2840 sel.
1403 2785 3093 2932 Thair sas Mass des läs chertimens erriens. Sine erste Frage, als er hier confrof, war (natür-
1403 2838 3056 2981 sich per Tehpen) war) von den von seinem Verschlag in der "Ihnenbühne" halte. Ich sagte,
1407 2907 3041 3048 den von Tergegen sei. Es ließ seinen erlaunten Klagelant vernehmen, und meinte dann
