3483 3658
1026 1074 2248 1225 Ischl früher weggingen, als bis Blt. tätet, oder
1002 1176 2211 1254 auch die Anderen in kptig. eintreffen, bin
1014 1230 2216 1318 ich auch bereit auf die Reise in verzichten. Wir
1032 1280 2283 1374 Nesen Fall Kärke ich dann am 13. v. 14. Aug.
1030 1332 2214 1441 einfach nach Sehl, müge zum Leoporld,
1026 1406 2181 1502 nähme man Ziegste mit, und bliebe
1059 1447 2256 1559 ruhrig bis 1. September dort. Wie es Ihnen.
1029 1518 2296 1621 angenehmer ist, mögen die nun entschei¬
1016 1572 2243 1671 den. Ich muss gestehen, dass es mir
1024 1645 2211 1721 im Grunde gleich ist wie u. wo ich
1048 1684 2173 1799 die 14 Tage verbringe, ich möchte mir
1051 1708 2280 1874 gerne rechtjeitig nissen, (also bis 1. Ausg.)
1061 1821 2168 1922 was geschicht. Mir kommt es in
1040 1869 2262 1995 meiner momentanen Verfassung lediglich
1024 1919 2310 2059 darauf an überhaupt nur fort zu xxx,
1035 2006 1927 2121 und ein Kirchen Ruhe zu haben.
1213 2045 2268 2185 Schreiben sie bald und leben Sie recht
1048 2137 2037 2272 wol. Ich grüßte Beer Hofmann und Sie
1781 2182 2195 2304 korzlichtster
1844 2276 2206 2423 Palser
