3485 3688
1325 375 1663 745 mikolle
1695 613 1780 724 12
1927 586 2035 733 91
698 847 918 1129 lieber
974 968 1240 1126 Freund
1302 959 2328 1155 Herzlichen Dank für Ihr
2352 971 2821 1150 beiden Briefe
560 1129 2818 1240 und verzeihen Sie, dass ich heftig wurde. Aber wenn man bei
563 1208 2833 1308 nahe wortheilen weit von Wien ist fühlt man sich so ohnmächtig
628 1290 2739 1393 - Her Brief, der erste nämlich ist verloren gegangen. Ich bin sehr
569 1375 2801 1472 froh, dass es Ihnen leidlich geht. Wann muss man zum Engege¬
569 1422 1408 1545 ment in Tr. eintreffen?
1434 1460 2801 1548 was das Arbeiten anlangt, geht es mir
575 1522 2754 1633 wie Ihnen. Ich habe keine Zeile geschrieben. Es war auch
569 1619 2783 1727 physisch unnöglich. Mein Rückfall ist ziemlich unerklärlich, aber
566 1710 2692 1806 Darum nicht weniger heftig. Was ich hier leide, ist entsetzlich
557 1768 2689 1883 Mein einziges Hülfsmittel ist das Kutschiren. Ich bin auch
416 1865 2771 1977 hier schon als rasender Fahrer bekannt, und mein Papa
545 1959 2809 2047 furchtet sich zu fahren, wenn ich Kutschere. Es ist eine wol¬
569 2038 2809 2152 that, sage ich Umen, wenn man so gequält ist, dass man laut
563 2120 2842 2240 aufschreien möchte und man hat zwei Pferde und eine Peitsche
566 2211 2839 2314 in der Hand, die glatte Landstraße vor nach, und kann es sauren
578 2284 2780 2387 wie der Wind. Ich habe mich in meiner Verzweiflung erbörtig
581 2372 2809 2487 gemacht unseren neuen Berg direktor, sowie einen Ingenieur
566 2440 2824 2586 zu den Gruben nach Üprug zu fahren. Der erstere musste den
563 2542 2765 2669 Punkt machen, wo der Einstich beginnen sollte, der zweite die
569 2610 2836 2727 Prace der Eisenbahn, welche gebaut werden soll, bestimmen.
569 2692 2842 2836 Wir fuhren um 4 Uhr morgens aus - haben sie gerne, was?
689 2803 2836 2915 und ich legte unter einem zurücklichen Anfall von image
557 2889 2801 2982 Physik den Weg der sonst 8 Stunden dauert in 5 ½ zurück.
789 2962 2759 3094 kam, dass der junge Gegenieur) typisch ungarinsteld
540 2944 760 3050 Dazu
557 3026 727 3150 Jude
783 3041 2320 3161 nicht bei mir angenehm machen wollte.
2355 3062 2710 3164 als wir
563 3117 1229 3243 durch den Aponger
1264 3132 2757 3243 Engssaß fuhren, umringt von treten
560 3199 801 3340 Bergin
988 3211 1554 3352 denen machtige
850 3211 982 3317 in
2686 3232 2795 3352 be
1575 3217 2443 3349 Kohlenlager enthalten.
2472 3243 2654 3346 und
