3492 3720
1657 951 2132 1059 Ischl. Traunquai 11.
1418 979 1584 1085 134
1875 1029 2160 1127 14. Aug. a
1126 1185 2286 1408 Lieber Freund, leider müßte ich von Wien aus
1134 1310 2266 1510 zuerst nach Karlsbed wie sie wissen, u.
1128 1401 2253 1572 hin wohl heute erwerher gekommen. Ich muss
1127 1451 2274 1659 nun wenigstens 7-8 Tage still sitzen
1124 1542 2264 1744 und arbeiten. Außerdem bin ich auch
1128 1627 2279 1833 nicht besonders wol. Es ist für mich
1137 1709 2235 1943 gönnicht denn zu Tacken, dann ich
1144 1799 2251 2029 nach Schmüs komme. Aber einen
1146 1862 2271 2106 Vorschlag: Möchten Sie vom End¬
1160 1949 2269 2211 princt Ihrer Tour aus mit mir
1152 2036 2319 2286 eine mehrtrigige Radparthie machen?
1154 2145 2286 2362 Wenn Sie, wie Sie mir schreiben nach
1170 2234 2264 2459 Mervin kommen, dann schlage
1169 2276 2326 2570 ich ver, dann wir uns in Bozen
1166 2369 2307 2648 treffen, und überlasse dann Ihnen
1167 2485 2290 2770 de Bestimmung der Bonte (Gerne)
