3483 3672
1699 1164 2136 1319 27/6 55
1319 1232 1434 1310 118
1081 1460 2212 1652 Lieber Freund, wegen des Liebesreigen möchte
1068 1561 2223 1714 ich so bortt sich möglich mit Ihnen sprechen.
1066 1620 2184 1819 de Czops macht im Ministerium Anstrengungen
1068 1699 2255 1873 denselben durch zusetzen, wird an eventuelle aufregung
1065 1730 2235 1956 im Leserkreis Kehre ich mich nicht. Ich könnte
1068 1822 2195 2012 Ihnen ein nicht unbeträchtliches Honorar
1083 1906 2199 2075 dafür bieten, und glaube, wenn es durch
2263 1918 2372 2036 G.C.F.P.
1081 1950 2233 2167 Vermittlung des Minister gelingt, die Sache
1093 2056 2136 2243 Durch die Cammer zu drücken, wäre ein
1089 2108 2236 2341 nichtiges Präjudiz geschaffen, das Hanen
1099 2165 2266 2413 amte für eine Buch mögabe sehr werthvoll
1102 2291 2232 2502 eine könnte. Bitte, theilen Sie mir gerne
1102 2373 2269 2566 nach Herr Rückburch und, wann ich
1102 2448 2179 2679 Sie sprechen kann? Mytodest Ihr
1994 2553 2199 2682 Taken
