3746 3688
1156 994 1251 1050 DIG
1101 1028 1302 1115 ZEIT
2012 1054 2483 1162 WIEN 11. IV. 01
997 1075 1408 1177 Wiener Tageszeitung
1902 1118 2233 1198 I. Wipplingerstrasse 38
1103 1141 1289 1192 Herausgeber:
1084 1175 1249 1221 Prof. Dr. I.
1075 1175 1330 1260 Dr. Heinrich Kanner
1020 1253 1397 1349 Feuilleton-Redaktion
1213 1342 2540 1450 Lieber, vielen Dank für den Beitrag zur Schiller-Nummer
1024 1421 2545 1514 Den großen Würstel wollen wir noch für die Ostermünner bringen,
1022 1510 2472 1571 und schlage ich Ihnen Frl. Berta Exegka als Zeichnerin ver¬
1018 1535 2532 1618 die ich für sehr begabt halte. Ich hatte sie schon in der ver¬
1024 1609 2513 1696 gangenen Wocke zu mir bitten wollen, konnte aber mit Nie¬
1018 1681 2407 1745 mandem ordentlich sprechen, und war mir immer sehr
1018 1730 2523 1828 flücktig in der Redaction. Nun kommt sie wegen des grossen
1018 1798 2492 1864 Wortel morgen gegen 2-10 d. 1/2 3 zu mir, und ich will sie bitten
1028 1851 2483 1955 am Donnerstag um 4h - 5h bei Ihnen zu sein. Sie arbeitet
1022 1925 2498 2017 sehr flink, aber man muß ihr alles genau erklärne. Wie
1009 1995 2438 2078 Sie mir s. Z. schreiben, verlangen sie 600 Kronen für
1003 2076 2441 2131 den abdruck, und nur das Hanauer am 1. Mai an
995 2125 2502 2216 Sie gesendet. Schuld verkändlich erhalten sie im beiden
