3462 3704
1494 763 1621 859 117
933 808 1454 893 „Wiener Allgemeine Zeitung“
1128 873 1264 944 Redaction:
1613 897 2263 1014 Wien, am 21. Juni 1899.
992 920 1400 999 IX/2. Pelikangasse Nr. 4.
1101 976 1281 1031 Administration
1010 997 1384 1078 I. Schulerstraße Nr. 20.
963 1058 1430 1122 Telegramm=Adresse: „Allgemeine, Wien“.
948 1103 1449 1171 Telephon der Redaction: Nr. 805 u. 2180.
1107 1143 1418 1218 Administration: Nr. 1024.
1392 1309 2299 1473 die „hr allg. sey“ wäßt vom 3. Juli an
942 1333 1337 1441 Lieber Arthur,
859 1413 2327 1592 ein Montag früh klatt erscheinen, das mit einer literarischen
846 1458 2340 1673 Revue verbunden ist. Die Revüe führt den Titel „W. Allg. Rund¬
844 1532 2325 1741 nehann“. Sie ist etwas durchaus selbstständiges, keine Prübxx
846 1613 2350 1808 im Gewett, und soll nach dem Wunsch der Unternehmer selbst,
844 1664 2340 1876 „ersten Ranges werden, die Leitung habe ich schalten, wenn
840 1730 2340 1955 Sie können sich senden, dem ich gerne etwas in unserem
833 1800 2310 2034 Sinne davonnt machen möchte. Da mir so wenig Zeit
835 1877 2268 2080 für Vorbereitung bleibt, ich die Gefahr groß, dem ich von
831 1934 2336 2149 anfang an, in einierigkeiten (in künstlerische) gewethe. Ich
837 1991 2319 2236 Wolle Sie dringend, mir von immer zur ersten weit.
846 2055 2368 2308 partie sind zu geben. Großes oder kleines, An Hofmannsthal¬
850 2114 2365 2372 rehnich ich bereits, und bitte sie mir, nochmals auch ihm
850 2180 2368 2459 zur rehlennigen Einsendring zu veranlassen. Schf., (1b) be¬
839 2272 2310 2512 nicht ich Schwazkopf. Hirschfeld, mit dem ich heute abds¬
840 2316 2325 2588 nach Berlin fahre, hat die Correspondenz für Berlin über
856 2416 2306 2659 Theater, kienst zu ganz bestimmten Terminen übernommen.
846 2472 2314 2724 Montag füh mir ich wieder da, Ahd’s im Burgtheater im
856 2559 2265 2797 nachher kann ich sie hoffentl. im Caféheim sprechen.
867 2625 2346 2863 Nothmach hätte, senden sie mir von immer. Das Hanover
1390 2782 1798 2937 Herzlichkeit
1847 2759 2025 2901 Salter
863 2848 1077 2948 est quit.
1154 2865 2325 3048 mann schreibe ich eben, hätte schreiben auch die am
1564 2924 2327 3041 Nicht vielleicht gut, wenn er nieder
1672 3007 1985 3135 men schreibt.
1182 3020 1466 3135 sind reden ihm
