3510 3704
1641 1366 2937 1485 Acht Jahren, die es bis mein noch sind, alles erledigen,
1644 1467 2922 1549 und als wäre ich dann eben a jouer. Meine Gesundheit.
1619 1532 2920 1627 der alte Bronchialhatharrh, der ja doch einmal die
1617 1601 2959 1703 Lunge angreifen muss, - meine Arbeiten, mein Lieben,
1582 1666 2878 1773 alles scheint mir so, als könne es nicht winger
1647 1731 2925 1828 verhalten als bis zu jenem Märztag im Jahre 1905.
1591 1815 2920 1895 Fidesfalls hängt meine Sorgweigkeit und der Glaube an
1636 1898 2898 1975 eine Kending der Dinge, die nun bald eintreten müsse
1641 1964 2940 2064 mit dieser Vorstellung zusammen, und ich habe wenig¬
1649 2042 2912 2126 stens die Zuversicht davon, nicht einen Tag früher zu
1980 2106 2198 2191 l'a eu le
1659 2102 1893 2186 sterben.
1684 2174 2920 2281 Gestern erhielt ich von Frl. Sandrock immer minderschä¬
1659 2265 2890 2362 nen Brief, so acht, wie ich noch nichts von ihr ge¬
1611 2325 2888 2405 hört: „Sch liege an der Astree und blicke mit meiner
1641 2402 2924 2482 blauen Augen zum blauen Himmel empor? so beginnt
1634 2460 2903 2571 es, und es ist, als ob nie in ihrem gelösten wesen
1649 2537 2897 2622 mit diesen innischen Worten eine directe Verbindung mit¬
1647 2627 2920 2733 schen sich und der Welt gefunden hätte. Dann kommen
1639 2699 2910 2800 Seitze: „Gestem trat ich hier auf, und heute liegt Rega
1637 2776 2870 2882 in Frauen.“ Oder: „Was geht in dir vor? Gehe ich
