3471 3704
2174 625 2428 760 toutes sont
2153 746 2599 897 11. VIII B
1669 778 1833 940 167
1167 1012 2786 1165 Lieber, Ihre Sendung hab ich heute bei meiner
1155 1117 2730 1298 Rückkehr vorgefunden und gleich gelesen. Es ist
1167 1216 2722 1369 nichts besonderes, aber doch so – dass man es in
1171 1325 2692 1502 der Sonntags-Zeit einmal bringen kann, was
1169 1375 2732 1583 in Seine auch mit Vergnügen thue. Ta es
1177 1486 2724 1676 Hineu offenbar sehr erminscht ist. Hab ich
1175 1599 2734 1805 Ihren Brief recht gelesen, so soll die "Stunde"
1188 1690 2686 1873 erst in der zweiten Hälfte September publizirt
1198 1796 2754 1964 werden. Ich habe das auf dem Mapt vorge¬
1206 1980 1419 2083 merkt.
1196 1984 2694 2176 Heute Nachmittag um ¾ 2 hat meine Frau
1196 2040 2746 2278 einen guten bekommen und befried ich sehr
1208 2135 2805 2347 wel. Wir fremme uns sehr, wie sie sich Šukon
1200 2210 2809 2438 können. Wollen sie es, bitte, an Olga mitzeilen.
1954 2375 2327 2510 Märztschst
2315 2413 2442 2528 Kr.
2375 2510 2682 2647 Salsen
2339 2770 2436 2930 P.S.
