3473 3720
1605 1057 2695 1222 Güte erdrückt u. habe dort
342 1060 1508 1243 wiise darüber sein weg kommen
1590 1190 2739 1299 Beides nie so wenig ertragen,
342 1181 1534 1299 ich werde es kaum instan¬
1584 1255 2674 1381 als gerade jetzt, ich wäre
339 1272 1508 1408 de um. Sch bin vollständig
1576 1325 2686 1452 mich längst fort von hier
336 1361 1499 1467 niedergebrochen u. habe auch
1564 1381 2751 1520 wo ich den Müter durch meine
345 1446 1411 1576 Ten Rest von Elastici tät
1587 1475 2745 1599 consequente Verstimmung auf.
339 1505 1508 1643 verloren, den ich noch hatte
1584 1549 2739 1682 falle, wenn nicht der Ge¬
342 1584 1587 1735 und wie mein äusseres leben.
1579 1623 2712 1764 denke an Wien noch so
339 1667 1552 1820 unter dem Quitien dieser frucht¬
1584 1696 2721 1841 schrecklich für mich wäre
330 1788 1514 1932 losen Reise u. Selbstpeinigung.
1652 1788 2627 1938 Auch zu Richard u. Louis
339 1852 1523 2008 steht, so kann ich Ihnen
1590 1858 2683 2011 wäre ich längst gefahren,
339 1958 2706 2067 auch von dem unserla, künst. aber, wie soll ich jetzt mit
1614 2023 2706 2135 ihnen reden? Übrigens wäre
345 2032 1523 2162 lerischen nichts berichten. Es
1581 2106 2733 2206 ja wahrschein sich. Alles ebenso
330 2126 1508 2285 Kann ja doch jetzt von irgens
1570 2165 2765 2306 gewesen, wenn die König eines
333 2215 1537 2374 einer Arbeit nicht die Rede
1576 2268 2288 2397 nicht erfolgt wäre.
339 2329 957 2436 bei mir sein.
1640 2332 2695 2462 Ich sage Ihnen herzlichen
492 2397 1540 2547 Ich werde hier von Liebe und
1552 2421 2706 2556 Dank für Ihren Brief, u.
