3149 3671
1766 341 1926 483 H. I.
1995 1005 2210 1092 Mittwoch
1522 1009 1637 1102 229
2136 1139 2488 1288 May 5th
1180 1334 1315 1429 Lieber,
1319 1385 2549 1480 vielleicht können wir Samstag nach dem Theater beisammen sein?
1166 1473 2490 1548 Mir ist es ganz eyal xx; iis möchte nur nyendro hun gehen, wo wenig
1168 1519 2510 1598 leute sind. Wenn Sie Richard schön, bitte, sagen sie es thun aus. Es höre,
1168 1597 2507 1678 den Herr Kainz ins Theater geht; natürlich wär es nur angenehm, wenn er
1170 1627 2532 1734 mit Känn. Auch speidel, werden dann wol mit uns sein. Bitte um
1171 1719 1358 1809 eine Teile.
1722 1719 2037 1803 Herzlichst
2066 1746 2232 1836 Saltin
