3108 3672
0 106 82 220 P.S.
1115 432 2203 649 Wien-Heiligenstadt, 16. April 1907.
635 710 1279 876 Lieber Herr Heimann
1234 773 2444 937 Sie bekommen meine Antwort erst heu¬
326 916 2454 1067 te, weil ich in diesen Tagen viel Wichtiges zu tun hatte. Und weil
310 1014 2436 1178 ich Ihnen nicht unter dem ersten Eindruck Ihres Briefes schreiben
336 1136 588 1284 wollte.
649 1157 2444 1363 Wir wurde kein Grund angegeben, weshalb Sie meinetwegen
331 1297 2422 1438 Ihr Herz ausschütten. Sondern Herr Jacobsohn schrieb: "Heimann hat
328 1387 2372 1528 mir den Groll ausgeschüttet, den er gegen und über Sie auf dem
334 1472 2208 1649 Herzen hat“. Das Wort “Groll” wiederholte ich dann einjach.
665 1567 2377 1702 Herr Jacobsohn fügte hinzu: "Schreiben Sie ihm selbst,
349 1655 2309 1819 wenn Sie Wert darauf legen, der Sache auf den Grund zu gehen“
672 1763 2385 1888 Ich legte Wert darauf, und schrieb Ihnen. An meine
344 1845 2375 2023 Hauptmann-Kritiken dachte ich dabet gar nicht, denn die Wendung
347 1935 2422 2086 Jacobsohns "der Sache auf den Grund gehen" deutete mir nicht da¬
352 2009 2452 2187 rauf hin. Ich setzte auch voraus, dass Sie vor einem offenen, mit
352 2118 2393 2298 aller Behutsamkeit, und - wie Sie wissen mussten - ohne Leicht-
360 2205 2441 2409 sinn ausgesprochenen Urteil einige Achtung haben. Ein Irrtum, der
352 2359 993 2512 nun aufgeklärt ist.
680 2372 2449 2555 Ich schrieb Ihnen, weil ich schon vor Monaten zu mehre¬
373 2475 2436 2671 ren Leuten (darunter auch zu Wassermann und Trebitsch) gedussert
363 2565 2380 2748 hatte, Ihr Benehmen gegen mich während meiner letzten Berliner
381 2645 2367 2838 Zeit und nachher sei mir merkwürdig versteckt erschienen. Also
381 2753 2430 2925 schon lange vor den "Jungfern vom Btschofsberg". Das deutete ich
381 2822 2446 3026 Ihnen auch in meinem Briefe ziemlich lesbar an, und glaubte, Sie
392 2928 2444 3158 würden die Ihnen also gegebene Gelegenheit, aufrichtig zu sein,
400 3002 2285 3203 benützen. Ein Irrtum, der jetzt gleichfalls aufgeklärt ist.
728 3095 2385 3434 Ich antworte Ihnen ausführlich. Einfacher und kürzer
