3757 3688
2209 793 2496 983 19 I '04
1669 935 1822 1038 183
1147 1051 2581 1169 Sieber Artheur, natürlich kann in einer solchen Nummer
1115 1141 2583 1257 reite gesellschaftliche Gratulatern nicht stehen. Ebenw. natürlich
1093 1202 2557 1316 Van weiter nichts dabei ist, wenn Sie sich aus irgendwelchen
1127 1263 2589 1364 Gründen mit einem anderen Beitrag und Damm bethértigen
1110 1333 2544 1436 können. Ich habe Ihnen deriglich das redaströnelle Errenter
1112 1386 2596 1510 übersendet, das Sie deshalb, weil es meine Unterschrift trägt, und
1110 1438 2482 1565 nichts unter berückrichtigen Brauchin, als ein anderes.
1866 1508 2410 1615 Herzlich Ihr Salten
