3483 3672
1624 1049 2148 1184 Wien, 27. Sept. 99
1421 1070 1515 1162 119
1095 1279 2182 1486 Lieber freund, sich nur jetzt ein paar
1096 1374 2222 1571 Tage in Unterdick, wo die Otto wohnt.
1089 1484 2235 1645 nun kan ich nieder noer, und plage
1083 1546 2214 1717 mich mit der wie als Rundschau, die
1081 1608 2235 1796 weder mir, noch dem Dr. Szeps noch
1080 1690 2214 1863 den abonnenten Freude macht. Den
1067 1754 2252 1946 Akonnenten nicht weil in Erkennung.
1092 1832 2170 1999 ist, dem Dr Rep. nicht, weil die
1081 1895 2227 2073 abonnanten werden, wenn nur nicht
1087 1964 2238 2158 weil ich nun schon mit meinem
1077 2038 2186 2225 Mannen verbei bin, und es nicht
1080 2086 2236 2307 gerne schlecht machen möchte. Nicht
1086 2155 2239 2361 verstimmt das einigermassen, und sie
1090 2251 2235 2414 wol denken können. Mit Geringer
1089 2310 2229 2506 ich es nicht. Es ist ganz nicht eine
1106 2366 2269 2579 nicht einen Menschen der zur Gemein¬
