3484 3703
1137 1165 2531 1364 Leber, Sanke für Ihre E.E. war für sehr frage.
1118 1297 2499 1429 Anerbieten, kann sie Eutsch sehen, dann witte sagen
1100 1360 2468 1477 Sie flun, dass P.M. mein Stück gerne das müre, sau ich
1102 1390 2515 1535 es aber jederpeces darauf ankommen sehr, dass er den contrair
1102 1440 2519 1617 tricht. Nun sie mir Herr's Adresse angehen könnten, wäre
1112 1501 2508 1654 ich ihnen sehr dankbar. Wenn sie Zeit neben, schreiben
1095 1568 2492 1707 Sie nur ein paar zeilen über den Ausgang von Samstag
1075 1670 1938 1816 Abend. Geißen Sie Goldmann ca.
1994 1633 2418 1788 Herztrenst Mr
2263 1721 2538 1885 Sattin.
1644 1793 1976 1971 902
1390 1822 1600 1982 11
