3472 3655
770 803 904 895 89
1016 912 1473 1052 Wien, 23. Mai 97
1616 1161 2708 1289 Arbeilie fertig vorstelle und gedrückt und
528 1180 775 1278 dans un autre
987 1180 1545 1325 einte haben sich gestrengs.
439 1217 952 1325 Liebes Arthur! Misere
947 1276 1213 1337 le reste de ses
1619 1270 2716 1334 unter allen anderem wirkend, was es in
455 1279 1557 1400 Am Tage, nach welchem meiner abgesendet war.
1621 1327 2726 1414 der Künnt gibt. Es ist das niederdruckendste
1327 1351 1423 1403 dire.
458 1351 1577 1459 empfing ich den Ihrigen. Ich konnte nicht mehr
1619 1409 2732 1485 Gefühl, und man ist wie gelähmt, wenn
1063 1419 1304 1465 G.H.C.F.P.P:P.S.
456 1420 1554 1548 erwarten, von Ihnen Nachricht zu erhalten, denn
1626 1456 2721 1555 siere Empfindung Einem vorzurechnen beginnt.
1138 1491 1273 1554 d'Aoge de
429 1501 1580 1617 da alle anderen Briefe von Ihnen bekamen, müsste
1619 1535 2732 1621 in wie vieles Beziehung man mit Allem, was
1327 1555 1469 1604 G.C.F.P
452 1601 1557 1699 ich denken, mein Schreiben sei verloren gegan¬
1598 1594 2744 1715 man morchen möchte und könnte, entbetir¬
1432 1636 1516 1672 G.F.P.
1373 1672 1505 1748 G.C.H.F.P
469 1668 712 1757 gen
1596 1666 2735 1758 lich sei. Dass ich damit allein bleibe, ist
472 1724 1567 1842 Die güte Stimmung, in der ich kurzlich an Sie
1601 1747 2741 1847 mir oft schwer genug. Und ich bin jetzt ganz
1017 1780 1545 1901 Vierzeln Tage Regen¬
466 1809 1024 1905 geschrieben, läßt nach.
904 1856 1024 1895 G.C.F.P
1620 1827 2716 1948 allein. Ich möchte das einmal ganz Uhr
469 1846 1516 1981 wetter wegen dazwischen, und der Frühling
1629 1880 2718 1990 Aufsprechen, damit ich später nicht mehr
1098 1922 1275 1973 G.H.F.P.
1158 1934 1514 2007 le mich nach
456 1951 1164 2049 hat nun ein Ende. Ich fühle
1160 1998 1253 2037 G.F.P.
1611 1973 2718 2063 ein Andeutungen darauf zurückkommen brau¬
453 1996 1573 2116 und nach nieder beschwert am allen Gerich¬
1598 2042 2715 2135 che. Ich möchte es immer aber, als ich es jetzt
462 2062 1509 2210 len, die sonst immer mein Wesen stücken.
1613 2093 2695 2208 ohne die mindeste Zitterkeit thun kann u.
905 2142 1161 2196 Pour Vous le
452 2134 1550 2266 Alle meine Künsche consentieren sich nun
1613 2178 2711 2283 meine sonstige stärke Empfindlichsteit unge¬
463 2220 1519 2338 darauf etwas fertig in bringen. Wenn das
1620 2249 2701 2367 rechnet, über Empfindlichkeiten hinweg
466 2295 1514 2411 geschehen konnte, wäre ich wesentlich
1626 2337 2712 2426 bin. Ich habe ausser zu Hünne, weder zu
1152 2364 1328 2414 les suites.
465 2367 1551 2495 gefestigter. Aber Sie können sich nicht
1627 2396 2783 2515 Küge und noch viel weniger zu Beer Hofmann
473 2431 1555 2567 denken, wie sehr ich an den Gefühl der
1639 2466 2749 2588 Borichungen irgend welcher Art. Sie seichen
1148 2509 1295 2551 G.C.F.P.
479 2513 1586 2643 Unrichtigkeit leide, sobald ich mir meine
1630 2534 2765 2689 mich mehr und nirgend und ich nicht.
