4504 3577
1453 561 2949 657 Füllung annehmen oude. Dann aber würde diese Kellnung nett für mich nicht exceptabel sein.
1453 631 2945 702 wenn ich noch so offen und gnadezt mich drüm bürnbe,.. eben weit ich mich wennte!
1451 685 2476 758 zeitigt aber gibt es für mich noch einen höheren Grund, mich
1447 716 3027 804 niemah kurn Busevikt oder sonst Imanden einzubieten. Ich habe das in meinen Rheinsten¬
1449 772 2997 860 und schwusten Anfängen nicht genau. daß schreibe ich sich achtzehn Jahren; meine Leistung ist
1447 814 2995 901 zu offenkundig uns – wenn das Wort erkauft ist, - mein Amprück auf eine Ditte im einen glatt
1453 864 2997 967 Öhnreins zu gerecht, als dem ich selbst auf seiner Leistung zuweisen der diesen Anspruch
1447 925 3019 1047 die einem einzigen Gefrucht bedanere ich es lebhaft, den sie wirkl. Papi gelangen, mit dem Grundik's
1447 937 1869 1009 selbend machen möchte.
1453 989 3003 1093 zu sprechen. Und aus Neum Grund alleine mit es mir leid, dass es nicht möglich ist, eine un Messier
1447 1027 3045 1126 w. viel beredete angelegenheit, wie mein Ausdruck aus der Zeit’es ist, der Hern Grundnis zu vernehmen.
1441 1083 3001 1192 Es ist uns nämlig dieser Tage zu zuragen werden, über Benedikt sei – unbeschündig um einer
1435 1118 3023 1228 nur schlechs geschauten Seite – zu der Ansicht gebracht; ich lebe in völlig desolaten Geldverhält¬
1429 1162 2989 1280 mein, dritte bis über die Dirne in Schulden, und führe ein prassendes Verschwendes logen.
1443 1206 2997 1311 Wenn er nun aufgeklärt hätte mein können, dan ich het Schulden nach (Famihin) jetzt.
1441 1258 3029 1373 aber teilte mehr habe, den ich nie auskündig, aber und onschwenderisch lebe, hoch ver¬
1443 1294 3027 1415 sichau bin, und auch sich keine mainierten keisen habe, wäre mir das schon in einem ganz
1439 1369 3025 1465 allzuweinen und prinzipiellen Sinn sehr anünnes geworden, und es höre nur eine ein¬
1439 1399 3027 1516 fache Richtig schlung, wolehre keine andern, Kenkurrirenden Inderesse verlegt. Nun wird es
1443 1463 3037 1584 doch nur eum besten sein, wenn ich in diese ganzen Sache nötig zuwach. Ich wenig ja heute
2197 1749 2288 1833 II
1443 1865 1881 1972 FELIX SALTEN
1590 1944 3047 2070 noch nicht, wofür ich mich entscheiden werde, und es liegen nach mehrere Mannke war mir,
1590 2014 3047 2133 in düren ich alle Umstande prühn, verschiedene größere arbeiten fördern sind alles zusammen
1582 2080 3055 2205 überlegte möge. Es kann ja auch sein, Tien kein Benedikt und ich nicht zusammenkommen,
1586 2135 3019 2245 wust er auf eine Tehlamöran von mir, mit ich auf ihre von ihm werde. Es kann in
1580 2185 3053 2310 zug (so beiehr) sein. dass nur, wenn er es schon einmal zusammen kommen, nicht mit
1588 2237 3021 2380 unander einig werden. Und es kann auch sein, dass er mich überhaupt nicht mag
1584 2279 3039 2416 mit eine Verbindung mir ein gemüts in Umägung zieht. Auch seines rechne ich
1853 2376 3015 2486 Bei uns geld alles ziemlich nach. Arbeid. Gäste. Schuchtage, müdigte.
1584 2410 3039 2551 Das wirkend u ab und in beißer vom schönsten Weiter geschaut. Es habe eine kür be¬
1584 2448 3031 2591 kennen mit hier sütlich die Schmerzen les „habe die Zeit“ ermünder, mich noch hier ge¬
1594 2509 3021 2675 lassen, Tanns ig die kur beendigen kann, und das dafür angeboten, von der
1594 2583 3019 2712 um zu schreiben. Kann sein, den sie mich ließ ein zeings. nach vom zu geben.
1588 2629 2927 2776 röcher ist etwa in Gastein. Wir grüssen sie alle in Regenkeit. Der Sattin
