<?xml version="1.0" encoding="UTF-8" standalone="yes"?>
<PcGts xmlns="http://schema.primaresearch.org/PAGE/gts/pagecontent/2013-07-15" xmlns:xsi="http://www.w3.org/2001/XMLSchema-instance" xsi:schemaLocation="http://schema.primaresearch.org/PAGE/gts/pagecontent/2013-07-15 http://schema.primaresearch.org/PAGE/gts/pagecontent/2013-07-15/pagecontent.xsd">
    <Metadata>
        <Creator>prov=READ-COOP:name=TrHtr:version=2.1.0:model_id=51170:date=26_07_2023_05:10</Creator>
        <Created>2023-05-02T07:47:49.008+02:00</Created>
        <LastChange>2023-07-26T05:10:37.786+02:00</LastChange>
        <TranskribusMetadata docId="1416711" pageId="54952102" pageNr="326" tsid="130896570" status="IN_PROGRESS" userId="64420" imgUrl="https://files.transkribus.eu/Get?id=TQWBLCRSQQHVAKFWIELOXNPB&amp;fileType=view" xmlUrl="https://files.transkribus.eu/Get?id=KKWTURUKSXRSLYPIKWFHATOO" imageId="44455828"/>
    </Metadata>
    <Page imageFilename="1416711_0326.jpg" imageWidth="3166" imageHeight="3671">
        <ReadingOrder>
            <OrderedGroup id="ro_1711828948592" caption="Regions reading order">
                <RegionRefIndexed index="0" regionRef="tr_1"/>
                <RegionRefIndexed index="1" regionRef="tr_2"/>
            </OrderedGroup>
        </ReadingOrder>
        <TextRegion id="tr_1" custom="readingOrder {index:0;}">
            <Coords points="668,618 2805,618 2805,2403 668,2403"/>
            <TextLine id="tr_1_tl_1" custom="readingOrder {index:0;}">
                <Coords points="1790,712 1808,717 1837,712 1863,693 1889,699 1894,693 1918,696 1939,683 1965,685 1965,589 1926,578 1907,581 1878,560 1865,568 1855,562 1850,570 1831,565 1824,576 1790,583"/>
                <Baseline points="1805,668 1850,668 1895,668 1939,668 1972,671"/>
                <TextEquiv>
                    <Unicode>- 6 -</Unicode>
                </TextEquiv>
            </TextLine>
            <TextLine id="tr_1_tl_2" custom="readingOrder {index:1;}">
                <Coords points="693,848 2768,882 2784,693 1994,767 693,743"/>
                <Baseline points="707,841 752,841 796,838 841,841 886,841 931,844 975,841 1020,844 1065,844 1110,847 1155,847 1199,847 1244,847 1289,847 1334,847 1378,847 1423,847 1468,847 1513,847 1557,847 1602,847 1647,850 1692,850 1737,850 1781,847 1826,847 1871,850 1916,853 1960,853 2005,853 2050,853 2095,853 2139,853 2184,853 2229,853 2274,856 2318,856 2363,856 2408,856 2453,859 2498,856 2542,859 2587,859 2632,859 2677,859 2721,859 2766,859 2790,859"/>
                <TextEquiv>
                    <Unicode>Hier brechen Sie mit Vorbedacht und mit Hohn in die Intimität mei</Unicode>
                </TextEquiv>
            </TextLine>
            <TextLine id="tr_1_tl_3" custom="readingOrder {index:2;}">
                <Coords points="685,950 2789,984 2755,869 685,842"/>
                <Baseline points="701,931 746,931 790,931 835,931 880,931 925,931 969,934 1014,934 1059,934 1104,934 1149,937 1193,937 1238,937 1283,937 1328,937 1372,937 1417,937 1462,937 1507,937 1551,937 1596,937 1641,937 1686,937 1731,937 1775,940 1820,940 1865,940 1910,940 1954,940 1999,943 2044,943 2089,943 2133,943 2178,943 2223,943 2268,943 2313,946 2357,946 2402,946 2447,946 2492,946 2536,949 2581,949 2626,949 2671,949 2715,949 2760,949 2793,946"/>
                <TextEquiv>
                    <Unicode>nes Wesens ein, um mich desto sicherer zu verletzen. Dieser drets</Unicode>
                </TextEquiv>
            </TextLine>
            <TextLine id="tr_1_tl_4" custom="readingOrder {index:3;}">
                <Coords points="693,1026 2771,1039 2527,958 693,952"/>
                <Baseline points="707,1020 752,1020 796,1020 841,1023 886,1023 931,1026 975,1023 1020,1023 1065,1026 1110,1023 1155,1026 1199,1023 1244,1023 1289,1026 1334,1026 1378,1026 1423,1026 1468,1026 1513,1026 1557,1026 1602,1026 1647,1026 1692,1026 1737,1026 1781,1026 1826,1026 1871,1026 1916,1029 1960,1032 2005,1032 2050,1032 2095,1032 2139,1032 2184,1032 2229,1032 2274,1035 2318,1032 2363,1035 2408,1035 2453,1035 2498,1035 2542,1035 2587,1038 2632,1038 2677,1038 2721,1038 2766,1035 2775,1035"/>
                <TextEquiv>
                    <Unicode>te Griff an die geistigen Schamteile und Zeugungsorgane eines an-</Unicode>
                </TextEquiv>
            </TextLine>
            <TextLine id="tr_1_tl_5" custom="readingOrder {index:4;}">
                <Coords points="691,1120 2784,1164 2755,1039 691,1039"/>
                <Baseline points="704,1107 749,1110 793,1110 838,1110 883,1113 928,1113 972,1113 1017,1113 1062,1113 1107,1113 1152,1113 1196,1113 1241,1113 1286,1116 1331,1116 1375,1116 1420,1116 1465,1116 1510,1116 1554,1116 1599,1116 1644,1116 1689,1116 1734,1116 1778,1116 1823,1119 1868,1119 1913,1119 1957,1122 2002,1119 2047,1122 2092,1122 2136,1122 2181,1122 2226,1122 2271,1125 2316,1125 2360,1125 2405,1128 2450,1128 2495,1128 2539,1128 2584,1128 2629,1128 2674,1128 2718,1128 2763,1128 2790,1122"/>
                <TextEquiv>
                    <Unicode>dern ist so widerwärtig, so durch nichts entschuldbar, dass ich 11</Unicode>
                </TextEquiv>
            </TextLine>
            <TextLine id="tr_1_tl_6" custom="readingOrder {index:5;}">
                <Coords points="672,1209 2169,1245 2260,1222 2260,1135 895,1117 672,1159"/>
                <Baseline points="686,1196 731,1199 775,1199 820,1202 865,1199 910,1202 955,1205 999,1202 1044,1202 1089,1202 1134,1202 1178,1202 1223,1202 1268,1202 1313,1202 1357,1205 1402,1205 1447,1205 1492,1205 1537,1205 1581,1205 1626,1205 1671,1205 1716,1208 1760,1205 1805,1208 1850,1208 1895,1208 1939,1208 1984,1211 2029,1211 2074,1211 2119,1211 2163,1211 2208,1214 2253,1217 2268,1214"/>
                <TextEquiv>
                    <Unicode>hier nur feststelle und weiter nichts drauf sage.</Unicode>
                </TextEquiv>
            </TextLine>
            <TextLine id="tr_1_tl_7" custom="readingOrder {index:6;}">
                <Coords points="2302,1214 2368,1209 2407,1232 2441,1209 2491,1227 2548,1211 2661,1251 2658,1149 2616,1141 2580,1151 2564,1138 2538,1151 2499,1138 2415,1167 2347,1133 2334,1143 2300,1130"/>
                <Baseline points="2316,1199 2360,1199 2405,1199 2450,1199 2495,1199 2539,1202 2584,1202 2629,1202 2668,1202"/>
                <TextEquiv>
                    <Unicode>meine ganze</Unicode>
                </TextEquiv>
            </TextLine>
            <TextLine id="tr_1_tl_8" custom="readingOrder {index:7;}">
                <Coords points="994,1303 2601,1340 2799,1321 2799,1201 2661,1258 2271,1209 994,1240"/>
                <Baseline points="1008,1292 1053,1292 1098,1292 1143,1292 1187,1295 1232,1295 1277,1292 1322,1295 1366,1292 1411,1295 1456,1295 1501,1292 1545,1295 1590,1295 1635,1295 1680,1298 1725,1298 1769,1298 1814,1298 1859,1298 1904,1298 1948,1298 1993,1298 2038,1301 2083,1301 2127,1301 2172,1301 2217,1304 2262,1304 2307,1304 2351,1304 2396,1304 2441,1307 2486,1307 2530,1307 2575,1307 2620,1307 2665,1307 2709,1310 2754,1310 2799,1310 2805,1307"/>
                <TextEquiv>
                    <Unicode>Ihr ganzer Brief ist lediglich eine Spekulation auf mei</Unicode>
                </TextEquiv>
            </TextLine>
            <TextLine id="tr_1_tl_9" custom="readingOrder {index:8;}">
                <Coords points="678,1408 2731,1442 2669,1319 678,1298"/>
                <Baseline points="692,1378 737,1381 781,1381 826,1381 871,1381 916,1381 961,1381 1005,1381 1050,1381 1095,1384 1140,1384 1184,1384 1229,1384 1274,1384 1319,1384 1363,1384 1408,1384 1453,1384 1498,1387 1543,1387 1587,1387 1632,1387 1677,1387 1722,1387 1766,1387 1811,1387 1856,1390 1901,1390 1945,1390 1990,1390 2035,1390 2080,1393 2125,1393 2169,1393 2214,1393 2259,1393 2304,1393 2348,1396 2393,1396 2438,1396 2483,1399 2527,1399 2572,1399 2617,1399 2662,1399 2706,1402 2736,1399"/>
                <TextEquiv>
                    <Unicode>ne Gutmütigkeit. Hätten Sie mich nicht für so gutmutig gehalten,</Unicode>
                </TextEquiv>
            </TextLine>
            <TextLine id="tr_1_tl_10" custom="readingOrder {index:9;}">
                <Coords points="678,1494 2755,1515 2755,1436 2590,1410 678,1415"/>
                <Baseline points="692,1471 737,1471 781,1471 826,1471 871,1471 916,1471 961,1471 1005,1471 1050,1474 1095,1471 1140,1471 1184,1474 1229,1474 1274,1474 1319,1474 1363,1474 1408,1474 1453,1474 1498,1477 1543,1477 1587,1477 1632,1477 1677,1477 1722,1480 1766,1477 1811,1480 1856,1480 1901,1480 1945,1480 1990,1480 2035,1480 2080,1480 2125,1480 2169,1483 2214,1483 2259,1483 2304,1483 2348,1486 2393,1486 2438,1486 2483,1486 2527,1486 2572,1486 2617,1486 2662,1486 2706,1489 2751,1486 2760,1486"/>
                <TextEquiv>
                    <Unicode>Sie hätten es nie versucht, mich mit dieser wohlfeilen Literaten-</Unicode>
                </TextEquiv>
            </TextLine>
            <TextLine id="tr_1_tl_11" custom="readingOrder {index:10;}">
                <Coords points="678,1604 2676,1591 2676,1510 2533,1499 678,1499"/>
                <Baseline points="692,1560 737,1560 781,1560 826,1563 871,1563 916,1563 961,1563 1005,1563 1050,1563 1095,1563 1140,1563 1184,1563 1229,1563 1274,1563 1319,1566 1363,1563 1408,1566 1453,1566 1498,1563 1543,1563 1587,1563 1632,1560 1677,1563 1722,1566 1766,1566 1811,1566 1856,1566 1901,1566 1945,1563 1990,1563 2035,1563 2080,1563 2125,1566 2169,1563 2214,1563 2259,1563 2304,1563 2348,1563 2393,1566 2438,1566 2483,1566 2527,1569 2572,1566 2617,1566 2662,1569 2683,1569"/>
                <TextEquiv>
                    <Unicode>Psychologie zu cupieren. xxx</Unicode>
                </TextEquiv>
            </TextLine>
            <TextLine id="tr_1_tl_12" custom="readingOrder {index:11;}">
                <Coords points="978,1701 2758,1685 2758,1617 2601,1578 978,1585"/>
                <Baseline points="993,1653 1038,1656 1083,1653 1128,1656 1172,1656 1217,1656 1262,1656 1307,1656 1352,1656 1396,1656 1441,1659 1486,1659 1531,1659 1575,1659 1620,1659 1665,1659 1710,1659 1754,1662 1799,1659 1844,1662 1889,1662 1933,1662 1978,1662 2023,1665 2068,1665 2113,1665 2157,1665 2202,1665 2247,1665 2292,1668 2336,1668 2381,1668 2426,1668 2471,1671 2515,1671 2560,1671 2605,1671 2650,1671 2695,1671 2739,1674 2763,1674"/>
                <TextEquiv>
                    <Unicode>Sie haben irgend ein dumpjes Gefühl gegen mich, das ich</Unicode>
                </TextEquiv>
            </TextLine>
            <TextLine id="tr_1_tl_13" custom="readingOrder {index:12;}">
                <Coords points="672,1779 2758,1771 2684,1698 672,1690"/>
                <Baseline points="686,1742 731,1742 775,1742 820,1742 865,1742 910,1742 955,1745 999,1745 1044,1745 1089,1745 1134,1745 1178,1745 1223,1748 1268,1748 1313,1748 1357,1748 1402,1748 1447,1748 1492,1748 1537,1748 1581,1748 1626,1748 1671,1751 1716,1751 1760,1751 1805,1751 1850,1751 1895,1754 1939,1754 1984,1754 2029,1754 2074,1754 2119,1754 2163,1754 2208,1757 2253,1757 2298,1757 2342,1757 2387,1757 2432,1757 2477,1760 2521,1760 2566,1760 2611,1763 2656,1763 2701,1763 2745,1763 2763,1763"/>
                <TextEquiv>
                    <Unicode>bet Ihren Jahren und in Ihrem Zustande schliesslich begreife, und</Unicode>
                </TextEquiv>
            </TextLine>
            <TextLine id="tr_1_tl_14" custom="readingOrder {index:13;}">
                <Coords points="675,1839 2752,1881 2752,1795 2514,1774 675,1787"/>
                <Baseline points="689,1829 734,1832 778,1832 823,1832 868,1832 913,1835 958,1835 1002,1835 1047,1835 1092,1835 1137,1835 1181,1835 1226,1835 1271,1838 1316,1838 1360,1838 1405,1838 1450,1838 1495,1838 1540,1841 1584,1841 1629,1841 1674,1844 1719,1841 1763,1841 1808,1841 1853,1841 1898,1844 1942,1844 1987,1844 2032,1847 2077,1847 2122,1847 2166,1847 2211,1847 2256,1847 2301,1847 2345,1850 2390,1850 2435,1850 2480,1850 2524,1850 2569,1853 2614,1853 2659,1853 2704,1853 2748,1853 2757,1856"/>
                <TextEquiv>
                    <Unicode>das ich bezeichnen könnte, wenn ich wollte. Die absolute Wahrheit</Unicode>
                </TextEquiv>
            </TextLine>
            <TextLine id="tr_1_tl_15" custom="readingOrder {index:14;}">
                <Coords points="675,1936 2635,1970 2635,1881 2514,1863 675,1873"/>
                <Baseline points="689,1922 734,1919 778,1922 823,1919 868,1919 913,1922 958,1922 1002,1922 1047,1922 1092,1922 1137,1922 1181,1925 1226,1925 1271,1925 1316,1925 1360,1925 1405,1925 1450,1925 1495,1928 1540,1928 1584,1928 1629,1931 1674,1931 1719,1928 1763,1931 1808,1931 1853,1931 1898,1931 1942,1933 1987,1933 2032,1933 2077,1933 2122,1933 2166,1936 2211,1936 2256,1936 2301,1936 2345,1936 2390,1936 2435,1936 2480,1939 2524,1939 2569,1939 2614,1939 2641,1942"/>
                <TextEquiv>
                    <Unicode>meiner Hauptmann-Kritiken reizt gevisse Empfindlichkeiten und</Unicode>
                </TextEquiv>
            </TextLine>
            <TextLine id="tr_1_tl_16" custom="readingOrder {index:15;}">
                <Coords points="665,2069 2705,2054 2705,1981 2587,1954 665,1936"/>
                <Baseline points="680,2008 725,2008 770,2011 814,2011 859,2011 904,2011 949,2011 993,2011 1038,2011 1083,2011 1128,2011 1172,2014 1217,2014 1262,2014 1307,2014 1352,2017 1396,2017 1441,2017 1486,2017 1531,2017 1575,2017 1620,2017 1665,2020 1710,2017 1754,2017 1799,2017 1844,2017 1889,2017 1933,2020 1978,2020 2023,2020 2068,2023 2113,2023 2157,2023 2202,2023 2247,2026 2292,2026 2336,2026 2381,2026 2426,2029 2471,2029 2515,2026 2560,2026 2605,2023 2650,2023 2695,2020 2712,2020"/>
                <TextEquiv>
                    <Unicode>Instinkte in Ihnen, die ich gleichfalls bezeichnen könnte.</Unicode>
                </TextEquiv>
            </TextLine>
            <TextLine id="tr_1_tl_17" custom="readingOrder {index:16;}">
                <Coords points="654,2119 2669,2132 2650,2035 654,2077"/>
                <Baseline points="668,2113 713,2113 758,2113 802,2113 847,2113 892,2113 937,2110 981,2107 1026,2101 1071,2101 1116,2101 1160,2098 1205,2101 1250,2101 1295,2101 1340,2101 1384,2101 1429,2101 1474,2101 1519,2104 1563,2104 1608,2107 1653,2107 1698,2107 1742,2107 1787,2107 1832,2107 1877,2107 1922,2110 1966,2110 2011,2110 2056,2110 2101,2113 2145,2113 2190,2113 2235,2113 2280,2113 2324,2116 2369,2119 2414,2119 2459,2119 2504,2119 2548,2119 2593,2119 2638,2122 2674,2122"/>
                <TextEquiv>
                    <Unicode>Aber Sie schweigen. Trotzdem unser Umgang Ihnen jede</Unicode>
                </TextEquiv>
            </TextLine>
            <TextLine id="tr_1_tl_18" custom="readingOrder {index:17;}">
                <Coords points="670,2234 2713,2260 2747,2161 667,2132"/>
                <Baseline points="683,2184 728,2184 772,2184 817,2184 862,2184 907,2184 952,2187 996,2187 1041,2187 1086,2187 1131,2187 1175,2190 1220,2190 1265,2193 1310,2193 1354,2196 1399,2193 1444,2193 1489,2193 1534,2196 1578,2196 1623,2196 1668,2196 1713,2199 1757,2199 1802,2199 1847,2199 1892,2202 1936,2202 1981,2202 2026,2202 2071,2202 2116,2205 2160,2205 2205,2205 2250,2205 2295,2205 2339,2205 2384,2205 2429,2208 2474,2208 2518,2211 2563,2211 2608,2211 2653,2214 2698,2214 2742,2214 2751,2217"/>
                <TextEquiv>
                    <Unicode>Handhabe bietet, offen mit mir zu sein und (wenn Sie mich einmal</Unicode>
                </TextEquiv>
            </TextLine>
            <TextLine id="tr_1_tl_19" custom="readingOrder {index:18;}">
                <Coords points="665,2321 2595,2344 2629,2253 662,2232"/>
                <Baseline points="680,2274 725,2274 770,2274 814,2277 859,2274 904,2277 949,2280 993,2277 1038,2280 1083,2280 1128,2283 1172,2283 1217,2283 1262,2283 1307,2283 1352,2283 1396,2283 1441,2286 1486,2286 1531,2286 1575,2286 1620,2289 1665,2289 1710,2289 1754,2289 1799,2289 1844,2292 1889,2289 1933,2292 1978,2292 2023,2292 2068,2295 2113,2295 2157,2295 2202,2295 2247,2298 2292,2298 2336,2298 2381,2298 2426,2298 2471,2301 2515,2301 2560,2301 2605,2304 2635,2304"/>
                <TextEquiv>
                    <Unicode>sachlich im Unrecht glauben) sachlich und anständig zu mir zu</Unicode>
                </TextEquiv>
            </TextLine>
            <TextLine id="tr_1_tl_20" custom="readingOrder {index:19;}">
                <Coords points="662,2417 2752,2404 2750,2342 2326,2308 659,2328"/>
                <Baseline points="674,2363 719,2363 764,2363 808,2363 853,2363 898,2366 943,2366 987,2369 1032,2369 1077,2369 1122,2369 1166,2372 1211,2372 1256,2375 1301,2372 1346,2375 1390,2375 1435,2372 1480,2375 1525,2375 1569,2378 1614,2378 1659,2381 1704,2381 1748,2381 1793,2381 1838,2381 1883,2381 1928,2381 1972,2384 2017,2384 2062,2384 2107,2384 2151,2384 2196,2384 2241,2387 2286,2387 2330,2387 2375,2390 2420,2387 2465,2390 2510,2390 2554,2393 2599,2393 2644,2393 2689,2393 2733,2390 2757,2387"/>
                <TextEquiv>
                    <Unicode>kommen und nit mir zu reden.. trotzdem schweigen Sie gegen mich</Unicode>
                </TextEquiv>
            </TextLine>
        </TextRegion>
        <TextRegion id="tr_2" custom="readingOrder {index:1;}">
            <Coords points="656,2406 2757,2406 2757,3334 656,3334"/>
            <TextLine id="tr_2_tl_1" custom="readingOrder {index:0;}">
                <Coords points="659,2504 2687,2522 2750,2407 659,2423"/>
                <Baseline points="674,2456 719,2456 764,2456 808,2459 853,2459 898,2459 943,2459 987,2459 1032,2459 1077,2459 1122,2462 1166,2462 1211,2462 1256,2462 1301,2462 1346,2465 1390,2465 1435,2465 1480,2465 1525,2468 1569,2468 1614,2468 1659,2468 1704,2471 1748,2471 1793,2471 1838,2471 1883,2471 1928,2471 1972,2474 2017,2474 2062,2474 2107,2477 2151,2477 2196,2477 2241,2477 2286,2480 2330,2477 2375,2480 2420,2480 2465,2480 2510,2480 2554,2480 2599,2483 2644,2483 2689,2483 2733,2480 2757,2483"/>
                <TextEquiv>
                    <Unicode>und "schütten anderen Ihr Herz aus" Erst als ich davon höre und</Unicode>
                </TextEquiv>
            </TextLine>
            <TextLine id="tr_2_tl_2" custom="readingOrder {index:1;}">
                <Coords points="659,2598 2697,2593 2642,2504 2415,2485 659,2501"/>
                <Baseline points="674,2545 719,2545 764,2548 808,2548 853,2548 898,2545 943,2548 987,2548 1032,2548 1077,2548 1122,2551 1166,2551 1211,2551 1256,2551 1301,2551 1346,2554 1390,2557 1435,2557 1480,2557 1525,2557 1569,2557 1614,2557 1659,2557 1704,2557 1748,2560 1793,2560 1838,2560 1883,2560 1928,2563 1972,2563 2017,2566 2062,2566 2107,2566 2151,2566 2196,2566 2241,2569 2286,2566 2330,2569 2375,2569 2420,2569 2465,2572 2510,2572 2554,2572 2599,2575 2644,2575 2689,2578 2704,2578"/>
                <TextEquiv>
                    <Unicode>in einem erklärlichen Reinlichkeitsbedürfnis Sie gradeaus frage,</Unicode>
                </TextEquiv>
            </TextLine>
            <TextLine id="tr_2_tl_3" custom="readingOrder {index:2;}">
                <Coords points="675,2687 2744,2690 2742,2619 2488,2577 675,2603"/>
                <Baseline points="689,2635 734,2635 778,2638 823,2638 868,2638 913,2638 958,2638 1002,2638 1047,2641 1092,2641 1137,2638 1181,2644 1226,2641 1271,2641 1316,2644 1360,2644 1405,2647 1450,2650 1495,2647 1540,2647 1584,2650 1629,2650 1674,2653 1719,2653 1763,2653 1808,2653 1853,2653 1898,2653 1942,2656 1987,2656 2032,2656 2077,2656 2122,2656 2166,2659 2211,2659 2256,2659 2301,2659 2345,2659 2390,2662 2435,2662 2480,2665 2524,2665 2569,2665 2614,2665 2659,2665 2704,2665 2748,2668"/>
                <TextEquiv>
                    <Unicode>- erst dann bequemen Sie sich zu einer direkten heusserung. Dabet</Unicode>
                </TextEquiv>
            </TextLine>
            <TextLine id="tr_2_tl_4" custom="readingOrder {index:3;}">
                <Coords points="662,2778 2645,2789 2750,2705 659,2684"/>
                <Baseline points="674,2730 719,2727 764,2727 808,2727 853,2727 898,2727 943,2730 987,2730 1032,2730 1077,2730 1122,2730 1166,2730 1211,2730 1256,2733 1301,2733 1346,2739 1390,2736 1435,2739 1480,2739 1525,2739 1569,2739 1614,2739 1659,2739 1704,2739 1748,2739 1793,2742 1838,2742 1883,2742 1928,2742 1972,2745 2017,2745 2062,2748 2107,2745 2151,2748 2196,2748 2241,2751 2286,2751 2330,2748 2375,2751 2420,2751 2465,2754 2510,2754 2554,2754 2599,2754 2644,2754 2689,2751 2733,2751 2754,2748"/>
                <TextEquiv>
                    <Unicode>jedoch wollen Sie vor mir verheimlichen, was in Ihnen vorgeht,</Unicode>
                </TextEquiv>
            </TextLine>
            <TextLine id="tr_2_tl_5" custom="readingOrder {index:4;}">
                <Coords points="654,2870 2734,2880 2731,2763 654,2776"/>
                <Baseline points="668,2814 713,2814 758,2814 802,2814 847,2817 892,2817 937,2817 981,2817 1026,2817 1071,2820 1116,2820 1160,2823 1205,2820 1250,2823 1295,2823 1340,2823 1384,2823 1429,2823 1474,2829 1519,2829 1563,2829 1608,2829 1653,2832 1698,2832 1742,2832 1787,2832 1832,2832 1877,2832 1922,2835 1966,2835 2011,2835 2056,2835 2101,2838 2145,2838 2190,2838 2235,2841 2280,2841 2324,2844 2369,2841 2414,2844 2459,2844 2504,2844 2548,2844 2593,2844 2638,2844 2683,2844 2727,2844 2739,2841"/>
                <TextEquiv>
                    <Unicode>möchten aber trotzdem als ein aufrichtiger und freimütiger Mann</Unicode>
                </TextEquiv>
            </TextLine>
            <TextLine id="tr_2_tl_6" custom="readingOrder {index:5;}">
                <Coords points="654,2907 842,2917 918,2972 1015,2949 1052,2967 1078,2951 1151,2967 1185,2946 1264,2959 1261,2870 1232,2862 1183,2878 1088,2852 926,2878 654,2870"/>
                <Baseline points="668,2903 713,2903 758,2903 802,2903 847,2906 892,2906 937,2906 981,2906 1026,2906 1071,2909 1116,2909 1160,2909 1205,2909 1250,2912 1268,2909"/>
                <TextEquiv>
                    <Unicode>por mir erscheinen.</Unicode>
                </TextEquiv>
            </TextLine>
            <TextLine id="tr_2_tl_7" custom="readingOrder {index:6;}">
                <Coords points="1313,2951 2208,2941 2360,2977 2611,2951 2611,2857 1313,2878"/>
                <Baseline points="1328,2939 1363,2945 1408,2942 1453,2942 1498,2942 1543,2942 1587,2939 1632,2939 1677,2939 1722,2939 1766,2939 1811,2939 1856,2939 1901,2939 1945,2939 1990,2939 2035,2939 2080,2939 2125,2939 2169,2939 2214,2939 2259,2939 2304,2939 2348,2936 2393,2936 2438,2939 2483,2936 2527,2936 2572,2936 2617,2936"/>
                <TextEquiv>
                    <Unicode>über dieses unverantwortliche, behütsam</Unicode>
                </TextEquiv>
            </TextLine>
            <TextLine id="tr_2_tl_8" custom="readingOrder {index:7;}">
                <Coords points="649,2980 670,2983 701,2962 725,2980 751,2967 780,2985 795,2977 808,2988 842,2985 842,2922 761,2901 746,2912 701,2909 665,2933 649,2933"/>
                <Baseline points="662,2954 707,2951 752,2951 796,2951 841,2957 850,2957"/>
                <TextEquiv>
                    <Unicode>Dinge</Unicode>
                </TextEquiv>
            </TextLine>
            <TextLine id="tr_2_tl_9" custom="readingOrder {index:8;}">
                <Coords points="965,3032 2726,3043 2724,2941 2653,2930 2438,2983 965,2959"/>
                <Baseline points="981,2993 1026,2996 1071,2999 1116,2999 1160,2999 1205,3002 1250,3002 1295,3002 1340,3005 1384,3005 1429,3002 1474,3002 1519,3005 1563,3005 1608,3008 1653,3011 1698,3011 1742,3011 1787,3014 1832,3017 1877,3014 1922,3014 1966,3020 2011,3020 2056,3023 2101,3020 2145,3020 2190,3020 2235,3023 2280,3023 2324,3023 2369,3023 2414,3023 2459,3023 2504,3026 2548,3029 2593,3026 2638,3029 2683,3029 2727,3029 2730,3029"/>
                <TextEquiv>
                    <Unicode>Und so schreiben Sie diesen Brief, der freimütig ausse-</Unicode>
                </TextEquiv>
            </TextLine>
            <TextLine id="tr_2_tl_10" custom="readingOrder {index:9;}">
                <Coords points="696,3053 761,3051 780,3066 879,3040 892,3051 1041,3051 1041,3009 926,2985 884,2993 856,2972 811,2988 759,2969 727,2980 699,2972"/>
                <Baseline points="710,3044 734,3044 778,3044 823,3044 868,3041 913,3038 958,3041 1002,3041 1047,3041"/>
                <TextEquiv>
                    <Unicode>ückversicher</Unicode>
                </TextEquiv>
            </TextLine>
            <TextLine id="tr_2_tl_11" custom="readingOrder {index:10;}">
                <Coords points="651,3119 2705,3140 2705,3048 2509,3030 651,3045"/>
                <Baseline points="665,3089 710,3086 755,3086 799,3089 844,3089 889,3091 934,3094 978,3094 1023,3091 1068,3091 1113,3091 1158,3091 1202,3089 1247,3091 1292,3094 1337,3094 1381,3097 1426,3097 1471,3094 1516,3097 1560,3100 1605,3100 1650,3100 1695,3100 1739,3103 1784,3103 1829,3106 1874,3106 1919,3106 1963,3109 2008,3109 2053,3109 2098,3109 2142,3109 2187,3112 2232,3109 2277,3112 2321,3112 2366,3115 2411,3115 2456,3118 2501,3118 2545,3118 2590,3121 2635,3121 2680,3121 2712,3118"/>
                <TextEquiv>
                    <Unicode>hen soll, geben sich als den Rechtschaffenen und Wackenens Nicht</Unicode>
                </TextEquiv>
            </TextLine>
            <TextLine id="tr_2_tl_12" custom="readingOrder {index:11;}">
                <Coords points="654,3208 2684,3252 2682,3168 2370,3134 654,3147"/>
                <Baseline points="668,3172 713,3178 758,3178 802,3181 847,3181 892,3181 937,3181 981,3181 1026,3181 1071,3181 1116,3181 1160,3181 1205,3181 1250,3181 1295,3184 1340,3184 1384,3187 1429,3187 1474,3190 1519,3190 1563,3190 1608,3193 1653,3196 1668,3202 1668,3202 1713,3205 1757,3199 1802,3205 1847,3202 1892,3202 1936,3202 1981,3202 2026,3205 2071,3202 2116,3202 2160,3202 2205,3205 2250,3205 2295,3205 2339,3205 2384,3208 2429,3208 2474,3211 2518,3214 2563,3214 2608,3214 2653,3211 2689,3208"/>
                <TextEquiv>
                    <Unicode>etwa, dass Sie keine Kritik vertragen.. Gott bevahre! Btslauf</Unicode>
                </TextEquiv>
            </TextLine>
            <TextLine id="tr_2_tl_13" custom="readingOrder {index:12;}">
                <Coords points="641,3281 1376,3383 1523,3323 2695,3359 2692,3247 2465,3218 641,3210"/>
                <Baseline points="656,3268 701,3268 746,3268 790,3271 835,3271 880,3271 925,3271 969,3271 1014,3271 1059,3271 1104,3274 1149,3274 1193,3277 1238,3274 1283,3274 1328,3277 1372,3277 1417,3277 1462,3280 1507,3280 1551,3283 1596,3285 1641,3285 1686,3288 1731,3288 1775,3288 1820,3291 1865,3291 1910,3291 1954,3291 1999,3291 2044,3291 2089,3291 2133,3294 2178,3294 2223,3294 2268,3294 2313,3297 2357,3300 2402,3309 2447,3318 2492,3321 2536,3321 2581,3315 2626,3309 2671,3303 2698,3300"/>
                <TextEquiv>
                    <Unicode>eine Stelle (ich könnte diese Stelle nennen) hat Herrn</Unicode>
                </TextEquiv>
            </TextLine>
            <TextLine id="tr_2_tl_14" custom="readingOrder {index:13;}">
                <Coords points="651,3346 699,3359 722,3336 761,3362 785,3362 869,3330 900,3357 921,3359 950,3333 989,3338 992,3294 944,3278 824,3286 798,3273 777,3286 761,3273 733,3289 722,3278 654,3273"/>
                <Baseline points="665,3324 683,3324 728,3321 772,3324 817,3324 862,3321 907,3321 952,3321 996,3321"/>
                <TextEquiv>
                    <Unicode>Sis haben:</Unicode>
                </TextEquiv>
            </TextLine>
        </TextRegion>
    </Page>
</PcGts>
