3472 3655
1780 910 2259 1024 Wien, 16. Mai 97
1229 1170 2296 1307 Lieber Arthur, gestern abend erfuhr ich
1027 1287 2249 1367 durch Jufall Ihre jetzige Adresse, und erklärte
1027 1362 2246 1434 mir saraus, weshalb Sie mir wol bis heute meut
1033 1441 2297 1521 geantwortet haben, Offenbar haben Sie meinen
1027 1492 2302 1589 Brief nicht erhalten, den ich Ihnen vor mehr als
1038 1564 2280 1653 vierzehn Tagen schrieb. Ich kam Ende April
1037 1641 2275 1713 eines Riva zurück und fand Ihre Karte und
1038 1705 2253 1802 Ihren Brief. Darauf habe ich ziemlich aus.
1043 1778 2270 1884 führlich erwiedert sind, da sie es zu wünschen.
1037 1854 2302 1943 schienen, über meine Leben und meine Arbeiten ec.
1043 1929 2307 2026 berichtet. Auf die Adresse schrieb ich, nach Ihrer An¬
1037 1986 2292 2108 gabe rue de la Bourse. Offenbar haben sie sieses
1018 2086 2249 2161 Schreiben nicht erhalten, und da ich hier mit
1022 2134 2261 2219 Niemandene verkehre, habe ich erst gestern Abend
1024 2227 2296 2308 Ihre neue Wohnung erfahren und glaube, Ihnen
1030 2299 2045 2415 Fras zur Aufklärung sagen zu müssen.
1840 2354 2092 2459 Herzlich
1894 2437 2157 2554 Satten,
