3478 3719
681 671 2329 947 verlangt hatte bis Sonntag, sondern erst
686 831 2335 1020 Ende der nächsten Woche fertig werden
713 913 2438 1114 Was jetzt zu thun ist, weiss ich nicht. Abgesehen
688 1048 2329 1213 davon, dass ich nun die Aussicht nahe hier
716 1118 2327 1292 ützen zu bleiben, und mich unbeschreiblich
716 1187 2393 1416 hangweiten, ist mir die Sache mit Rück¬
694 1238 2374 1468 sicht auf die sehr unangenehm, wie er
707 1335 2427 1568 mich auf diese Tour geprüt nach, kann
720 1453 2280 1630 ich Ihnen nicht wegen, ich habe am
718 1485 2404 1759 gangen Weg nach Ampegro daran gedacht
731 1618 2400 1847 wie schön es mir wird wir mit Ihnen
724 1688 2393 1905 Hochmals vereinzufahren. Die Parthie
752 1748 2387 2016 nach Heiligenblick und von da auf die Frau
756 1838 2365 2087 osephöhe zur Pasterze war zwar sehr sehr
767 1956 2365 2153 aber sei hat mich fürchtbar übermüdet, so
797 2033 2391 2247 dass ich heute nicht aus dem Heime ge¬
791 2102 2397 2316 Ich habe in auch nur meinem Grüder
868 2190 2402 2385 habe gemacht, weil ich vor Amperro no¬
765 2292 2430 2517 müde war, u. dann dachte ich mir, viellet
791 2391 2329 2586 Wird das Kind bis Sonntag od. Montag das
803 2502 2380 2687 eine kommen sie, und ist kann ins¬
780 2556 2395 2760 meter nach Heiligenblick. Ich bin so von
756 2652 2357 2854 der Sonne verbrannt, dan mir das ganze
780 2745 2374 3002 gericht wehr thut, und sich mir die wann
795 2875 1489 3072 vom Halse schält.
