3493 3624
1691 1070 2810 1270 jetzt wäre es mir mir von
1700 1153 2919 1354 (werth, wenn ich mit Fischer
389 1154 1581 1273 Sie wissen, son mich nicht inner¬
1692 1200 2902 1421 principiell im Reine komme;
397 1235 1519 1387 liche Gründe dazu bestimmen,
1684 1280 2877 1508 Die Manssenpli müßte ich
403 1308 1529 1434 denn in der Strimmung, in der
1724 1362 2962 1567 denn dann von ihrer aus. Ich
394 1391 1565 1534 vel jetzt int längerer pit leve,
402 1443 1481 1583 mochte ich am trebsten alles
1722 1424 2970 1640 will my, wenn ich ermal
1727 1495 2931 1722 dort vin. in Sache wovonlich
414 1499 1607 1661 vertrennen. Aber ganz äußerlich
413 1599 1578 1741 tranche ich dieses Buch gerade
1735 1634 2535 1816 betreiben können.
1360 1661 1583 1757 voor
1764 1656 2915 1897 Wenn sie glauben, dass ich
402 1699 1367 1857 jetzt, aus welen Gründen.
1360 1741 1491 1802 G.C.F.P.
1703 1735 2918 1957 recht habe, und wenn sie
410 1746 1634 1915 mir alles und vor den anderen
1724 1784 2975 2032 soweit sie nicht meiner Vovellen
416 1845 1614 2010 Ich habe meine Novellen fertig
1727 1881 2891 2100 entrinnen, denken, dass ich
433 1930 1637 2096 Heldentor, Arnterberetener - Ferent¬
1711 1970 2908 2205 es wagen Mann, dann, bitte,
430 2019 1445 2165 evertte u. Rettner. Begräbnis
1700 2067 2846 2281 sprechen sie mit Früher, —
435 2070 1586 2259 der Hund. Die Hochzeit auf dem
1697 2121 2984 2386 natürlich mir, wenn es Ihnen
449 2167 1529 2330 Lande - die Confirmandin.
456 2215 1570 2399 Wenn wir wieder in mein sind,
1737 2229 2862 2424 wust nicht unbequem ist.
467 2311 1592 2478 werde ich seinen, was sie noch
1737 2307 2865 2511 mit ihm zu reven. In
440 2361 1572 2567 nicht nennen, vorlesen. Für
1726 2408 2919 2600 der Allg. Eilg. schernen noch
