3493 3624
1511 843 1621 931 74
1738 853 2283 1013 Wien, den 21. Juli
1951 970 2088 1110 ar
1068 1071 2244 1280 Lieber Arthur, in dieser weer geht
1071 1178 2348 1358 garnichts vor, und es ist ganz gleich
1090 1231 2366 1460 giltig, ob man jetzt in zylän lebt
1098 1301 2268 1501 oder auf dem Nordcap ist.
1091 1381 2378 1576 Auf dem Nordcap ist's besser, das
1091 1433 2396 1648 est das ganze. Von Gronen Ereig¬
1093 1500 2303 1720 innen hat ich Ihnen mir in
1060 1558 2408 1810 melden den Frau Seiler-Wiltbau
1105 1623 2373 1893 plötzlich gestorven ist ferner an.
1080 1701 2306 1961 man in Ischl nächstens Ihre
1096 1783 2348 2044 Lobetei aufführen wird. Doch
1095 1860 2361 2136 Ausste Sie weiter der eine noch
1101 1936 2401 2191 der andere Unglücksfall wieder
1095 2009 2401 2298 enchüttern. Diesen Sonntag bin
1103 2094 2399 2369 ich in Ischl gewesen, wehnehr
1123 2198 2308 2461 in Aussel, wenn ich früher
1098 2286 2354 2591 gleich in der Früh mit fol. M.
