3471 3704
2062 773 2455 911 Maritry.
1667 840 1873 974 172
2124 885 2471 982 12/10 ao3
1327 849 1611 1005 Sallen
1199 927 2571 1109 Leiber, die wollte allerdings morgen lassen, bin
1190 1045 2576 1195 aber w in Anspruch genommen, dass rets ver¬
1204 1111 2588 1277 Verhand auf Freitag wissen muß, wovon die
1208 1157 2531 1334 H. heute verständigt meine. Ich müßte das
1211 1228 2588 1405 gehen gestern, samt hätte ich Ihnen gestern
1216 1317 2566 1474 geschrieben. Geme kommen mir zu thuen,
1209 1351 2561 1521 wenn sie wir einen Tag michlagen, aber
1202 1428 2585 1596 sas man einander einsgleitet, hat andere Ur¬
1213 1476 2600 1660 sachen. Denn nieweit ich sehr beschüftigt bin.
1214 1528 2557 1719 hände ich doch zeit genug, an dem Verkeur
1214 1590 2609 1797 des alten Kreines Theol zu nehmen. Dieser geht je:
1216 1661 2571 1845 Noch seit langen ohne mich vor, wch, Was
1223 1712 2571 1904 Sie heute nicht ersten man bemerken, und als
1228 1771 2580 1956 hölfst ärgertoth bezeichnen, dass höchst den vor
1232 1826 2604 2030 oft und oft constatirt, dan der schon auf¬
1232 1909 2583 2110 gehört habe, es zu besachten. So wenig von
1239 1946 2630 2152 das herbeigeführt habe, es wenig innere und
1234 2022 2597 2193 eintere Ergnung beirke ich, das heute nach
1246 2056 2623 2292 zu ändern. Es hällt mir auch nicht im Min¬
1256 2121 2626 2318 desten ein, den Dinge zu einer abgehrt nütz¬
1246 2181 2633 2372 ersten Discursiren gar stellen, und bitte sie einst¬
1247 2251 2562 2443 lille Tarmi abzusepen. Nur witte alle Ihre
1254 2318 2594 2512 Bemerkung mit einer ähnlichen zurückrein
1246 2360 2613 2578 müssen, und das erschernd nur wenigtere,
1256 2439 2587 2613 wert es mernereits nicht aufsichtig mir,
1256 2502 2618 2673 So hat ihr Thüm wer gleich gesagt, wie
1260 2561 2550 2741 oder seit ernungen denke, ohne damit
1261 2600 2590 2815 das geringste zu bezwecken. Beden wolft ja
1272 2689 2594 2852 in welchen Fröllen nochts; - es besucht nur
1263 2722 2587 2923 Mollvorbesten. Und alle hätte, wenn
1268 2788 2599 2976 Ich nicht Tädtisch die Situation selbst verter.
1280 2869 2576 3053 im mecklaren gelaßen witte, weder mein
1287 2975 1958 3113 weiter nichts gesagt.
2228 2949 2327 3087 P.
