3166 3671
1637 447 1831 575 4.
546 617 2621 748 digen und Klugreden zu halten, - an mir, der beständig seine Haut
1195 727 1381 798 au gld
1621 721 1714 788 51e
1756 727 2049 796 toutes les
530 719 1139 852 zum Markte trägt.
596 814 753 897 eben
841 822 2621 929 Sie sprechen von d ner politisierenden Absicht, und sa¬
543 897 2643 1033 gen dann: „Wenn irgendver Ihnen geraten hat, diesen Artikel zu pub-
524 1003 2563 1110 lizieren u.s.». Sie haben also die Ansicht, dass man - ehe man
530 1083 2643 1227 sein Urteil publiziert, - sich dazu raten oder davon abraten lässt
522 1184 2573 1288 Sie haben die Anschauung, dass man sich gemeinschaftlich darüber
532 1272 2645 1408 einigt, etwa grup enweise oder durch Klüngelinteressen zusammenge¬
522 1392 2573 1488 führt, darüber berät, ob es "klug" oder "unklug" ist, diese oder
524 1464 2637 1610 jene Ansicht zu publizieren, kurz, dass man hier nach einer gewis-
516 1554 1900 1674 sen gemeinsam beschlossenen Taktikworgeht.
836 1639 2571 1756 Ich habe von jeher meine Kritiken veröffentlicht, ohne
511 1746 2611 1855 sie vorher irgend einem Menschen zu zeigen, auch ohne zu bedenken,
519 1828 2621 1977 ob mir das, pas ich sage, Freunde oder Feinde, Nutzen oder Schaden
1711 1924 1807 1977 G.C.F.P.
593 1924 764 1993 d'etend
865 1921 963 1977 dire
1128 1924 1240 1975 chez
511 1924 2589 2036 bringt, habe von jeher dieses Verjahren - wenn man nur seine auf¬
2403 2012 2547 2073 tiers
514 2009 2619 2148 richtige Ueberzeugung sagt - für das einzig mögliche gehalten, und
508 2102 2635 2249 stehe nun voll Erstaunen vor einer Denkweise, die mir übrigens sehr
1967 2196 2310 2281 Ich bin x
2387 2198 2494 2259 G.F.S.
508 2196 1985 2353 viel Licht über Ihren ganzen Brief verbreitet.
2023 2265 2142 2345 hied
814 2273 2616 2392 Sehen Sie, lieber Herr Heimann, aus diesem Schluss Ihres
612 2347 876 2467 schreiben
500 2382 2600 2531 Briefes, aus Ihren Worten, die Sie im Vollton bedauernder Wohlmei¬
1448 2472 1727 2539 was
958 2480 1043 2536 last
498 2470 2584 2587 nung aussprechen, raucht mir xxx entgegen, was mir zuwider ist.
1709 2563 2118 2629 heaterskanden
1083 2571 1264 2627 G.H.F.P.
769 2573 1022 2643 ch hätte
490 2560 2573 2699 Hier haben Sie sich ganz unwillkürlich etwas entschlüpfen lassen,
1828 2656 1985 2714 eu me
1445 2659 1637 2722 childer
1198 2661 1309 2720 eine
905 2667 1144 2728 aanstand
506 2699 2635 2802 und Ihr Brief wird dadurch auf einmal zu einem Dokument gestempelt.
1458 2746 2188 2813 geben Sie sich nicht xxx
910 2754 1134 2810 Damit d
822 2784 2613 2901 Sie durften sich's - pielleicht - erlauben und von einer
2206 2832 2528 2893 Geschrieben
1775 2834 2132 2903 ansehaulich
1301 2842 1466 2898 datt
1522 2845 1682 2903 schön
559 2810 1025 2919 müssen noch schon
498 2853 2640 2978 Unklugheit sprechen, wenn Sie es nämlich annehmen, dass es ein Ziel
2137 2919 2608 2986 tzen und hoffen
1669 2933 2031 2991 rungssichen
1190 2938 1442 3007 ste unter
498 2981 2592 3079 des Klugen sein muss, mit seiner Neinung einflussreichen Personen
1349 3031 1477 3095 effe
500 3076 2616 3164 zu gefallen. Aber Sie durften nicht - auch nicht vermutungsweise -
1996 3111 2092 3172 Ce
2235 3111 2353 3180 in 0
1222 3116 1921 3199 wertvollsten sind und.
498 3127 2576 3289 von einer Unredlichkeit sprechen. In meinem ganzen Leben, in mei-
2262 3196 2645 3292 xxxn kann.
1253 3209 1818 3300 echen zu lassen,
