3462 3704
1228 867 1898 1036 115 Teplitz, 6. Mai 99
900 1268 2022 1432 lieber Freund, ich nehme an, dass die
884 1395 2030 1561 Telegramme om huite, mi vu sending
884 1471 2059 1631 an den Magistrat von Ihnen hernühren
876 1577 2034 1735 und Sanke Umen sehr herzeich dafür.
872 1677 2065 1832 Ich wüßte wirklich nichte, dann der Termin
878 1797 1997 1987 w. kurz gestalt ist, sonst hatte ich
881 1884 2038 2065 mir die Sache vorher geordnet. Über¬
885 2003 1973 2179 kompt habe ich mich erst vor ein
885 2092 2033 2299 paar Tagen zu Teplitz entschlossen,
885 2199 1964 2387 und schrieb Ihnen verhält von
897 2342 2022 2535 merner Abreise hin: „Dresden“, wie
906 2458 2052 2660 ich es allen gerangt hatte. Ich hatte
