3481 3703
1721 908 2142 1043 den 12. März ⵛⵔ.
1461 965 1589 1046 150
1089 1306 2240 1409 Lieber - mit der Zeit“ bin ich noch lange nicht
1063 1396 2258 1549 fertig, und in ernsten Verhandlungen eben wegen
1069 1516 2180 1629 der Fruckelon redaction. Diese Unterhandlungen
1076 1596 2228 1696 werden voraussichtlich. — Da sie ein negatives
1073 1675 2222 1788 Resultät während der erstere Unterredungen und
1069 1782 2207 1905 hatten – bis gegen Ende April dauern, und
1069 1830 2262 2002 läßt ich heute trotz alledem ihr Ausgang nicht
2278 1865 2382 1977 G.F.P.
1055 1934 2186 2103 einmal annähemd voraussagen. Sollte aber
1069 2026 2217 2185 irgend ein Ergebnis früher eintreten. Sann theile
1078 2121 2244 2264 ich es Ihnen gewiss sogleich mit. Im Übrigen
1094 2198 2255 2342 -ich braüche das was nicht zu sagere - nach diese
1072 2292 2191 2434 Mittheilung Sie in keiner Weise beeinschissen.
1064 2393 2210 2528 Ich bin seit heute außer Bett, gehe morgen ins Burg.
1070 2479 2194 2613 Theater und möchte Sie jedenfalls bald gerne
1079 2547 2222 2702 sprechen. Kann aber abends nicht ausgehen,
1086 2640 2247 2760 Vielleicht entschließen sie nicht. Dieser Tage nach
