3492 3720
692 817 827 904 G.H.F.P.
937 755 1042 901 G.F.P.
583 877 674 957 G.P.
1640 969 2612 1105 Ich möchte noch sagen, dem ich
1620 1048 2716 1194 jeden Vorschläng acceptire es sei denn
443 1017 1571 1162 würde ich über Knona nach Venedig]
1630 1109 2699 1258 Schweiz, was mir vielleicht zu theuer.
448 1118 1492 1292 Jedessoch bitte ich Sie, mir gleich
1623 1168 2649 1327 wäre (und dan ich daraufsichtlich
1626 1236 2718 1408 eine Abhaltung mehr höchsen werde.
461 1211 1568 1416 Nachricht Tann bei zu geben und
445 1307 1583 1469 nur besonders Ort der Zusammen¬
1685 1339 2729 1502 tat mein Brief mit Anschluß an
451 1388 1589 1593 kunft und hat der Rad zur an¬
1632 1442 2257 1604 mayer Sie erreicht.
1866 1452 2731 1676 Bitte, schreiben Sie bald.
469 1474 1577 1721 zu geben, möglichst genau, weil
448 1576 1609 1814 ich mir danach meine Eisenbahn¬
2282 1597 2616 1726 begleichst
2508 1653 2764 1787 Hr. Salten
459 1672 1507 1903 hörte bestellen muß. Ich habe die
455 1741 1561 2012 Karte bis Blüdenz bei mir, aber
449 1906 1558 2109 10 muß jedesseits noch andere
1345 1992 1482 2094 rete
455 2006 1286 2237 Kasten und Wien verschreiben.
464 2055 1535 2305 denke: 4 Innsbruck. Als Trest
465 2190 1590 2399 - Wien, der auch anders, dass hängt
484 2285 1590 2501 dann eben ganz von der Tour ab.
