3462 3704
1582 880 1968 1007 Wien, 4. Mai 99
1151 887 1283 999 114
859 1247 2152 1427 Lieber Freund, von Hirschfeld höre ich eben, dann sie
839 1316 2165 1528 hier sind. Sch schrift Ihnen nach Berlin – haben
844 1404 2137 1629 Sie meinen Brief bekommen? Meiste Abend
848 1513 2173 1708 verreise ich auf ein paar Tage, nach overden.
846 1595 2129 1792 Ich sage Ihnen bald noch näheres darüber. Wenn
849 1679 2175 1872 ich wiederkomme, such sehr bei gleich auf. Inzwischen
851 1826 1560 1978 grüßte ich ach die herzlichst.
1521 1858 1831 2012 Thr Salz
926 1987 2168 2185 Ich bin sehr verstimmt und sehr, uhr nervös.
