4600 3642
1747 837 1996 1024 Salte
2256 937 2418 1046 251
2739 1012 2901 1080 GRADO
1812 1038 2138 1129 VILLA BAUER
2688 1058 2968 1122 KÜSTENLAND
2708 1107 3031 1205 29.11.09
1762 1419 1900 1522 Lieber
1910 1466 3056 1566 wir sind heute aus Venedig zurückgekommen, und ich finde Ihren
1731 1544 3066 1601 Brief vom 22. Das letzte, was mir könntz sagte, war eine zwei Tage vor meiner ab¬
1736 1591 3093 1639 reix. und da meinte er, er wolle es seines Frau überlassen, im Dezember darüber
1731 1628 3081 1681 zu verfügen. Derhalb glaube eine, die Zeitungsnotiz dürfte eines gang sämmen¬
1740 1672 3064 1726 Aug schmid es mir unter unterschiedlich, das Kainz, müde nie er jetzt ist, sie
1731 1704 3080 1760 in den Ferien und der "Auflösung des kaundandes" begeben mit. Es müßte
1725 1762 3017 1816 dem inzwischen seine Frau irgend etwas veranlaßt haben. Aber auch
1733 1782 3078 1846 das halte ich nicht für wahrscheinig. Seite es dienstig der Tage sein, darin bezweit
1731 1824 3064 1883 es nicht nur mit auf den Pomme, wenn die Wohnung geräumt und, Herrn
1728 1871 3066 1924 Sie wollen, frage ich direkt bei Frau König etc. Sichtung und sie mir dann
1723 1895 3063 1976 gegen den 7. d. 8. Juli Benhut geben, sobald sie mit ihm zusammenkrifft.
1733 1936 3061 2001 vor die schreiben ihm ein paat Zeilen. Ich kurze jetzt voraussichtsten bis
1725 1969 3029 2030 15. Juli schundenbrochen hier. In Venedig war es sehr schön, und den
1725 2001 3066 2076 Eide fanden mir in allen Verhältnissen, Strand, Bad, Capanne, u. eine
1716 2033 3068 2103 in die Kompardables, dass wir nächsten Jahr viel einzelnen worden, hatte
1728 2081 3071 2155 mir nieder aus Meer patten. Den Kindern ist urer bis jetzt und verkaufen
1720 2128 3061 2185 sehr viel. Sie heilen nichts von den Klerlin übeln bekommen, die für
1721 2133 3073 2226 genütig gesetzt worden. Ich hatte den Spinnenbrand war Fieber, aber
1728 2190 3031 2268 das Fieber war von der Erkältung, die sich und her kränkte. Und jetzt
1725 2236 3046 2295 ist auch das längst verbre. Ich häute mich nur an Nase, annen
1721 2260 3014 2342 und Bernen mit ein malch. Alles gute für die, Frau Olga u. Himi!
2217 2312 2904 2395 viele herzliche Grüsse von uns zu Stunden
2693 2351 2956 2433 Ihr Salter
