4504 3513
2402 585 2813 678 Berghof, 77.8.28
1652 822 2882 990 Zieber, viehne Dank für Ihre Karte. Es geht uns allen
1646 938 2907 1048 ganz gut. Ich bin seit drei Wochen da und faullungen.
1647 1021 2865 1125 kann sie sich das beilügende kleine Buch gefallen.
1652 1073 2901 1216 Und wenn es irgend gelich. - über es ginge genicht! —
1658 1151 2874 1279 kommen Sie doch jetzt. Da sie so nahe sind, auf
1661 1233 2838 1379 der Herrnfahrt wenigstens für ein paar Tage zu
1669 1318 2915 1462 uns. Wir würden nur alle so schr. mit Ihnen
1677 1467 1857 1551 freien.
2243 1481 2863 1610 Verstückes M. Ballin
2397 1548 2519 1608 le Dres
