3149 3671
1214 562 2479 748 BRIET DESland MORITZ HEIMANN AN MICH.
990 736 2629 898 Auf Ihren Brief hätte ich Ihnen gleich geantwortet,
674 875 2619 975 und wohl auch ohne einen solchen Ihnen geschrieben, wenn mir
674 942 2721 1054 das Schreiben eines Briefes zur Zeit nicht so arg zusetzte. Man
685 1064 2718 1143 hat Sie nicht falsch berichtet, aber ich nehme an, dass man Ihnen
690 1127 2665 1255 auch den Grund dessen gesagt hat, was Sie meinen Groll nennen:
682 1237 2665 1341 es ist Ihr Aufsatz über Hauptmann in der “Zeit”, die Ergänzung
687 1326 2670 1428 in der Schaubüne bestätigt mir nur den Eindruck davon.Dass Sie
685 1420 2708 1540 ihn schrieben und wie Sie ihn schrieben! Diese schlecht verheil
685 1486 2621 1603 te Freude, diese jolsche Gerechtigkeit, dieser Demaskierung -
682 1601 2632 1700 mit einem Wort - des kaltherzig berechnet leidenschaftlichen,
682 1672 2644 1779 des politisierenden Journalismus,- alles dies hat mich bis in
682 1769 2667 1876 den Grund empört. Sie langen damit an, die gereignisse der Pre¬
687 1876 2695 1972 niere zu beschreiben, und schön, anschaulich, mit aller wünsche
685 1932 2667 2041 werten „Poesie“ zu schreiben und sind gar nicht dabei gewesen,
733 2041 2703 2145 Ihre Freunde werden Ihnen, gefragt, sagen können, wie sich da
682 2112 2642 2229 macht. Doch ich will und kann mich nicht auf die Einzelheiten
682 2214 2703 2336 einlassen und ich hoffe, dass auch Ihnen daran nichts liegt. Ich
677 2331 2637 2415 debattiere auch nicht mit Ihnen über Hauptmann und sein Werk,
682 2395 2601 2502 ich habe in dem Artikel Sie gelesen und das hat mich erregt:
685 2492 2700 2598 der Aufsatz von Kerr hat meinen Beifall gehabt (bis auf eine 1
674 2586 2545 2688 Stelle) auch das soll Ihnen sagen, was der Ihre mir gesagt
677 2667 1140 2812 und getan hat.
990 2733 2682 2861 Lassen Sie mich glauben, dass Sie nur eine Unklugheit
674 2858 2660 2973 getan haben; aber es wäre nicht das erstemal, dass eine Unklug
677 2932 2642 3057 heit auch eine Unredlichkeit sein kann. Wenn irgend wer Ihnen
677 3031 2604 3156 geraten hat, den Aufsatz zu publizieren, oder auch nur nicht
677 3102 2560 3232 abgeraten hat, der hat Ihnen übel gedient, übler als ich in
1916 3209 2380 3354 Moritz Heimann
674 3214 1369 3362 in diesem Augenblick.
