4536 3497
1462 416 1643 485 daß ich mir
1206 407 1404 498 Von kommen
990 462 1645 555 so ganz Mittel, ganz einsam und das be¬
821 524 1646 622 wenn man sich’s klar wernt, was jetzt gemein und
740 586 1615 657 müsse man verpreisete. Wir dran glaubt, die alles
363 607 555 677 mm es gern
413 614 1682 731 terbien, in eigentlig zu bereiden. Denn es hat doch etwas, nur kein Neu¬
352 686 1711 779 führt seines zu fübern. Vielleicht ist er gut, dan dieser König wen jetzt ausgesuchten
387 766 1720 840 Gud: für unsere Söhne, das gering hätig und exristück gedannt sein, aber
387 801 1709 892 heute es kann. Bew. Hofmann sind hier in Wüssenberg. Ich glaube, sie sind seil fast die
464 855 1689 964 bis schon um sich zusammen. Lassen sie mich reiffen, sie es bei Herrn verl. Vieh
512 925 1225 1034 da um den in beide uns die Kinder.
882 1073 1116 1197 Antriche
451 1082 579 1186 P
1114 1160 1202 1217 van
620 1119 718 1251 de
664 1273 764 1400 8
1360 1306 1463 1441 O
660 1367 810 1482 chez les
871 1450 1042 1565 Herrn u. Tr.
1175 1463 1354 1587 Thür Sch
1439 1486 1561 1585 1
516 1672 575 1765 A =
681 1628 777 1772 13
440 1665 549 1796 beaucoup
1103 1709 1371 1830 Wien
1376 1787 1458 1844 Zum
953 1809 1556 1920 XVIII. Sterntraste shasse 71
185 2083 757 2189 HAMBURG-AMERIXA-LINIE
388 2153 549 2192 An Bord des
198 2164 755 2244 Vierschrauben - Turbinen - Schnellpostdampfers
257 2211 666 2279 „VATERAND“
183 2261 474 2342 den 14.7.14.
133 2322 740 2422 Nun sind uns vor aus zur See. Wir
120 2398 749 2485 Johann an einer Kunde. Krigen
120 2462 760 2542 ein Seukrängern aus, fahren von
820 2460 1460 2570 Herrn u. Frau Dr. Arthur Schnitzler.
113 2514 755 2601 dort nach London u. Paris. Viehe
128 2568 781 2668 herzliche Grüße und Reisemüssche
118 2629 768 2744 Gönne von uns zu immer. Sei
807 2623 990 2725 P.
564 2688 796 2799 Feby Satten
1149 2703 1297 2825 Wien
1018 2777 1123 2825 G.H.P.
1362 2760 1473 2856 P
166 2745 670 2899 herzliche Grüße
973 2845 1504 2953 XονII. Sternwärtestraße 71
518 2805 803 2945 Schlüssel
124 2897 464 2995 Speisesaal I. Klasse
102 3280 215 3389 B.F.P
2662 355 2756 437 10V
2978 363 3154 437 welche
2477 450 3126 601 Herrn u. Frau Dr. Arthur Schnitzler
2022 546 2115 660 P.
2721 664 2801 762 P.
3090 683 3219 781 le
2825 755 2956 864 Wien
2583 864 3199 1006 XIII. Steinhoute Frasse 71
2799 1054 3145 1180 Berghof, 2, X, 12
1846 1206 2305 1360 Verehrte, siebe Frau Olga.
2301 1260 3317 1384 victen Dank für Einen erben Beig und für Ächtnis karten.
1835 1367 3313 1456 Wir haben eine gründig unenträge Zeit noch mich ganz leider muss. Wollst aus Oresten
1843 1434 3312 1517 und drei Urten lang bei uns gewesen und mit haben uns sehr mit seiner geschrieb¬
1833 1487 3304 1574 Wir konnten mit deshalb zu keinem ganzen Behagen kommen, weil es hat unaufhörtig
1828 1576 3310 1641 gerignes nach. und viel öli und ihrer gemündnis und ganz in ordnung war.
1835 1611 3310 1689 wenn ich sie zur Mittwoch in wien, ein Sanatorium "Hera" und was am Donner¬
1835 1685 3280 1770 tay eine meine Opnadinne überwanden. Es ist alles sehr gut gegangen: wie
1844 1743 3319 1820 befindes sich wäre viel böser und es ist möglich, dass die übermorgen oder Denners¬
1835 1811 3267 1904 tag schon nieder mich sein nied. Bei allerne - angenehme ich sonas ja nie¬
1828 1872 3297 1957 wider für Öster, die allein, aus dem Hübensmädchen Vergleichs in Hrensein
1835 1930 3308 2018 muß, noch für mich, der mir mit dorten und wird einen nichtliches Für¬
1828 2002 3312 2105 sie tüm kann. Vollleicht haben wir hier noch ein paar Wochen Zeit. Fandil
2886 2109 3160 2248 Bughof, 2.X.12
1942 2351 2076 2448 Zower.
2081 2392 3324 2522 ich hoffe sehr, den Reinhants Minkel vorgeält aufgehört ist, und das
1911 2498 3312 2575 mich alles nichts dazu genügt. Die Euchwirtschaft leicht in Wien zu armen. Wenn
1920 2553 3310 2620 Öffl. unter da und der Beigleit oblieger zuwerden ist, möchte ich noch gerne noch
1915 2616 3330 2688 ein paar Wochen u rührer arbeiten. Das seyn sie zum Bürgkneuter? Der arme
1922 2668 3282 2751 Bürger lut mir leid, aber ich kann mir nicht hilfen – wenn auch in
1926 2745 3302 2812 Finsia oftmals besser ist als den Sterben. Hier hat das Tod doch einen
1922 2788 3295 2869 an sich wäre wird übermäßig zu neuen Wünchen ver sehr ungänz¬
1935 2871 2966 2945 lichen und Säuschungen benannt. Könnten wir großen.
3112 2853 3286 2927 und sogar
1922 2916 2866 3021 Rudorf Röthner bekommen, dann wäre die wissen¬
2705 3001 2862 3086 mallens.
1922 2993 2372 3104 güter mündlicher und
1946 3077 2276 3175 Aber das Um vor.
