4178 3703
2092 1143 3534 1280 zu sein, dass er aber freilich. gausserndank, nur so anschuti¬
602 1168 1969 1280 die sich die Mänpten, aufgeweyen. Ich könnte z. B. die
2088 1244 3494 1323 ches Geld verdient hat. Tass ich - treffendlich. Für alle zu¬
606 1291 1991 1367 Berliner u. Wiener Theater zusammen überschauen und
2081 1291 3523 1385 kauft derorge um ihn nur um meine Familie ent¬
602 1313 2045 1424 besprechen. Würde bei allen nichtigen Aufführungen / an
2088 1345 3494 1432 netzen bin. Wie viel er bringt, weiss ich nicht, weis nur,
2088 1414 3476 1507 dass er mit seiner Frau sechs Wochen in England war
606 1417 2023 1497 die Prumere bin ich ja nicht gebünden) in Berlin sein.
2092 1464 3448 1569 der um 20.000 Kranen Schönuck gekauft hat. für
602 1482 2023 1562 Könnte deutsche und österreich siche Kultur- und Gesell¬
2081 1515 3476 1626 meine Mann alles Erdenkliche trit, und meiner sel.
599 1558 2038 1641 schafte Kritik zusammen trüben, was dem Blatte ebenso
2092 1572 3498 1673 Schwester wie meinem Papa ein Maßbares Grabmann¬
595 1623 2020 1699 wie meiner Stellung eines ganz besonderes gäbe. Hier
2081 1637 3473 1738 ment hat erwenden lassen, dass er bei assidene nach
591 1662 2001 1781 denn – binnen kurzem – ein Thümwechsel in Psterreich
2088 1684 3502 1792 weit von einer millen entfernen, was bei alledem von
606 1738 2020 1854 alles Interesse erregt, wär’s für eine solche Wochenweinig¬
2092 1760 3437 1872 seinem Glück gnadexer untauchstisch geworden ist,
606 1792 1987 1900 eine ganz einzige Conjunctur. Ganz abgesehen daran
2092 1814 3433 1933 weil der Papa jahrelang darauf gewartet hat, und
591 1850 2041 1973 dass in, als in Wren lebend, nicht mehr unter der Fuchtel
2142 1879 3083 1998 genau zwei Wochen zu früh stärk.
602 1937 2020 2038 der patrkirchen Potizei in Preussen, die ärger in als man
2081 1904 3512 2045 Ich hatte im Mai eine heftige Nierenkolik. Eurémal an
2081 2001 3523 2102 reise Aufeinanderfolgenden Seyen. Bettam zweimal Mar¬
606 1991 2016 2131 glaubt, und nicht mehr unter der Ausweisungsge
2077 2045 3469 2171 phium, beidemale mit einer unreinen Spritze oder
606 2070 1111 2167 fahr essen müsste.
2077 2106 3523 2203 mit einer mangechaft gekochten läsung. Umnte davon
602 2088 2027 2236 Hauben sie, dass mein Wiedereinsmit in die Zeit für mir
2084 2157 3494 2279 fünf Tage lang rasende Schmerzen leiden, und am Ende
609 2207 1962 2308 zur wäre? Dann man mich dort braucht, sehe ich, und
2081 2214 3484 2333 früh sein, dass nicht Schlimmeres zuchah. Dabei weiß
602 2254 1987 2358 von die „Zeit“ jetzt ihre literarische Stimme eingebührt wird,
2081 2283 3502 2402 die trotz zweier Ärzte nicht, daß ich den uierenstim habe.
599 2312 2005 2456 kann ich nach, ohne Ihrem Freund Bauer aller uarrecht
2081 2348 3184 2459 oder ob es nur eine atzule Sache gewesen ist.
2092 2355 3509 2510 Otte und die Kinder sind heil sind frisch in Bausin, dessen
617 2416 1042 2517 zu mein. sagen.
609 2477 3509 2629 Verhandlung eine umfassende Erreuerklärung abgegeben müdige Gesellschaft mir als der Gewinn alles Grausen-
617 2420 1951 2553 Von würdigen Dingen: das Herr Fredegg knapp vor der
2070 2528 3476 2625 haften geschildert wird. Ich gehe am 15. Juli zu ihnen.
2081 2568 3527 2679 dann netten wir immer, uillereht sogar mit den Kindern.
613 2589 2038 2690 hat. Dass der Ludany-Prozus vertagt ist. Denn mein
2077 2647 3444 2770 per Schiff nach Expennagen, um wir um sehen
609 2654 2034 2806 Bruder leider weit davon entfernt ist, ein Millionär
