3707 3688
1338 387 1642 506 Votre très bien de l'auteur.
1777 435 1855 515 1
1004 849 2766 965 durch und durch versprüchtes Lüder einen monatetang zwischen seinen Frigern
990 929 2750 1018 halten darf; Ma, sie haben mich einmal erben „güten Wasser“ genannt.
990 940 2827 1075 nieur genug mit Recht, dem ich habe mir bisher noch ein an Jemandem gewicht.
995 1025 2784 1121 aber diesmal, nicht von mir den Titel verdienen. So oder so. Und wenn nur der
1002 1055 2807 1199 Pragen endurch anberaumend wird - rth. nach mor’s genau überlegt - zu tue nichts,
1006 1123 2752 1228 um ihm hinwirzuschrifen, dann will ich dafür lärgen, aus Dennial der ange¬
1011 1199 1848 1288 Klage wirkerk angeklagter sein sek.
1002 1231 2784 1336 rührigens, laßen wir das. Es grüß, geänderdank, unsere Menschen. Z.B. Beer-Kofmann,
1006 1270 2738 1391 nicht wahr? Wie finden sie es, van er mir bis heute einen, keine Zeile schwek,
1006 1318 2795 1446 keine Karte, nicht! Dabei bin von dach nicht einfach nur verreist, bin zu erner
1016 1366 2798 1498 Lebensepache, in der es nicht ganz rümmig ist, die Festigkeit gewisser Begrüniss
1011 1409 2804 1556 qui zu spüren, soin in einer schiätien, in der es vielleicht sogar tröstlich, jedmptte
1000 1471 2798 1592 aber animirend sein Name, von Freunden was zu hören. Dabei hat ich, mitten
1013 1517 2816 1649 im Übersiedlungsrümmel, im Fieber der neuen Stellung, in der heraus, des Holz¬
1011 1565 2756 1686 wohnens an B=H. guchrieben, als ich sein Mozard Furthum las (auch dazu halte von
1006 1613 2752 1745 Zeit gefunden) dabei hatte ich noch ein gerichtsmal an ihm eine Karte geschrieben
1002 1663 2736 1793 Dabei hat 5m an Frau Beer-Kopmann geschrieben. Und nichts. Nett, nicht
993 1700 2729 1846 wahr r., wenn dann die „besseren Meuchen“ ist ausschm. Ich hoffe, vom sie
1000 1736 2759 1894 mich so sehr arg nicht nicht verstehen, und für Empfindlienkeit oder gar für
1006 1812 2768 1942 Beterdigtsein nehmen, was wir ein ganz mares abrahmen ist. Bei diesem
1002 1878 2798 2006 Abrechnen hier alle mildenden Umstande, alle psychologischen Mogersch¬
993 1915 2800 2059 gleiten nachfühlenden Begreifen schon in Anschlag gebracht, mit dem Resul¬
995 1976 2779 2118 tät i man kann immer eine Karte schreiben. eine Zeile! Ich meine, dieses
1002 2031 2718 2182 ist jemis von Empfindlimker und Behidigkein. Es ist ganz, ganz was
993 2093 2745 2223 anteres! Das alles unter uns nur in vestrauren. Ich muß mich über diese Sache
993 2130 2752 2285 ausprechen, hab es gestern an Kostenannschal gethan, wir und es heute an Sie
990 2196 2718 2352 Denn es ganz infach vnd werthos möchte ich diese neueste Erfahrung nicht
1002 2244 2784 2400 „In den übrigen legen.“ Woll aber keine Diskussion mit B.M., weil die Sache
995 2306 2718 2438 absolut und äskurmbar, was für mich erledigt es. Wort auch nicht, wenn
997 2368 2532 2489 dritte Personen darin wissen, weil.. weil ich morg schäme!
988 2416 2724 2560 Wenn die Kürz, die rue gebräuche (Kahlensäure Bruder und Vibrations-Manage) vorbei
995 2470 2754 2603 ist, wenn es witterig Frühling geworden, frünge ich glerer mit einer arbeitung
981 2507 2724 2663 Das dort so gut an Berlin, dass man nur nur am Arbeiten wurde hat,
970 2569 2736 2724 an nicht anderem. Urmd am Spazierungschen, nicht an Landparthien
963 2626 2770 2770 nicht an gemüssenem Schurálz vor nicht an irgend welchen anderen Freund.
979 2683 2734 2818 lichen aber zertrautenden Tingen. Maß muß immer arbeiten, den
979 2743 2544 2889 ganzen Tag arbeiten, wenn man wie wol fühlen wolte.
