3462 3656
1492 934 1624 1049 68
1783 939 2147 1085 Samstag
2021 1073 2199 1194 8/2
2220 1098 2359 1240 e6
1114 1208 2364 1371 Lieber Freund, Nachtredacteur beim
1079 1300 2266 1450 Mögln Wiener Tagblatt ist ein Herr
1106 1361 2262 1548 Sigmund Hahn, von dem ich aber
1721 1417 2301 1562 Berlin hat mir.
1104 1476 1699 1619 garnichts weiss.
1089 1498 2295 1661 rile Freude gemacht, - das war sehr
1095 1557 2263 1740 hübsch und hat hier gut gewirkt.
1096 1605 2317 1801 Ludafey verhält mich zu einer Revue¬
1090 1661 2314 1855 über Ihre Bertnur u. Frankfrister
1112 1731 2359 1941 erfolge, - wenn die Leute was reden,
1095 1795 2370 1989 schilb ich es ihm auch zu. Frühdem
1109 1866 2316 2066 und wir eine Arque, glauben sie
1111 1932 2395 2129 bei Fritz Mauthner wirklich an Lothar?
1112 2019 2309 2207 In Olmitz haben Sie einen großen
1108 2077 2375 2303 Erfolg gegabt, - wird mir sie weder
1109 2121 2356 2368 in Brünn noch in Preig gewesen,
1130 2203 2357 2426 das Mährische Tagblatt heb'ich
1136 2274 2281 2507 genen auf, — die Kritik ist
1253 2427 2402 2642 Hier ist ein minderichines Frühlings¬
1122 2474 1482 2576 Köstlerk
1170 2529 2402 2709 wetter, das alle guten Vorsätze hervor
