4519 3575
2712 104 2807 183 P.P.
1053 249 1138 328 G.F.P
1059 312 1144 375 P.
1229 337 1327 430 P.P.
2892 282 2993 435 P.
1825 408 1959 525 P.S.
1945 438 2036 517 P.P.
3658 468 3776 558 G.F.P
3242 484 3363 572 G.F.P
1962 503 2063 572 G.C.P.
3464 503 3601 575 G.C.F.P.
2479 514 2569 583 Votre très-
2055 558 2315 651 längst klagen
1601 566 2003 646 achtstimmen: Konezni,
2777 583 3084 659 fürstendamm
2052 575 3330 676 „Ick dachte, er wird einmal mein Mannl Dein in der Tile=Bordenberg=
1538 627 2017 673 Roswaenge (ganz große
2044 654 2753 706 wäre det wat anderet jawesen. Da nimmt man
629 648 2000 725 Gerdis Entwicklung höchst charakteristischer / Klasse geworden), Bist (wenn auch etwas indis¬
2791 676 3338 725 92 158, in der Bayernallee in
1261 690 2750 731 poniert — was tut das?). Auch mit den Neben= | sowat in Kauf. Aber jetzt hat er son Mädchen
512 698 2000 774 Fall! Den Klippen der Banakität will er bewußt | rollen kann die Staatsoper aus dem Vollen
2783 709 3483 763 burg LA 87 663, in Nikolassee LA 247
2025 733 3491 791 aus die Kneipe befunden, und da hab ich alle Hoff¬ in der Trautenaustraße in Witmersd
487 752 1237 791 entgehen, die dramatisch beredten Melodien be¬
2025 766 2271 810 nung verloren.“
1270 766 2000 813 schöpfen. Herrgott, war das ein Wohlklang, eine
2022 794 3470 837 „Det Mädchen jede ick zu. Aber wen ich heirate. IA 53 682, im Lunapark LA 80528 und in
460 774 1902 848 kommen trotz Anklängen etwas Gepflegteres; da¬
2780 815 3464 854 Meinekestraße in Charlottenburg ein
1893 807 2758 895 dadruff habe ick mir noch nich entschieden. Mal
490 813 1234 859 bei werden die „billigen“ Begleitungsformeln noch
2036 859 3516 906 sehen, wie der Prozeß ausseht. Ueberhaupt, Herr / vatanto mit rotem Probefahrtkennzeichen — Hr.
487 859 1242 897 nicht überwunden. Es entsteht eine gute „Große“
1294 837 2003 897 Die Staatsoper hatte damit einen ihrer ganz
2030 892 3522 936 Rat, so schlimm und so roh war det nu nicht / (Nummer unbekannt). Außerdem wurden fol=
487 889 2003 930 Oper“ mit prächtigen Ensembles, musikalisch stark | großen Tage. Und nur ein Tropfen Wehmut fällt
2033 928 3519 991 gemeint. Mal 'ne Kopfnuß hat sie jekriegt, mal / gende Motorräder gestohlen: In der Helm
495 925 2000 969 intensiviert, ein durch Kappe jetzt brauchbar ge¬ in den Becher goldenen Weines: Verdi=Renais¬
2030 958 3519 1007 Klatschte es auch er bisken. Sonst haben wir uns | stedter Straße in Wilmersdorf LA 11 7o7
495 952 2000 1001 wordener Vorläufer des Verdi=Gipfels dieser | sance ist ja ganz schön. Wann aber wird solche
2036 993 3563 1059 ganz jnt vertragen. Aber wenn Ihre Frau Sie in der Lutherstraße in Spandau LA 5477
1261 991 2000 1040 „Wiedergutmachung“ auch deutschen, zu Unrecht
443 985 837 1048 Richtung: der „Aida“.
2783 1026 3552 1089 und in der Sophie=Charlotte=Straße
503 1037 2703 1081 Erne unerhört schöne Aufführung hat man zurückgesetzten Opern zugante kommen? In mehr / jetzt vor die ganze Kundschaft — also, Sie
2777 1053 3294 1116 in Charlottenburg LA 18 o23.
4066 1051 4165 1116 P.P.
493 1059 1902 1108 diesem Werk bereitet. Kleiber ist in seinem | als einem Falle dürste es sich lohnen.
3327 1070 3560 1138 G.C.F.P.
2033 1070 2184 1127 statten, der
2175 1081 2597 1144 ###t ick mal 'nen Verjleich
2074 1111 2189 1163 Bitte
3166 1097 3289 1149 De Votre
3275 1103 3374 1163 e e
3357 1103 3464 1138 G.C.H.P.
2775 1097 2947 1138 G.C.F.P.
495 1105 1209 1168 Element. Chöre: Rüdel; Bühnenbild: Pi¬
1505 1103 1710 1177 Alfred
1841 1105 1962 1163 mann.
1844 1138 1940 1179 G.C.P.
2345 1114 3524 1196 re Frau Jemahlin im Zu¬  999000 Bücher in einer Bücherei.
1114 1144 1207 1185 G.H.F.P.
1483 1138 1718 1209 G.H.F.P.
2077 1116 2353 1196 Also, jetzt sitzt Ihm
1765 1149 1943 1215 G.H.F.P.
2802 1182 3554 1231 Die Deutsche Bücherei in Leipzig muß von
1365 1152 1959 1250 G.C.H.F.P.
1163 1144 1376 1248 Von
2022 1171 2758 1226 hörerraum. Jetzt machen Sie mal was falsch.
1029 1207 1193 1256 G.H.F.P.
1185 1220 2660 1302 |  | van Eyck, Tho Lingen und Karl Meix. | Und schon brill Ihre Jattin: Oller Dussel
2649 1212 3557 1286 Olles jedem innerhalb des Reichsgebietes neuerscheinen¬
928 1223 1138 1297 art:
495 1220 668 1311 Zeichen
1261 1256 2616 1324 ner mit Zürich verhandeln, daß sich Ruth / Kamel! Wat machen Sie d'n da?“
2022 1272 3554 1333 Der Vorsitzende schweigt betreten. Also gibt / den Buch ein Belegegemplar erhalten. Nach dem
1026 1272 1138 1311 G.H.F.P.
2775 1289 3554 1341 letzten Ausweis dieser Bücherei ist ihr Bestand
1261 1308 1997 1360 Albu nach Breslau, Elisabeth Len¬
2017 1313 3554 1371 der Bellagte die Antwort: „Da stehen Sie uff, / nunmehr auf 999-000 Bücher angewachsen, so daß
2772 1363 3554 1428 sie wohl in diesen Tagen in die Reihe der Millio.
1264 1341 2761 1404 nartz- und Eberhard Keindorff nach jehen zu Ihre Jemahlin hin und wischen ihr einel
1094 1322 1220 1387 G.H.F.P
1267 1376 2003 1439 Magdeburg, Heinrich Schnitzler dem
2019 1390 3141 1445 Sehense, und det hab ick ooch jemacht. Bloß det I nen=Büchereien eingerückt
3207 1395 3333 1442 dürfte.
1270 1406 1954 1467 Wiener Volkstheater verpflichtet haben,
3377 1382 3563 1513 G.C.F.P.
2391 1431 2868 1494 DATES DES ACTES
1048 1415 1951 1480 diese Liste ist gewiß noch nicht vollständig.
2074 1428 2173 1524 L
687 1390 947 1499 den aus
2876 1431 3185 1499 Schlusser
2881 1478 2988 1516 dire
3177 1469 3270 1505 G.H.F.P
3262 1434 3407 1587 1
1297 1486 1904 1543 Schauspielerfluchtaus Berlin
2772 1475 2941 1554 DATES DES ACTES
525 1478 1242 1538 War es in den letzten Jahren der Ehrgeiz aller
2534 1478 2635 1554 Durchl.
2069 1535 2216 1666 G.C.F.P.
498 1527 1784 1590 Schauspieler, in Berlin, der Theater-Haupt= ist ein Zeichen dieser Gegenwart.
3398 1499 3494 1584 G.P.
331 1521 421 1590 P.P.
2501 1535 2731 1612 G.C.F.P.
2296 1532 2394 1625 P.
3483 1590 3549 1705 G.H.F.P.
3519 1551 3636 1661 G.C.P.
2966 1595 3054 1691 P.S.
471 1568 1242 1625 stadt, Beschäftigung und Erfolg zu finden, so ist
3040 1603 3103 1702 G.C.F.P.
3305 1636 3412 1746 P.P.
3349 1573 3508 1713 G.C.F.P.
2821 1598 2936 1710 G.C.F.P
493 1603 1242 1647 jetzt eine Rückwanderung in die Provinz, die
1292 1568 1554 1724 Hinter
1987 1510 2123 1696 G.P.
2173 1606 2268 1661 G.H.F.P
498 1639 1242 1686 gleichzeitig eine Sehnsucht nach ernster, ständiger
2734 1644 2813 1735 Votre très-
2315 1609 2747 1754 Möbel
2194 1612 2315 1765 P.
3067 1664 3163 1705 G.C.H.F.P
473 1672 1253 1727 künstlerischer Arbeit bedeutet, festzustellen. Denn
2980 1664 3111 1795 G.C.H.
1349 1658 1516 1754 den
1954 1598 2112 1800 P.
3103 1673 3184 1794 G.C.F.P.
3158 1721 3229 1822 G.C.F.P
3409 1713 3511 1817 G.H.F.P.
3467 1718 3582 1820 G. P.
3568 1658 3678 1776 Londres
2796 1707 2895 1762 G.C.P.
493 1707 1242 1759 der Kampf um die Rolle, der in dem Betrieb
1543 1620 1672 1768 Kuic
1896 1598 1981 1770 2
3349 1724 3437 1822 G.C.P.
506 1746 1256 1787 ohne festes Ensemble notwendig ist, hat viele
2329 1729 2660 1820 300.. b
2753 1743 2955 1820 und
3084 1759 3180 1831 décrire
1598 1757 1997 1820 Theater bleibt am Montag
501 1757 1606 1822 Schauspieler berlinmüde gemacht, und sie Das Renaissance¬
3267 1781 3546 1893 a-t-elle
3163 1809 3253 1893 G.
493 1811 1995 1861 suchen jetzt Engagement in den geschlossen und soll erst im Herbst wieder eröffnet
2301 1803 3152 1924 von Höffner dazu
503 1855 1992 1913 großen Provinzstädten, wo ihnen der werden, da Ernst A. Aufricht dort seine
2063 1834 2138 1952 G.C.F.P.
361 1883 471 1978 P.D.
2301 1877 2441 1932 P.
506 1874 1653 1951 Spielplan regelmäßige Arbeit und ein ganz¬
2605 1885 2753 1924 G.C.H.P.
2370 1896 3169 1973 Schlafzimmer „Favorit“, Eiche gebelzt.
506 1918 1237 1987 jähriger oder mehrmonatiger Vertrag regel=
2370 1937 3163 2000 180 cm breiter Schrank, 2 Bettstellen mit Patent-
1398 1899 1669 1978 *
2170 1910 2263 1981 P.S.
501 1951 1182 1995 mäßiges Einkommen garantieren soll.
2504 1978 3043 2025 matratz., Frislertollette, 2 Nacht-
1302 1945 1970 2017 Hans Leibelt spielt die Titelrolle in der
2036 1973 2121 2014 G.F.P.
2151 1965 2266 2085 P.
528 1981 1967 2047 Schon längst haben große Schauspieler, wie dänischen Lustspiel „Jeppe vom Berge" (v.
2520 2006 2933 2071 schränke, 2 Stühle, kompt, nu###
2925 1992 3136 2074 390.
509 2028 1995 2088 Bassermann, Kaysler, Begeuer, die Holberg, das am 11. d. M. im Staats¬
2512 2047 2682 2096 Schlafzin
2747 2052 3149 2104 „Greif zu“ zartgeflammte
2424 2033 2509 2085 G.C.F.P.
2495 2058 2687 2134 Birke m.
509 2074 1754 2145 große Bedeutung der vielen guten Bühnen im Theater zur ersten Aufführung
2413 2066 2799 2156 rundet, 180 cm
1751 2080 1836 2132 komt:
2802 2088 3117 2134 amtliche Kanten
1751 2085 1836 2145 geb.
512 2104 1240 2153 Reich erkannt. Sie ließen sich Gastspielreisen
2381 2110 3122 2205 stallen mit-Patenti. Cratzen, 2 Nachtschränner.
1746 2137 1852 2175 Votre très se
1841 2115 1951 2184 Londres de
2810 2118 3114 2164 elter Schrank, 2 B
1464 2121 1743 2181 *
506 2134 1245 2186 vorbereiten und sind jetzt außerhalb Berlins öfter
509 2173 1237 2227 zu sehen als hier. Nun hört man, daß Lucie
2537 2175 3070 2257 mit Büchernische, Frisiertollecte.
1735 2164 1987 2222 inalstück aus dem
1300 2159 1735 2219 „Platz und Sieg“, ein Krit¬
1267 2211 1989 2255 Nachlaß Edgar Wallaces, wurde vom Schil
2528 2216 2963 2260 2 Polsterstühle, komplett nur
520 2208 1237 2260 Höflich einen längeren Vertrag nach Hamburg
1992 2257 2088 2375 ge
517 2246 1940 2315 abgeschlossen hat, wo tünftig ihre künstlerische lertheater zur Aufführung in der
2531 2238 3021 2298 Schlafzimmer „Trumpf“, Blumen¬
2624 2282 2717 2326 che 1
520 2282 1620 2331 Heimat sein soll. Es heißt ferner, daß Jürgen
2766 2293 3067 2331 rund gearbeitet, 2
1650 2293 1765 2345 G.H.F.P.
1568 2320 1765 2364 * *
523 2312 1237 2359 Fehling als Schauspieldirektor und künstle
2857 2315 3002 2353 mit P
3045 2320 3138 2391 tböder
2684 2337 3010 2400 re mir Drehspiegel,
2556 2337 2692 2378 risiertolle
520 2342 1242 2402 rischer Leiter für das Staatstheater in München
1264 2326 1989 2400 Der „Feldherrnhügel“ als Revue. Die
2490 2359 2865 2419 schränke. 2 Stühle mit
2490 2378 2805 2457 nach Wahl, kompt###
525 2372 1992 2433 auversehen sein soll. Lili Darvas hat sich österreichische Militärkomödie Carl Röhlers
528 2424 1989 2468 dem Wiener Burgtheater verpflichtet, und wurde von Géza Herezeg in eine musikalische
523 2454 1234 2512 Carola Reher geht zu Reinhardt nach
1270 2457 1970 2523 Revue umgewandelt, die im Herbst im Lessing
2427 2446 2506 2515 nehden
523 2487 949 2539 Wien. Prominentenflucht!
531 2501 1943 2597 Aber auch andere gute Schauspieler, die noch Theater zur ersten Aufführung kommen soll.
2443 2506 2665 2558 rauenstraße 1
2443 2542 2537 2586 Immen
1565 2534 1647 2597 *
531 2564 1240 2599 nicht zur ganz großen Starklasse gehören, haben
2537 2545 2635 2608 benso
528 2594 1231 2646 oder wollen Verträge abschließen, die sie aus den
1283 2569 1987 2651 Die „Scala“ wird im Juli wegen einer Mo¬
539 2624 1921 2679 aufreibenden Existenzkampf in Berlin befreien. | Dernisierung des Bühnenhauses geschlossen.
534 2665 1820 2714 So heißt es, daß Anni Newes und Toni l. August beginnt die Winterspielzeit
974 2698 1136 2750 G.C.H.F.P.
1253 2698 1343 2758 G.C.P.
