<?xml version="1.0" encoding="UTF-8" standalone="yes"?>
<PcGts xmlns="http://schema.primaresearch.org/PAGE/gts/pagecontent/2013-07-15" xmlns:xsi="http://www.w3.org/2001/XMLSchema-instance" xsi:schemaLocation="http://schema.primaresearch.org/PAGE/gts/pagecontent/2013-07-15 http://schema.primaresearch.org/PAGE/gts/pagecontent/2013-07-15/pagecontent.xsd">
    <Metadata>
        <Creator>prov=READ-COOP:name=TrHtr:version=2.1.0:model_id=51170:date=26_07_2023_05:03</Creator>
        <Created>2023-05-02T07:47:07.847+02:00</Created>
        <LastChange>2023-07-26T05:03:38.637+02:00</LastChange>
        <TranskribusMetadata docId="1416711" pageId="54951169" pageNr="115" tsid="130895472" status="IN_PROGRESS" userId="64420" imgUrl="https://files.transkribus.eu/Get?id=EWMWYAPEKGNWQAGRJDEKLCHC&amp;fileType=view" xmlUrl="https://files.transkribus.eu/Get?id=CUPJPIYXBEDFXGTQPCWMXMMK" imageId="44454895"/>
    </Metadata>
    <Page imageFilename="1416711_0115.jpg" imageWidth="3485" imageHeight="3657">
        <ReadingOrder>
            <OrderedGroup id="ro_1711828786913" caption="Regions reading order">
                <RegionRefIndexed index="0" regionRef="tr_2"/>
                <RegionRefIndexed index="1" regionRef="tr_1"/>
            </OrderedGroup>
        </ReadingOrder>
        <TextRegion id="tr_2" custom="readingOrder {index:0;}">
            <Coords points="262,1299 1752,1299 1752,2911 262,2911"/>
            <TextLine id="tr_2_tl_1" custom="readingOrder {index:0;}">
                <Coords points="268,1435 1635,1395 1657,1304 271,1376"/>
                <Baseline points="280,1426 316,1421 361,1421 406,1415 450,1415 495,1412 540,1409 585,1406 629,1406 674,1406 719,1409 764,1406 809,1406 853,1406 898,1403 943,1400 988,1394 1032,1391 1077,1388 1122,1385 1167,1382 1212,1382 1256,1379 1301,1376 1346,1376 1391,1373 1435,1373 1480,1370 1525,1364 1570,1361 1615,1358 1659,1349"/>
                <TextEquiv>
                    <Unicode>ein Mensch, 1 wer, das bringe ich noch</Unicode>
                </TextEquiv>
            </TextLine>
            <TextLine id="tr_2_tl_2" custom="readingOrder {index:1;}">
                <Coords points="264,1511 880,1480 976,1515 1124,1461 1286,1489 1660,1441 1662,1382 1347,1386 1273,1432 932,1408 817,1463 637,1411 266,1459"/>
                <Baseline points="274,1498 277,1498 322,1495 367,1492 411,1489 456,1483 501,1483 546,1480 591,1477 635,1477 680,1477 725,1474 770,1477 814,1477 859,1474 904,1474 949,1471 994,1468 1038,1465 1083,1462 1128,1456 1173,1453 1218,1453 1262,1450 1307,1447 1352,1447 1397,1441 1441,1441 1486,1435 1531,1432 1576,1432 1621,1426 1665,1421"/>
                <TextEquiv>
                    <Unicode>nicht heraus, - hat ihr in Gemünden</Unicode>
                </TextEquiv>
            </TextLine>
            <TextLine id="tr_2_tl_3" custom="readingOrder {index:2;}">
                <Coords points="253,1587 375,1557 991,1594 1264,1524 1622,1542 1670,1450 1242,1463 1177,1502 1092,1469 965,1520 882,1482 677,1528 579,1491 256,1502"/>
                <Baseline points="262,1561 283,1561 328,1558 373,1555 417,1555 462,1555 507,1552 552,1549 597,1549 641,1549 686,1549 731,1546 776,1546 820,1543 865,1543 910,1537 955,1534 1000,1540 1044,1537 1089,1534 1134,1531 1179,1528 1223,1525 1268,1522 1313,1516 1358,1516 1403,1510 1447,1507 1492,1501 1537,1501 1582,1498 1626,1492 1671,1489"/>
                <TextEquiv>
                    <Unicode>oder tühl erzählt, dass ich das erste.</Unicode>
                </TextEquiv>
            </TextLine>
            <TextLine id="tr_2_tl_4" custom="readingOrder {index:3;}">
                <Coords points="279,1653 751,1666 948,1607 994,1637 1400,1592 1577,1629 1605,1544 1448,1517 958,1587 282,1590"/>
                <Baseline points="289,1641 307,1644 352,1644 397,1644 441,1644 486,1644 531,1638 576,1632 620,1632 665,1626 710,1626 755,1624 800,1624 844,1621 889,1618 934,1609 979,1603 1023,1609 1068,1609 1113,1606 1158,1603 1203,1600 1247,1594 1292,1594 1337,1588 1382,1585 1426,1582 1471,1579 1516,1576 1561,1573 1606,1567"/>
                <TextEquiv>
                    <Unicode>mal in Tochl war ferner, dass ich</Unicode>
                </TextEquiv>
            </TextLine>
            <TextLine id="tr_2_tl_5" custom="readingOrder {index:4;}">
                <Coords points="273,1764 520,1768 657,1710 899,1749 1050,1684 1297,1705 1360,1668 1644,1707 1651,1600 1079,1613 983,1668 478,1648 279,1696"/>
                <Baseline points="286,1731 307,1731 352,1734 397,1731 441,1728 486,1722 531,1716 576,1713 620,1710 665,1707 710,1704 755,1704 800,1698 844,1695 889,1692 934,1692 979,1686 1023,1683 1068,1677 1113,1674 1158,1674 1203,1671 1247,1668 1292,1665 1337,1659 1382,1656 1426,1653 1471,1653 1516,1653 1561,1653 1606,1653 1650,1653"/>
                <TextEquiv>
                    <Unicode>roriges Jahr, als sie hicherkam. Auch</Unicode>
                </TextEquiv>
            </TextLine>
            <TextLine id="tr_2_tl_6" custom="readingOrder {index:5;}">
                <Coords points="271,1838 605,1851 666,1806 919,1784 1098,1812 1271,1742 1461,1755 1550,1727 1553,1684 1255,1716 1057,1683 891,1751 605,1727 507,1771 277,1766"/>
                <Baseline points="283,1815 301,1815 346,1815 391,1815 435,1812 480,1809 525,1806 570,1800 614,1794 659,1791 704,1788 749,1785 794,1782 838,1782 883,1779 928,1776 973,1770 1017,1767 1062,1764 1107,1761 1152,1755 1197,1752 1241,1746 1286,1743 1331,1740 1376,1737 1421,1734 1465,1731 1510,1728 1555,1725"/>
                <TextEquiv>
                    <Unicode>in Ischl gewesen, hat ihr sonst</Unicode>
                </TextEquiv>
            </TextLine>
            <TextLine id="tr_2_tl_7" custom="readingOrder {index:6;}">
                <Coords points="280,1917 1124,1871 1238,1819 1470,1832 1572,1803 1579,1714 1089,1815 747,1791 605,1851 286,1836"/>
                <Baseline points="292,1895 322,1898 367,1895 411,1892 456,1889 501,1886 546,1883 591,1877 635,1868 680,1865 725,1862 770,1862 814,1856 859,1853 904,1850 949,1847 994,1844 1038,1841 1083,1832 1128,1829 1173,1827 1218,1821 1262,1815 1307,1812 1352,1812 1397,1806 1441,1800 1486,1797 1531,1797 1576,1797"/>
                <TextEquiv>
                    <Unicode>Allerhand Geschichten von Frau Fr.</Unicode>
                </TextEquiv>
            </TextLine>
            <TextLine id="tr_2_tl_8" custom="readingOrder {index:7;}">
                <Coords points="284,2007 1384,1895 1502,1930 1583,1913 1589,1854 1382,1819 1277,1882 1186,1836 838,1893 745,1869 646,1935 576,1902 292,1926"/>
                <Baseline points="298,1973 337,1979 382,1979 426,1973 471,1967 516,1961 561,1955 606,1949 650,1949 695,1943 740,1937 785,1934 829,1934 874,1928 919,1925 964,1922 1009,1919 1053,1916 1098,1910 1143,1907 1188,1904 1232,1898 1277,1895 1322,1892 1367,1889 1412,1886 1456,1886 1501,1880 1546,1877 1591,1871"/>
                <TextEquiv>
                    <Unicode>ferner von Frl. S. erzählt, - kurz,</Unicode>
                </TextEquiv>
            </TextLine>
            <TextLine id="tr_2_tl_9" custom="readingOrder {index:8;}">
                <Coords points="290,2085 472,2079 565,2031 865,2050 934,1998 1603,1980 1609,1922 1358,1900 297,2013"/>
                <Baseline points="301,2071 313,2068 358,2068 403,2059 447,2050 492,2044 537,2035 582,2030 626,2024 671,2024 716,2021 761,2018 806,2018 850,2012 895,2003 940,2000 985,1994 1029,1991 1074,1988 1119,1985 1164,1982 1209,1976 1253,1973 1298,1970 1343,1967 1388,1964 1432,1958 1477,1955 1522,1949 1567,1949 1612,1943"/>
                <TextEquiv>
                    <Unicode>Sie können noch deutten, wie das</Unicode>
                </TextEquiv>
            </TextLine>
            <TextLine id="tr_2_tl_10" custom="readingOrder {index:9;}">
                <Coords points="292,2155 1533,2048 1581,2037 1587,1969 932,2000 792,2063 565,2031 450,2101 297,2096"/>
                <Baseline points="304,2140 334,2140 379,2137 423,2134 468,2128 513,2122 558,2113 603,2107 647,2104 692,2101 737,2098 782,2092 826,2086 871,2086 916,2083 961,2077 1006,2071 1050,2068 1095,2062 1140,2059 1185,2056 1229,2050 1274,2044 1319,2041 1364,2038 1409,2032 1453,2027 1498,2024 1543,2021 1588,2015"/>
                <TextEquiv>
                    <Unicode>Anne Mädel zugerichtet war. So</Unicode>
                </TextEquiv>
            </TextLine>
            <TextLine id="tr_2_tl_11" custom="readingOrder {index:10;}">
                <Coords points="279,2238 515,2249 646,2179 1297,2157 1607,2113 1613,2055 1269,2044 1186,2094 1007,2076 908,2135 780,2107 286,2155"/>
                <Baseline points="289,2227 316,2227 361,2224 406,2218 450,2212 495,2203 540,2194 585,2191 629,2182 674,2176 719,2176 764,2173 809,2170 853,2161 898,2158 943,2155 988,2152 1032,2149 1077,2143 1122,2140 1167,2134 1212,2131 1256,2128 1301,2122 1346,2116 1391,2110 1435,2104 1480,2101 1525,2092 1570,2086 1615,2083"/>
                <TextEquiv>
                    <Unicode>habe ich hier zu thun, und habe</Unicode>
                </TextEquiv>
            </TextLine>
            <TextLine id="tr_2_tl_12" custom="readingOrder {index:11;}">
                <Coords points="264,2341 797,2255 1087,2297 1469,2188 1686,2227 1745,2216 1755,2109 1373,2113 1057,2203 699,2179 515,2249 271,2262"/>
                <Baseline points="277,2310 319,2310 364,2304 408,2298 453,2295 498,2286 543,2280 588,2271 632,2265 677,2256 722,2250 767,2247 812,2241 856,2238 901,2235 946,2230 991,2230 1035,2224 1080,2221 1125,2221 1170,2215 1215,2209 1259,2203 1304,2197 1349,2191 1394,2188 1438,2185 1483,2179 1528,2173 1573,2173 1618,2170 1662,2173 1707,2179 1752,2185"/>
                <TextEquiv>
                    <Unicode>es noch, um alles nieder ins Gleich¬</Unicode>
                </TextEquiv>
            </TextLine>
            <TextLine id="tr_2_tl_13" custom="readingOrder {index:12;}">
                <Coords points="280,2417 301,2428 354,2386 530,2389 574,2363 590,2382 731,2386 792,2354 965,2345 1015,2327 1018,2295 803,2255 703,2297 515,2319 439,2299 354,2345 288,2349"/>
                <Baseline points="295,2382 304,2382 349,2382 394,2382 438,2379 483,2373 528,2370 573,2361 617,2352 662,2346 707,2337 752,2331 797,2328 841,2322 886,2319 931,2316 976,2313 1020,2304"/>
                <TextEquiv>
                    <Unicode>gericht zu hingen.</Unicode>
                </TextEquiv>
            </TextLine>
            <TextLine id="tr_2_tl_14" custom="readingOrder {index:13;}">
                <Coords points="303,2498 1325,2373 1386,2415 1670,2356 1675,2297 1161,2297 1065,2354 792,2352 683,2402 312,2402"/>
                <Baseline points="316,2474 331,2471 376,2468 420,2465 465,2459 510,2456 555,2453 600,2444 644,2441 689,2436 734,2430 779,2424 823,2421 868,2418 913,2412 958,2409 1003,2406 1047,2403 1092,2397 1137,2394 1182,2388 1226,2382 1271,2379 1316,2370 1361,2367 1406,2364 1450,2361 1495,2358 1540,2355 1585,2352 1629,2352 1674,2349"/>
                <TextEquiv>
                    <Unicode>Ausserdem hat man ihr erzählt</Unicode>
                </TextEquiv>
            </TextLine>
            <TextLine id="tr_2_tl_15" custom="readingOrder {index:14;}">
                <Coords points="299,2570 886,2546 1103,2487 1177,2522 1290,2450 1517,2487 1542,2395 950,2417 862,2482 701,2502 542,2465 308,2502"/>
                <Baseline points="310,2564 337,2561 382,2552 426,2546 471,2543 516,2537 561,2534 606,2528 650,2522 695,2516 740,2513 785,2507 829,2504 874,2495 919,2492 964,2486 1009,2480 1053,2477 1098,2474 1143,2471 1188,2465 1232,2459 1277,2450 1322,2447 1367,2444 1412,2438 1456,2436 1501,2430 1546,2421"/>
                <TextEquiv>
                    <Unicode>wir seien in Salzburg mit</Unicode>
                </TextEquiv>
            </TextLine>
            <TextLine id="tr_2_tl_16" custom="readingOrder {index:15;}">
                <Coords points="301,2649 542,2670 839,2581 1151,2589 1315,2541 1587,2566 1596,2476 1299,2446 1184,2520 1100,2489 893,2548 308,2577"/>
                <Baseline points="313,2636 343,2633 388,2630 432,2624 477,2618 522,2612 567,2606 611,2603 656,2597 701,2591 746,2588 791,2582 835,2576 880,2570 925,2567 970,2564 1015,2561 1059,2555 1104,2552 1149,2546 1194,2540 1238,2534 1283,2534 1328,2531 1373,2525 1418,2522 1462,2516 1507,2513 1552,2510 1597,2510"/>
                <TextEquiv>
                    <Unicode>einer „jungen“ chicen Blondine,</Unicode>
                </TextEquiv>
            </TextLine>
            <TextLine id="tr_2_tl_17" custom="readingOrder {index:16;}">
                <Coords points="301,2751 740,2705 921,2646 983,2683 1507,2629 1557,2614 1563,2552 1369,2592 1279,2544 1050,2603 946,2572 535,2672 312,2653"/>
                <Baseline points="313,2737 355,2725 400,2722 444,2713 489,2707 534,2698 579,2689 623,2686 668,2677 713,2674 758,2665 803,2662 847,2659 892,2650 937,2644 982,2644 1026,2644 1071,2641 1116,2633 1161,2630 1206,2630 1250,2624 1295,2621 1340,2615 1385,2615 1429,2606 1474,2603 1519,2594 1564,2582"/>
                <TextEquiv>
                    <Unicode>„unhergelaufen“. Dass sie nur</Unicode>
                </TextEquiv>
            </TextLine>
            <TextLine id="tr_2_tl_18" custom="readingOrder {index:17;}">
                <Coords points="314,2839 934,2734 1434,2723 1734,2672 1742,2600 1659,2577 1363,2660 1256,2627 1170,2681 847,2664 323,2758"/>
                <Baseline points="325,2818 352,2818 397,2809 441,2800 486,2788 531,2782 576,2773 620,2767 665,2761 710,2755 755,2752 800,2749 844,2743 889,2737 934,2731 979,2725 1023,2722 1068,2716 1113,2716 1158,2713 1203,2701 1247,2698 1292,2698 1337,2692 1382,2689 1426,2683 1471,2674 1516,2668 1561,2662 1606,2656 1650,2653 1695,2647 1740,2641"/>
                <TextEquiv>
                    <Unicode>viel Tratsch über Sie, Beer-Hofmann</Unicode>
                </TextEquiv>
            </TextLine>
            <TextLine id="tr_2_tl_19" custom="readingOrder {index:18;}">
                <Coords points="317,2921 480,2924 708,2845 996,2862 1210,2788 1633,2821 1673,2673 328,2832"/>
                <Baseline points="331,2901 373,2895 417,2886 462,2877 507,2868 552,2856 597,2850 641,2844 686,2839 731,2839 776,2833 820,2827 865,2821 910,2818 955,2812 1000,2806 1044,2800 1089,2794 1134,2791 1179,2788 1223,2785 1268,2779 1313,2770 1358,2767 1403,2764 1447,2758 1492,2752 1537,2749 1582,2743 1626,2734 1671,2725"/>
                <TextEquiv>
                    <Unicode>und mich mitgebracht, geliört</Unicode>
                </TextEquiv>
            </TextLine>
        </TextRegion>
        <TextRegion id="tr_1" custom="readingOrder {index:1;}">
            <Coords points="1794,1233 3283,1233 3283,2923 1794,2923"/>
            <TextLine id="tr_1_tl_1" custom="readingOrder {index:0;}">
                <Coords points="1784,1376 2137,1341 2288,1376 2435,1306 3079,1308 3116,1234 2959,1269 2814,1203 2186,1299 1993,1251 1786,1314"/>
                <Baseline points="1794,1364 1821,1361 1865,1358 1910,1352 1955,1349 2000,1346 2044,1343 2089,1340 2134,1337 2179,1334 2224,1331 2268,1328 2313,1325 2358,1322 2403,1313 2447,1310 2492,1307 2537,1304 2582,1304 2627,1301 2671,1298 2716,1298 2761,1298 2806,1295 2850,1298 2895,1295 2940,1295 2985,1295 3030,1292 3074,1289 3119,1283"/>
                <TextEquiv>
                    <Unicode>wol mit dazu. Von Kraus ist</Unicode>
                </TextEquiv>
            </TextLine>
            <TextLine id="tr_1_tl_2" custom="readingOrder {index:1;}">
                <Coords points="1790,1446 3077,1380 3118,1371 3122,1299 2756,1341 2529,1308 2378,1369 2127,1339 1791,1397"/>
                <Baseline points="1800,1435 1827,1432 1871,1429 1916,1423 1961,1421 2006,1418 2050,1415 2095,1412 2140,1409 2185,1409 2230,1406 2274,1403 2319,1397 2364,1391 2409,1388 2453,1385 2498,1382 2543,1382 2588,1379 2633,1376 2677,1376 2722,1373 2767,1370 2812,1370 2856,1367 2901,1367 2946,1364 2991,1361 3036,1355 3080,1352 3125,1346"/>
                <TextEquiv>
                    <Unicode>im Familien - Journal eine Ge¬</Unicode>
                </TextEquiv>
            </TextLine>
            <TextLine id="tr_1_tl_3" custom="readingOrder {index:2;}">
                <Coords points="1791,1518 2725,1478 3131,1434 3133,1397 3057,1367 2747,1419 2673,1382 2522,1450 2367,1422 1795,1467"/>
                <Baseline points="1803,1507 1838,1504 1883,1504 1928,1501 1973,1495 2018,1492 2062,1489 2107,1486 2152,1483 2197,1480 2241,1477 2286,1474 2331,1468 2376,1468 2421,1465 2465,1465 2510,1465 2555,1453 2600,1453 2644,1453 2689,1450 2734,1444 2779,1441 2824,1438 2868,1438 2913,1435 2958,1432 3003,1426 3047,1421 3092,1415 3137,1409"/>
                <TextEquiv>
                    <Unicode>schichte erschienen, „ Esplanade“</Unicode>
                </TextEquiv>
            </TextLine>
            <TextLine id="tr_1_tl_4" custom="readingOrder {index:3;}">
                <Coords points="1788,1609 2804,1507 3267,1520 3271,1465 2889,1446 2347,1520 2244,1489 2122,1552 1795,1520"/>
                <Baseline points="1800,1594 1841,1591 1886,1591 1931,1585 1976,1582 2021,1576 2065,1573 2110,1570 2155,1567 2200,1561 2244,1555 2289,1552 2334,1546 2379,1546 2424,1540 2468,1537 2513,1534 2558,1528 2603,1525 2647,1519 2692,1519 2737,1513 2782,1510 2827,1507 2871,1504 2916,1501 2961,1498 3006,1495 3050,1492 3095,1492 3140,1489 3185,1489 3230,1492 3274,1489"/>
                <TextEquiv>
                    <Unicode>Dichter, das sind Beer Hofmann</Unicode>
                </TextEquiv>
            </TextLine>
            <TextLine id="tr_1_tl_5" custom="readingOrder {index:4;}">
                <Coords points="1791,1697 2740,1583 3258,1574 3264,1513 2323,1559 1797,1644"/>
                <Baseline points="1806,1677 1832,1680 1877,1674 1922,1671 1967,1662 2012,1659 2056,1656 2101,1650 2146,1644 2191,1638 2235,1632 2280,1626 2325,1624 2370,1618 2415,1615 2459,1612 2504,1606 2549,1603 2594,1597 2639,1594 2683,1585 2728,1582 2773,1582 2818,1576 2862,1576 2907,1570 2952,1567 2997,1561 3042,1555 3086,1555 3131,1555 3176,1555 3221,1555 3265,1558"/>
                <TextEquiv>
                    <Unicode>und Sie, und wollen eine affectä¬</Unicode>
                </TextEquiv>
            </TextLine>
            <TextLine id="tr_1_tl_6" custom="readingOrder {index:5;}">
                <Coords points="1793,1773 2913,1673 3125,1638 3131,1592 2528,1657 2419,1618 2160,1699 1801,1703"/>
                <Baseline points="1806,1758 1832,1758 1877,1758 1922,1755 1967,1749 2012,1746 2056,1737 2101,1734 2146,1728 2191,1719 2235,1716 2280,1707 2325,1704 2370,1701 2415,1698 2459,1692 2504,1686 2549,1683 2594,1674 2639,1671 2683,1665 2728,1662 2773,1659 2818,1656 2862,1650 2907,1638 2952,1632 2997,1629 3042,1624 3086,1621 3131,1615"/>
                <TextEquiv>
                    <Unicode>tionen und Posen darin mit</Unicode>
                </TextEquiv>
            </TextLine>
            <TextLine id="tr_1_tl_7" custom="readingOrder {index:6;}">
                <Coords points="1806,1869 2884,1720 3179,1721 3188,1642 2186,1732 2061,1801 1815,1786"/>
                <Baseline points="1818,1847 1844,1838 1889,1838 1934,1835 1979,1829 2024,1824 2068,1815 2113,1806 2158,1803 2203,1794 2247,1788 2292,1782 2337,1779 2382,1770 2427,1767 2471,1764 2516,1758 2561,1755 2606,1746 2650,1743 2695,1740 2740,1734 2785,1728 2830,1725 2874,1719 2919,1716 2964,1710 3009,1704 3053,1701 3098,1698 3143,1692 3188,1695"/>
                <TextEquiv>
                    <Unicode>vielem witz „gegeisselt worden“</Unicode>
                </TextEquiv>
            </TextLine>
            <TextLine id="tr_1_tl_8" custom="readingOrder {index:7;}">
                <Coords points="1812,1934 3190,1801 3199,1708 1819,1865"/>
                <Baseline points="1824,1919 1850,1919 1895,1916 1940,1913 1985,1910 2030,1901 2074,1895 2119,1889 2164,1883 2209,1880 2253,1874 2298,1868 2343,1865 2388,1859 2433,1853 2477,1847 2522,1838 2567,1835 2612,1832 2656,1829 2701,1824 2746,1818 2791,1809 2836,1803 2880,1800 2925,1800 2970,1794 3015,1788 3059,1788 3104,1782 3149,1779 3194,1776"/>
                <TextEquiv>
                    <Unicode>sein. Ich habe nicht gesehen,</Unicode>
                </TextEquiv>
            </TextLine>
            <TextLine id="tr_1_tl_9" custom="readingOrder {index:8;}">
                <Coords points="1839,2061 2961,1919 3138,1878 3146,1815 2780,1830 2601,1919 2531,1878 2406,1932 2244,1904 2146,1969 2022,1924 1852,1954"/>
                <Baseline points="1856,2018 1892,2018 1937,2015 1982,2009 2027,2003 2071,1997 2116,1988 2161,1985 2206,1982 2250,1979 2295,1973 2340,1970 2385,1964 2430,1955 2474,1949 2519,1943 2564,1940 2609,1934 2653,1928 2698,1925 2743,1919 2788,1910 2833,1901 2877,1895 2922,1889 2967,1883 3012,1877 3056,1871 3101,1868 3146,1856"/>
                <TextEquiv>
                    <Unicode>Bitte, sager Sie an H. Dr.</Unicode>
                </TextEquiv>
            </TextLine>
            <TextLine id="tr_1_tl_10" custom="readingOrder {index:9;}">
                <Coords points="1852,2149 2312,2053 2941,2007 3131,1930 2865,1906 2341,2039 2059,2011 1863,2061"/>
                <Baseline points="1868,2098 1880,2101 1925,2101 1970,2095 2015,2086 2059,2083 2104,2077 2149,2071 2194,2068 2238,2065 2283,2059 2328,2053 2373,2050 2418,2041 2462,2032 2507,2027 2552,2024 2597,2018 2641,2009 2686,2003 2731,1997 2776,1988 2821,1985 2865,1979 2910,1973 2955,1967 3000,1961 3045,1955 3089,1952 3134,1943"/>
                <TextEquiv>
                    <Unicode>Göldmann er möge Ihnen</Unicode>
                </TextEquiv>
            </TextLine>
            <TextLine id="tr_1_tl_11" custom="readingOrder {index:10;}">
                <Coords points="1841,2214 2541,2096 2804,2109 2906,2037 3114,2042 3125,1974 2690,2011 2524,2087 2430,2057 2293,2107 2083,2096 1849,2160"/>
                <Baseline points="1856,2191 1871,2191 1916,2188 1961,2182 2006,2173 2050,2170 2095,2161 2140,2158 2185,2152 2230,2146 2274,2140 2319,2134 2364,2125 2409,2119 2453,2110 2498,2104 2543,2095 2588,2083 2633,2083 2677,2080 2722,2077 2767,2071 2812,2065 2856,2053 2901,2038 2946,2032 2991,2024 3036,2018 3080,2012 3125,2009"/>
                <TextEquiv>
                    <Unicode>Die Adresse von Ring oder</Unicode>
                </TextEquiv>
            </TextLine>
            <TextLine id="tr_1_tl_12" custom="readingOrder {index:11;}">
                <Coords points="1863,2293 2371,2245 2450,2196 2542,2218 2701,2155 2910,2177 3055,2103 3244,2111 3253,2048 2911,2037 2633,2142 2446,2129 2273,2196 1875,2220"/>
                <Baseline points="1877,2265 1907,2265 1952,2265 1997,2259 2041,2253 2086,2250 2131,2244 2176,2238 2221,2233 2265,2227 2310,2221 2355,2215 2400,2206 2444,2197 2489,2191 2534,2182 2579,2173 2624,2164 2668,2158 2713,2152 2758,2143 2803,2128 2847,2119 2892,2116 2937,2110 2982,2107 3027,2098 3071,2095 3116,2092 3161,2089 3206,2086 3250,2080"/>
                <TextEquiv>
                    <Unicode>Burgue, das ist der Japaner</Unicode>
                </TextEquiv>
            </TextLine>
            <TextLine id="tr_1_tl_13" custom="readingOrder {index:12;}">
                <Coords points="1845,2408 2814,2234 2970,2260 3138,2199 3275,2208 3286,2137 3111,2113 2458,2275 2159,2268 1854,2349"/>
                <Baseline points="1859,2388 1895,2382 1940,2376 1985,2370 2030,2361 2074,2352 2119,2346 2164,2340 2209,2334 2253,2328 2298,2322 2343,2316 2388,2307 2433,2298 2477,2289 2522,2280 2567,2274 2612,2265 2656,2259 2701,2247 2746,2241 2791,2233 2836,2227 2880,2221 2925,2212 2970,2206 3015,2203 3059,2197 3104,2191 3149,2191 3194,2188 3239,2188 3283,2182"/>
                <TextEquiv>
                    <Unicode>mittheilen und schreiben</Unicode>
                </TextEquiv>
            </TextLine>
            <TextLine id="tr_1_tl_14" custom="readingOrder {index:13;}">
                <Coords points="1875,2456 2196,2450 2286,2400 3085,2282 3251,2295 3282,2214 2692,2260 2328,2373 1884,2387"/>
                <Baseline points="1886,2447 1889,2447 1934,2444 1979,2441 2024,2436 2068,2427 2113,2421 2158,2418 2203,2412 2247,2403 2292,2397 2337,2388 2382,2382 2427,2373 2471,2367 2516,2358 2561,2349 2606,2340 2650,2337 2695,2331 2740,2325 2785,2319 2830,2310 2874,2304 2919,2295 2964,2289 3009,2283 3053,2283 3098,2280 3143,2277 3188,2277 3233,2277 3277,2280"/>
                <TextEquiv>
                    <Unicode>sie mir nach Wien, wenn</Unicode>
                </TextEquiv>
            </TextLine>
            <TextLine id="tr_1_tl_15" custom="readingOrder {index:14;}">
                <Coords points="1871,2552 2430,2461 2601,2480 3035,2371 3194,2387 3207,2299 3116,2280 2847,2373 2723,2345 2596,2397 1882,2474"/>
                <Baseline points="1883,2534 1904,2531 1949,2528 1994,2519 2038,2513 2083,2507 2128,2501 2173,2498 2218,2489 2262,2483 2307,2474 2352,2465 2397,2459 2441,2450 2486,2441 2531,2438 2576,2430 2621,2427 2665,2421 2710,2418 2755,2409 2800,2406 2844,2400 2889,2394 2934,2382 2979,2373 3024,2370 3068,2367 3113,2361 3158,2358 3203,2352"/>
                <TextEquiv>
                    <Unicode>ich chuedies bald einen Brief</Unicode>
                </TextEquiv>
            </TextLine>
            <TextLine id="tr_1_tl_16" custom="readingOrder {index:15;}">
                <Coords points="1876,2657 1985,2657 2397,2546 2683,2548 2854,2506 2863,2445 2756,2437 2332,2522 2183,2515 2079,2559 1893,2546"/>
                <Baseline points="1892,2630 1922,2630 1967,2624 2012,2618 2056,2606 2101,2597 2146,2588 2191,2579 2235,2573 2280,2567 2325,2558 2370,2552 2415,2543 2459,2540 2504,2534 2549,2531 2594,2525 2639,2519 2683,2516 2728,2507 2773,2501 2818,2492 2862,2486"/>
                <TextEquiv>
                    <Unicode>von Ihnen erwarte.</Unicode>
                </TextEquiv>
            </TextLine>
            <TextLine id="tr_1_tl_17" custom="readingOrder {index:16;}">
                <Coords points="1876,2732 2293,2701 2493,2640 3059,2629 3155,2589 3164,2529 2550,2550 2286,2624 2129,2605 1884,2683"/>
                <Baseline points="1889,2716 1910,2716 1955,2713 2000,2707 2044,2704 2089,2698 2134,2689 2179,2686 2224,2677 2268,2671 2313,2668 2358,2662 2403,2656 2447,2650 2492,2641 2537,2636 2582,2633 2627,2627 2671,2621 2716,2612 2761,2606 2806,2600 2850,2594 2895,2588 2940,2582 2985,2576 3030,2570 3074,2567 3119,2561 3164,2561"/>
                <TextEquiv>
                    <Unicode>Mit vieleir Empfehlungen,</Unicode>
                </TextEquiv>
            </TextLine>
            <TextLine id="tr_1_tl_18" custom="readingOrder {index:17;}">
                <Coords points="1876,2828 1948,2843 2135,2786 2190,2830 2397,2758 2541,2799 2720,2729 2887,2769 2902,2640 2489,2662 2351,2736 2260,2701 2105,2708 2017,2755 1886,2734"/>
                <Baseline points="1889,2815 1916,2812 1961,2806 2006,2803 2050,2797 2095,2788 2140,2779 2185,2770 2230,2767 2274,2761 2319,2755 2364,2752 2409,2749 2453,2746 2498,2743 2543,2737 2588,2731 2633,2725 2677,2722 2722,2719 2767,2713 2812,2707 2856,2698 2901,2695"/>
                <TextEquiv>
                    <Unicode>an Dr. G. herzlichst.</Unicode>
                </TextEquiv>
            </TextLine>
            <TextLine id="tr_1_tl_19" custom="readingOrder {index:18;}">
                <Coords points="2917,2779 2943,2790 3017,2768 3048,2768 3061,2779 3087,2768 3125,2790 3155,2769 3216,2790 3223,2712 3140,2707 3041,2616 3013,2607 2954,2627 2932,2614"/>
                <Baseline points="2928,2770 2955,2764 3000,2761 3045,2755 3089,2749 3134,2746 3179,2743 3224,2743"/>
                <TextEquiv>
                    <Unicode>Her</Unicode>
                </TextEquiv>
            </TextLine>
            <TextLine id="tr_1_tl_20" custom="readingOrder {index:19;}">
                <Coords points="2819,2926 2946,2939 3020,2913 3092,2935 3113,2926 3151,2952 3199,2946 3197,2788 3172,2779 3092,2803 3033,2788 3004,2801 2974,2780 2865,2828 2817,2817"/>
                <Baseline points="2830,2904 2874,2904 2919,2904 2964,2904 3009,2898 3053,2898 3098,2901 3143,2907 3188,2913 3203,2913"/>
                <TextEquiv>
                    <Unicode>Salten</Unicode>
                </TextEquiv>
            </TextLine>
        </TextRegion>
    </Page>
</PcGts>
