3108 3672
1570 463 1742 568 2 -
460 579 2493 783 könnte ich auf Ihren Brief entgegnen:“Ich bin kein Schurke, Ty-
463 735 2435 904 balt, ich seh'e Du kennst mich nicht - somit Lebmohl. Aber es
468 849 2464 941 zeigt sich, dass solche Milde übel angebracht ist und dass Ty¬
473 909 2549 1052 balt bald darauf dennoch niedergeschlagen werden muss. Deshalb
468 1031 2535 1158 antworte ich Ihnen lieber gleich ausführlich und erspare das Leb
468 1110 1161 1248 wohl für den Schluss.
788 1176 2406 1295 Man braucht Ihren Brief nur neben meine Hauptmann-
471 1288 2514 1404 Kritiken zu legen und Ihre ganze Taktik enthüllt sich im Augen¬
473 1369 2549 1502 blick. Auch für diejenigen, die es nicht wissen sollten, dass ich
484 1475 2517 1618 von Anfang an jedes Werk Hauptmanns mit Bewunderung aufgenommen
484 1552 2546 1700 habe. Auch für diejenigen, die es weder aus meinen Schriften noch
481 1647 2601 1766 aus meiner persönlichen Bekanntschaft zu wissen vermögen, dass ich
486 1716 2533 1856 mich niemals gefreut habe, wenn irgendwo einem arbeitenden Manne
486 1803 2448 1983 ein Werk misslang. Und dass solche Freude meinem ganzen Wesen
1272 1927 1414 2028 G.H.F.P.
492 1927 838 2057 fremd ist.
806 2001 2438 2149 Für jeden Unbefangenen sprechen es meine Hauptmann-
492 2083 2522 2218 Kritiken ohne alle Unterstimmen aus, dass ich die "Jungfern vom
486 2189 2506 2332 Bischofsberg" für schlecht halte. Nur diese. Dass ich aus Haupt¬
492 2271 2554 2393 manns Prosa und aus eben diesem letzten Lustspiel den Eindruck
494 2366 2525 2485 empfing, er ermangle der Selbstkritik und der Fähigkeit des ar-
494 2480 2482 2578 tistischen Arbeitens. Dass ich für das Misslingen dieses Lust-
502 2551 2554 2705 spieles Ursachen suche, die mir ausserhalb von Hauptmanns Person
494 2628 2572 2765 zu liegen scheinen. Vor allem aber, dass ich über diesen Einzel-
505 2726 2438 2879 fall hinaus an Hauptmanns dichterische Bedeutung glaube, und
500 2813 2535 2932 meine Leser auffordere, über diesen Einzelfall hinweg der Bedeu¬
510 2940 1964 3075 tung des ganzen Nannes eingedenkt zu bleiben.
817 2990 2554 3135 Sie beschuldigen mich dagegen einer "schlecht verhehl-
510 3075 2519 3268 ten Freude: Dass heisst, Sie zögern keinen Augenblick es auszus
