4178 3703
2640 418 2732 492 1.°
1685 422 1827 533 1:1 11
1566 809 1832 925 Donnerstag
2114 838 3476 968 der Sprache heraus müssen, sind sie ein eiger Cämm.“. Der Herl.
1125 844 1264 963 225
2117 939 3463 1006 oder Schuß, oder so was ähnliches. Leiddem stand vom Tisch
1515 902 1989 1043 Ochter Εlß
2114 985 3181 1074 auf und sicher grüßen wir uns nicht mehr.
2117 1043 3430 1120 Sie erinnern sich dieser absereutenden Geschichte gewiss. Erinnern
2097 1100 3425 1188 sich threr um so cher. als ich sie gleich damals, und hernach
2097 1127 3456 1235 werk oft bei Teuen zum Herrn gab, wenn wir über Freund
729 1115 869 1217 Lieber,
2110 1182 3425 1301 Judacy und sein Verhältnis zu mir, er Ihnen und zurück
838 1176 2037 1293 Ein Kapitel Ludassy. Es ist langweilig und lästig, aber ich muß
719 1267 2049 1334 ein Stückchen Vorgeschichte erwähnen. Wie es mit ihm auseinander¬
2110 1282 2496 1359 Alten sprachen.
2126 1277 3456 1393 Diese Geschichte, als die Entstehungsursache seiner Feindschaft gegen
727 1316 2064 1398 Hain, wissen Sie ja. Es war der Hugo Ganz-Prazers gewesen. Die con¬
2110 1349 3482 1460 nicht, nahm ich vor dem Ehemat zu Predowett gegeben. Hoch
719 1398 2059 1458 cordia" erieferte sich gegen Kanner, den ich verteidigte. In der Ver¬
2110 1400 3446 1511 Zudassy leugned diesen Vortall, erziertigt mir die Unwahrheit.
714 1429 2047 1511 sammlung saß Endaßig und mir an einem Tisch. Ich sagte in
2109 1441 3453 1581 und erheld Ehrmbehidigungsklage gegen mich, weil er ihn
727 1484 2018 1576 meiner Rüde. Endaßy sei als Chef auch heftig gewesen, ohne dass die
2112 1504 3408 1626 Fürch Erzählung dieser von mir erlegenen Episode der dem
719 1527 2035 1617 Concordia u. s. K. Als ist geendigt hatte. Eischelle mir Lud sich ver¬
2128 1557 3456 1680 Ehrenrat. Dem Gemöll preisgegeben habe. Die Verhandlung
715 1583 2001 1689 ganz bloß war. etc. „Tas war geschmacktes und und unrankbar.“
2117 1603 3478 1738 Kinder-Mannag, Bezirksgericht, Insefändz, aberstraße shall.
724 1641 2044 1735 Jch: "Kofür bin ich Ihnen die Dank schuldig?" Ex: „Ich weiß
2116 1651 3451 1781 Herr Lud had will damit der Schmurgerichtsverhandlung gegen
724 1706 2003 1798 gung Sachen von Ihnen.. Worauf ich, der ich einerserem fand, es sei
712 1747 2025 1844 vielleicht zu viel von mir gewesen, wenn ich bei Gelegenheit Kanners¬
2110 1731 2906 1851 sich in lissiger Weise präjudiren.
2124 1742 3453 1914 Es kommt nun für mich darauf an, zu beweisen, dass ich diesen
712 1788 2032 1888 auf Leidany’s verjährte Bretharm-Gras mit Auspielte, andresseis
2117 1817 3465 1955 Vorfall gleich damals, nach der Kanner-Versammlung: dritten Verso¬
712 1832 2068 1952 über die „Sacheu“, die er wissen wollte, aufgebracht war, ihnen sagte.
2117 1866 3413 2008 nen erzählt make. Ich recht nun, dass ich Ihnen gleich damals
715 1899 2054 2017 (auch aus versammlungstecknisschen Gründen).“ Ich werde jetzt aussprech¬
2117 1924 3412 2075 ausführlich daran Mittelung marnde, um Sie in Kenntnis
719 1947 1972 2075 dass diese Runiniszenz Meine Spitze gegen Sie enthält, und
2117 1979 3418 2139 [11 setzen, dass ros mit Lud assy verfernver sei. Werss, daß
710 1999 2001 2136 dann werden Sie sofort erklären, was sie von mir wissen.
2122 2025 3422 2180 vog Heuer im Sommer 1904 in Pötzleinsdorf, in der stark.
722 2058 1998 2184 Er antwortete: „abgemacht.“ Ich tat nun meinerseits, die
2117 2071 3449 2249 friedgasse, wo ich damals wohnte, die same wieder erzählte,
724 2114 2015 2244 versprochene. Wil ros über aber aufforderte, ja bevorris ihm
2121 2138 3422 2297 worauf sie mir Ludassy’s Schmutzwars über Herge, den
722 2172 2054 2305 nach auffordem konnte, nunmehr sein Wort einzutören, reichte
2117 2206 3401 2350 er kurz nach Färzle Vode geäupend hatte, gleichsam
733 2227 2011 2338 er mir die Hand, mit den Worten:“ sein mir wieder gut..
731 2281 2010 2402 Ich schlug seine Band aus, und begehrte, die Sachen zu
2121 2297 2802 2418 zur Hauskränung mitteilen.
727 2344 1998 2445 wißen. Es blick Taksi: „Laßen wir’s gut sein.“ Da
2133 2327 3463 2455 Wun bitte des Sie, mir das zu bezeugen. Sie sind der Einzige, dem
2129 2399 3420 2510 rs w'oft von der Sache sprach. Es ist nichtig. Jan mir der
717 2387 2020 2519 sagte ich zum, in Erinnerung an manche ähnliche Bübern
2128 2449 3434 2565 Wahrheit gemäß bezeugt sind, er es habe diesen Vorfall lange
727 2464 1991 2577 „das ist echs Ihre Art. Wenn Sie segt nicht sind mit
2129 2507 3446 2674 vor dem Ehrenratsverfahren, often und immer in der¬
