3785 3671
1268 401 1387 503 1741
1878 930 3044 1055 Sie.“ Oder Sie hätten mir sagen können: „es ist keine
701 983 1820 1084 Intentionen aufzuklären, seine Vertimmung zu
1864 1015 3035 1105 hert samme unter in mir!“ Ich wollte weder ein Ver¬
1867 1064 3035 1151 rauen wenn prevazoren, nach Ihnen ein Herrn.
701 1061 1774 1119 beheben. Dan ich auch die Letzte, - ohne böse
712 1114 3041 1244 antenwärke, in weder nur ein Bremerschafsherrnis, wenden aussprechen; - ich wollte klärkür in einer
709 1114 1826 1198 abwehrt, ohne ernen schwimmen Uebergewandten.
715 1148 3050 1279 tichts in mirnem bisherigen Verhalten gegen sie, sache, die mir so sehr am Herzen tragt, wie unsere
1875 1204 3021 1314 vorlesungen. Ich welche nicht, mir dem ärzerten
1867 1259 3027 1367 Schatten einer Bewergung nach einer Rechnung Ihr
704 1262 1811 1332 erich in meinem Brief gehören Summe im Bezahl der
1864 1300 3024 1425 Werk hören. Dass ich welche Druge aussprauch, in
712 1303 1835 1404 der Annahme, ich hätte Ihnen ein hässerches Mons¬
1858 1352 2974 1460 empach ein Garten überter Ehereusser. Dann sie
709 1367 1765 1457 tiviren insinuiren wollen. Dagegen muß den
1861 1393 2977 1515 mir darauf ja antworteten. legt auch nur die
709 1422 1675 1494 mich nur aller Entschreiben verwahren.
1870 1448 2998 1582 Frage vor. Sie sie am Anfang Ihres gewerten Briefes
712 1465 1817 1547 man es sich nicht „nachträgenieh, wenn man von
707 1518 1803 1602 erner Sache tiefer berührt mir, sie setzen einsegnen
1867 1526 2727 1617 aufwerfen, ob es wird besser sie, etc.
1864 1526 3038 1675 Ich woll auf die so zur hettegen und verlegenden Dinge,
704 1564 1826 1657 verletzende Worte, die sch iure gemeins habe, für die
1870 1602 3041 1707 die Sie mir unversin, meine einzelnen. Jetzt nicht. Vielbrecht
709 1634 1239 1704 nieuern wir consortieren.
1861 1649 2995 1753 sprechen wir nach der Vortimmung über den anwenden
707 1646 1814 1747 Ich hreit Sie, und möchte sie für irher berührt werden,
1855 1678 3033 1803 auf Erregung und mugerechtig mir, den sie für eine
1858 1724 2998 1870 selben geltend machen, wir von sie mir nicht
695 1718 1806 1808 Sie übernommenen durch gabte darin die Mitübertung, es
1858 1742 3021 1919 Erbotorgen wollen, über das Sache genau abwertete,
704 1771 1756 1890 sei Thüen eerste möglich, vergleichen schwer“ zu
1872 1835 3006 1963 Ehrtreichkeit“ auf welchem weitere eyrenringen
701 1838 933 1910 nennen.
698 1835 1820 1948 In Ihrem ersten Brief wegen Sie mir klopp wir klar,
1867 1870 3012 2003 einen seine hatten können, und auch darüber, dan
698 1910 1797 1997 sre seien an meiner Kritischen aufrichtigkeit eine
1872 1922 3030 2053 von Ihrer Seite der Wort „Bruch“ in dieser angelegen¬
701 1963 1803 2050 geworden. Und das bis ich Sonntag. Wert aus nun
1867 1963 3015 2105 heit hatten kennen. Er aber wäre es mir, und ermun¬
698 2000 1826 2090 besorgt werde, nie das am Donnerstag sein und, eine
1867 2032 3006 2146 renter freitren gewesen, wenn alles vorher gewonnen
701 2064 1782 2152 Bewegen, von der Sie sehr genau einen mößten
1858 2056 3027 2213 uns im Reine gekommen wäre. Aber offenbar könne
698 2090 1785 2204 san nich ebenra in der Bauren Brünken
1867 2114 2969 2253 Briefe, die aus dem finyseremend nur nicht aus
1875 2172 2995 2294 Vorbedacht geschrieben werden, eine Sache beide.
707 2157 1288 2250 muß, werden Sie heftig.
701 2178 1808 2300 Sie hätten mir nicht wegen können; die Sache
1872 2207 3009 2436 seits nur remitren. Ich resumire! Ure werde rete
695 2265 1791 2378 niret frühren nach in mir nich, - aber kommen
