3478 3719
934 693 2602 880 Schreiben sie nur, bitte wozu sie sich entschließen,
950 826 2590 969 denn die hier herum eine Tour machen, dann
903 923 2440 1058 Konnten wir uns Sonntag doch vielleicht in
973 977 2561 1137 blach treffen, wie die Tour nach Cortine¬
971 1077 2351 1245 migsten, gemeinschaftlich zu machen.
909 1168 2542 1332 Ompeppo sollen sie sich unter keiner Bedingung
981 1243 2544 1399 tgehen laper, man findet nirgends is eine
971 1311 2108 1488 höne strape und 10 eine Gegend.
981 1394 2488 1573 gedenfalls wird mir bis auf weiteres nichts
1123 1488 2442 1631 bleiben als Demüchen zu schreiben und
1156 1562 2287 1722 den Tach um die Ihren zu schlagen.
1050 1575 2575 1803 seines Wollen Sie nicht zu meinem Papa gehen,
1040 1708 2507 1886 ihm wegen, er soll mir mehr geld geben,
1025 1782 2413 1961 stellt ich vor, man bekömmt hier alles
1027 1863 2515 2036 schnett. Die könnten ihm ordentlich zur
1029 1928 2523 2121 hört auf die, und es wurde mir jetzt mütze,
1075 2015 2534 2195 Jedenfalls bitte ich für uns belvige Nach¬
1150 2065 2558 2243 mir träumte heute Frl. Tofe käme zu mir,
1013 2168 2554 2334 die mir in habe erfahren, sie vertragen sie nur
1152 2224 2563 2380 isk soll ihr helfen, Frl.g. daß gerade bei
946 2264 2573 2478 mir und ich wollte nie auf ihre Bitten elektur
932 2351 2588 2532 dem we behauptete Jänner wurden sie die mirattige
944 2409 2581 2598 Mein Brüder schrift zur Thür herein, minne B. wolle
932 2459 2575 2656 mich erschlagen, wenn ich es was thäte, und ich
957 2523 2565 2708 wünste mir nicht zu helfen und verwünschte sie
959 2637 1853 2772 mit Ihren 3 Fremenzimmern.
965 2695 1984 2851 Heute soll defregger wir kommen.
1031 2710 2378 2936 deren sie möglich gequißt von Ihrem
2341 2737 2550 2893 Taille
