<?xml version="1.0" encoding="UTF-8" standalone="yes"?>
<PcGts xmlns="http://schema.primaresearch.org/PAGE/gts/pagecontent/2013-07-15" xmlns:xsi="http://www.w3.org/2001/XMLSchema-instance" xsi:schemaLocation="http://schema.primaresearch.org/PAGE/gts/pagecontent/2013-07-15 http://schema.primaresearch.org/PAGE/gts/pagecontent/2013-07-15/pagecontent.xsd">
    <Metadata>
        <Creator>prov=READ-COOP:name=TrHtr:version=2.1.0:model_id=51170:date=26_07_2023_05:10</Creator>
        <Created>2023-05-02T07:47:47.514+02:00</Created>
        <LastChange>2023-07-26T05:10:20.167+02:00</LastChange>
        <TranskribusMetadata docId="1416711" pageId="54952063" pageNr="317" tsid="130896531" status="IN_PROGRESS" userId="64420" imgUrl="https://files.transkribus.eu/Get?id=WMPFXNARIZVVIHSLUZQPQQTO&amp;fileType=view" xmlUrl="https://files.transkribus.eu/Get?id=XLUXDPBDQZGWZSZDTRBTOWJH" imageId="44455789"/>
    </Metadata>
    <Page imageFilename="1416711_0317.jpg" imageWidth="4178" imageHeight="3703">
        <ReadingOrder>
            <OrderedGroup id="ro_1711828941658" caption="Regions reading order">
                <RegionRefIndexed index="0" regionRef="tr_1"/>
            </OrderedGroup>
        </ReadingOrder>
        <TextRegion id="tr_1" custom="readingOrder {index:0;}">
            <Coords points="1367,445 2720,445 2720,2085 1367,2085"/>
            <TextLine id="tr_1_tl_1" custom="readingOrder {index:0;}">
                <Coords points="2287,501 2300,496 2339,525 2373,516 2423,530 2448,523 2481,538 2517,518 2539,535 2577,533 2580,429 2554,422 2506,453 2469,462 2448,439 2425,444 2401,427 2388,435 2343,429 2291,409"/>
                <Baseline points="2296,507 2314,504 2359,498 2403,498 2448,498 2493,495 2538,495 2583,495"/>
                <TextEquiv>
                    <Unicode>„ „ 4 „ —</Unicode>
                </TextEquiv>
            </TextLine>
            <TextLine id="tr_1_tl_2" custom="readingOrder {index:1;}">
                <Coords points="2163,1013 2208,1021 2236,1038 2309,1013 2329,1024 2350,1016 2378,1024 2398,1008 2413,1010 2408,899 2382,895 2332,907 2158,899"/>
                <Baseline points="2171,985 2215,982 2260,985 2305,985 2350,988 2395,991 2415,988"/>
                <TextEquiv>
                    <Unicode>Samstag</Unicode>
                </TextEquiv>
            </TextLine>
            <TextLine id="tr_1_tl_3" custom="readingOrder {index:2;}">
                <Coords points="1819,1036 1829,1036 1852,1019 1880,1018 1892,1008 1921,1005 1928,1010 1940,1003 1951,1013 1968,1008 1974,897 1903,895 1897,902 1827,890"/>
                <Baseline points="1830,1003 1839,1003 1884,997 1929,997 1973,994"/>
                <TextEquiv>
                    <Unicode>226</Unicode>
                </TextEquiv>
            </TextLine>
            <TextLine id="tr_1_tl_4" custom="readingOrder {index:3;}">
                <Coords points="2269,1149 2348,1193 2377,1180 2405,1195 2449,1187 2459,1200 2492,1182 2529,1195 2549,1183 2605,1188 2631,1021 2569,1005 2400,1066 2325,1034 2286,1041"/>
                <Baseline points="2278,1143 2311,1140 2356,1137 2400,1137 2445,1134 2490,1125 2535,1107 2580,1098 2624,1095"/>
                <TextEquiv>
                    <Unicode>Nov 8th</Unicode>
                </TextEquiv>
            </TextLine>
            <TextLine id="tr_1_tl_5" custom="readingOrder {index:4;}">
                <Coords points="1360,1367 1397,1374 1422,1372 1427,1365 1453,1380 1466,1369 1490,1367 1519,1375 1518,1236 1491,1241 1460,1228 1448,1238 1433,1230 1423,1238 1387,1240 1379,1231 1359,1240"/>
                <Baseline points="1370,1331 1415,1331 1460,1331 1505,1334 1523,1331"/>
                <TextEquiv>
                    <Unicode>lieber</Unicode>
                </TextEquiv>
            </TextLine>
            <TextLine id="tr_1_tl_6" custom="readingOrder {index:5;}">
                <Coords points="1514,1400 1830,1425 1882,1390 2633,1394 2679,1390 2679,1311 2478,1289 2401,1332 2183,1319 2094,1354 1940,1298 1827,1334 1514,1324"/>
                <Baseline points="1523,1388 1564,1388 1609,1385 1654,1385 1699,1388 1743,1385 1788,1385 1833,1385 1878,1385 1923,1382 1967,1382 2012,1382 2057,1382 2102,1379 2147,1379 2191,1379 2236,1379 2281,1379 2326,1379 2371,1379 2415,1379 2460,1379 2505,1379 2550,1376 2595,1373 2639,1370 2684,1373"/>
                <TextEquiv>
                    <Unicode>Sie Verhandlung Ludassy am Mandag enställt, da der</Unicode>
                </TextEquiv>
            </TextLine>
            <TextLine id="tr_1_tl_7" custom="readingOrder {index:6;}">
                <Coords points="1370,1476 2653,1461 2694,1455 2696,1394 2077,1390 1799,1433 1372,1398"/>
                <Baseline points="1379,1463 1400,1463 1445,1460 1490,1460 1534,1460 1579,1460 1624,1460 1669,1460 1714,1457 1758,1460 1803,1460 1848,1457 1893,1457 1938,1454 1982,1454 2027,1451 2072,1451 2117,1451 2162,1448 2206,1448 2251,1445 2296,1448 2341,1445 2386,1445 2430,1445 2475,1442 2520,1442 2565,1442 2610,1439 2654,1439 2699,1439"/>
                <TextEquiv>
                    <Unicode>Adonkar des Klägers meinen Vertreter bat, es möchte die Sache</Unicode>
                </TextEquiv>
            </TextLine>
            <TextLine id="tr_1_tl_8" custom="readingOrder {index:7;}">
                <Coords points="1375,1534 1516,1564 2704,1518 2706,1458 1377,1473"/>
                <Baseline points="1385,1531 1409,1531 1454,1534 1499,1531 1543,1528 1588,1528 1633,1525 1678,1525 1723,1523 1767,1523 1812,1523 1857,1520 1902,1520 1947,1517 1991,1517 2036,1514 2081,1514 2126,1511 2171,1511 2215,1508 2260,1505 2305,1505 2350,1502 2395,1502 2439,1502 2484,1502 2529,1499 2574,1496 2618,1493 2663,1493 2708,1490"/>
                <TextEquiv>
                    <Unicode>aussergerichtig beigelegt werden, und Dr Harpner leider, ohne</Unicode>
                </TextEquiv>
            </TextLine>
            <TextLine id="tr_1_tl_9" custom="readingOrder {index:8;}">
                <Coords points="1370,1610 2209,1569 2327,1605 2411,1566 2590,1581 2655,1559 2658,1508 1372,1569"/>
                <Baseline points="1379,1597 1406,1597 1451,1597 1496,1594 1540,1594 1585,1591 1630,1588 1675,1585 1720,1585 1764,1582 1809,1582 1854,1582 1899,1579 1944,1579 1988,1576 2033,1573 2078,1573 2123,1573 2168,1567 2212,1567 2257,1567 2302,1564 2347,1564 2392,1561 2436,1561 2481,1558 2526,1555 2571,1552 2615,1552 2660,1552"/>
                <TextEquiv>
                    <Unicode>mich zu fragen, in eine einstweilige Vertugnung gewilligt</Unicode>
                </TextEquiv>
            </TextLine>
            <TextLine id="tr_1_tl_10" custom="readingOrder {index:9;}">
                <Coords points="1379,1667 2310,1658 2694,1622 2698,1557 2327,1604 2218,1571 1380,1615"/>
                <Baseline points="1388,1663 1400,1660 1445,1657 1490,1654 1534,1651 1579,1645 1624,1645 1669,1642 1714,1642 1758,1639 1803,1639 1848,1639 1893,1639 1938,1636 1982,1633 2027,1633 2072,1633 2117,1633 2162,1633 2206,1630 2251,1627 2296,1627 2341,1624 2386,1621 2430,1618 2475,1618 2520,1615 2565,1612 2610,1609 2654,1606 2699,1600"/>
                <TextEquiv>
                    <Unicode>hat. Ich danke Ihnen jedenfalls herzlich für Ihre Bereit¬</Unicode>
                </TextEquiv>
            </TextLine>
            <TextLine id="tr_1_tl_11" custom="readingOrder {index:10;}">
                <Coords points="1372,1749 1473,1761 1531,1718 1599,1736 1619,1718 1716,1728 1759,1708 1822,1739 1855,1715 1915,1718 1916,1660 1887,1672 1820,1643 1774,1662 1748,1648 1614,1668 1494,1655 1394,1688 1375,1678"/>
                <Baseline points="1382,1720 1427,1714 1472,1714 1517,1711 1561,1711 1606,1711 1651,1708 1696,1705 1741,1705 1785,1702 1830,1702 1875,1699 1920,1702"/>
                <TextEquiv>
                    <Unicode>willigkeit, auszusagen.</Unicode>
                </TextEquiv>
            </TextLine>
            <TextLine id="tr_1_tl_12" custom="readingOrder {index:11;}">
                <Coords points="1503,1794 2691,1764 2718,1688 1506,1729"/>
                <Baseline points="1514,1776 1555,1776 1600,1773 1645,1773 1690,1770 1735,1770 1779,1767 1824,1767 1869,1764 1914,1764 1959,1761 2003,1758 2048,1758 2093,1758 2138,1755 2182,1752 2227,1752 2272,1749 2317,1746 2362,1743 2406,1743 2451,1741 2496,1738 2541,1738 2586,1735 2630,1732 2675,1735 2720,1741"/>
                <TextEquiv>
                    <Unicode>die Kinder sind krank. Paul had eine Warte Angina.</Unicode>
                </TextEquiv>
            </TextLine>
            <TextLine id="tr_1_tl_13" custom="readingOrder {index:12;}">
                <Coords points="1355,1873 2635,1806 2655,1753 1360,1781"/>
                <Baseline points="1367,1845 1403,1842 1448,1842 1493,1842 1537,1839 1582,1836 1627,1836 1672,1833 1717,1830 1761,1830 1806,1827 1851,1824 1896,1824 1941,1821 1985,1818 2030,1818 2075,1815 2120,1812 2165,1809 2209,1809 2254,1806 2299,1803 2344,1803 2389,1800 2433,1797 2478,1797 2523,1794 2568,1788 2613,1788 2657,1791"/>
                <TextEquiv>
                    <Unicode>Der Arzt fürchtete zuend Schartag. Vorsichtigerweise kann</Unicode>
                </TextEquiv>
            </TextLine>
            <TextLine id="tr_1_tl_14" custom="readingOrder {index:13;}">
                <Coords points="1367,1907 1585,1933 2391,1882 2645,1849 2646,1809 1369,1857"/>
                <Baseline points="1376,1905 1394,1905 1439,1902 1484,1905 1528,1902 1573,1905 1618,1899 1663,1893 1708,1890 1752,1890 1797,1887 1842,1884 1887,1881 1932,1878 1976,1878 2021,1875 2066,1872 2111,1869 2156,1869 2200,1866 2245,1866 2290,1863 2335,1860 2380,1857 2424,1854 2469,1851 2514,1848 2559,1845 2604,1842 2648,1836"/>
                <TextEquiv>
                    <Unicode>ret, mich jetzt weder auf dem Teunisplatz nach denselben</Unicode>
                </TextEquiv>
            </TextLine>
            <TextLine id="tr_1_tl_15" custom="readingOrder {index:14;}">
                <Coords points="1357,1979 1789,2012 1832,1984 2027,1989 2155,1940 2180,1960 2294,1930 2297,1893 2027,1877 1938,1908 1890,1888 1359,1940"/>
                <Baseline points="1367,1976 1403,1973 1448,1970 1493,1967 1537,1967 1582,1961 1627,1961 1672,1956 1717,1953 1761,1950 1806,1947 1851,1944 1896,1941 1941,1938 1985,1938 2030,1935 2075,1932 2120,1929 2165,1926 2209,1926 2254,1923 2299,1926"/>
                <TextEquiv>
                    <Unicode>in die Nätze eines Kindesvaters wagen.</Unicode>
                </TextEquiv>
            </TextLine>
            <TextLine id="tr_1_tl_16" custom="readingOrder {index:15;}">
                <Coords points="2190,2029 2249,2012 2320,2036 2391,2008 2610,2011 2613,1915 2522,1913 2482,1931 2415,1902 2347,1930 2312,1916 2284,1933 2262,1921 2193,1938"/>
                <Baseline points="2200,2003 2212,2000 2257,1997 2302,1994 2347,1991 2392,1991 2436,1991 2481,1988 2526,1988 2571,1985 2615,1988"/>
                <TextEquiv>
                    <Unicode>Aufrichtig zur</Unicode>
                </TextEquiv>
            </TextLine>
            <TextLine id="tr_1_tl_17" custom="readingOrder {index:16;}">
                <Coords points="2411,2084 2459,2100 2474,2090 2497,2102 2532,2090 2578,2104 2620,2087 2658,2100 2694,2097 2696,2014 2670,2003 2617,2012 2577,2004 2562,2011 2552,2001 2537,2009 2464,2004 2448,2016 2413,2014"/>
                <Baseline points="2421,2075 2430,2072 2475,2069 2520,2069 2565,2069 2610,2066 2654,2069 2699,2069"/>
                <TextEquiv>
                    <Unicode>Franz Talhür.</Unicode>
                </TextEquiv>
            </TextLine>
        </TextRegion>
    </Page>
</PcGts>
