3464 3656
272 1245 1547 1314 seit waren wir uns das nicht mittheilen. Das
292 1297 1534 1380 sie einen kleinen Neffen haben, müste ich, aber das
302 1353 1602 1432 kann mir doch nicht imponiren, da ich doch zwei
298 1391 1509 1480 Föchter habe! Übrigens habe ich jetzt weder acht
288 1453 1532 1537 Schreckenstage mitgemacht. Ich bin nämlich
307 1483 1514 1566 einmal doch erlegen, und so kannen deme
305 1539 1462 1621 die acht langen Tage. Endlich erschien, die
330 1599 1532 1673 gefähr doch beseitigt und ich atmete auf
320 1661 1495 1745 Es wäre wirklich zu schrecklich gewesen.
318 1720 1475 1802 übrigen verbinge ich nach dieser Seite
318 1758 1532 1854 tien aigé Tage. Sienen Sceuen, Scenen
339 1815 1532 1903 Wie einem da zu mitte und, können
334 1891 1514 1958 nicht einmal sie recht hissen. Es gibt
349 1926 1540 2032 gegenwärtig, besonders aber heute, keine
347 2001 1482 2094 Frau die nur unausstehlicher, wäre
330 2047 1483 2146 als meine geliebte. Sie hat übrigens
337 2107 1537 2206 gestern, als wir eine Stunde lang nostlos
325 2171 1416 2273 wird rüthend nebeneinander sassen
355 2228 1510 2313 plötzlich gerugt: „Uns solte man niet
360 2305 1490 2414 Knütteln aus einander jagen,” O1 ure
367 2365 1522 2472 recht! Wir und übrigens in ein, Stadinden
372 2447 1537 2534 getreten, in welchem jeder Streit sofort aus
357 2504 1455 2578 artet und nicht wieder gut zu machende
370 2565 1512 2657 gegenseitige Geschimpfungen hervorauft.
364 2617 1535 2710 ich Ihre nichts, um das zu mildern
1675 1182 3022 1304 und konnte es auch nicht Intensio denke
1680 1252 2987 1336 ich aus Fortreisen, wo ich dann durch Ruhe und
1683 1302 2974 1395 lieberle Umgang mich zu erholen, und ihr
1698 1348 3027 1458 durch Briefe unsere Nicht zusammengehörigkeit.
1701 1420 3024 1514 endringlich vorzustellen beatrichtige, dass Bitt¬
1706 1462 3006 1579 erst Anfangs September fahren will in fatal,
1703 1520 2964 1619 aber da er den „Göllertreblin“ fertig macht.
1703 1584 2982 1663 lässt sich nichts Thun, den erst jedenfalls nicht¬
1695 1636 2910 1728 tiger, und wenn er im Herbste erscheinen will
1710 1663 3056 1784 wel er doch dazu schanden, noch diesen monat (August)
1716 1750 3027 1847 perty zu werden. Mit mir steht die Sache so. Ich
1696 1810 3029 1904 Mann den 13. od. 14. August fort. mun aber jedesfalls
1716 1864 2995 1971 den 1. September zurück sein. Wenn wir zusammen
1720 1911 3014 2018 versin, dann mussten sie sich längsten bis 1. Aug
1737 1981 2987 2082 entschlossen haben, damit ich mich danach
1733 2022 2977 2124 einrichten kann. Für desen Fall käme ich
1728 2068 2880 2191 nicht nach Tochl, sondern wir träfen uns
1732 2127 2997 2243 entweder in Wien, oder am 16. Aug. in Stettin,
1738 2194 3014 2303 Da ich auf 1 Tag nach der Insel Rügen muss,
1735 2241 2907 2353 Nun aber folgendes: Moriz Rosenthal, den ich
1730 2312 2932 2427 heute sprach, sagte mir er könne nicht
1705 2377 2942 2488 dringend genug vor Kopenhagen wernen
1747 2429 2922 2523 Es sei neder schön noch gut dort, ferner
1737 2501 2982 2602 theuer, schlechte Bäder er. Er ratte Rügen
1757 2563 2910 2669 an, oder Sylt, geniss/ nicht Kopenhagen.
1758 2612 2940 2732 Geht es noch, den daran gemittelt, und
1772 2674 2949 2794 Ferner: Wenn Sie nicht sehr gerne von
