4178 3703
1350 976 2771 1128 könnten. An den Ausflug an die Mordre und ich nach
1346 1067 2780 1212 nicht mit nehmen. Ich will, wenn’s geld, in Baussin noch
1355 1121 2796 1282 arbeiten. Die vorzelne Tage Eenden-Strassen-Cambrüdge
1355 1181 2789 1342 waren sehr innen. Die Seefahrt - bin nach Smitnampion.
1357 1249 2767 1389 rünück von Mynwülle über Charbeurz – minderweil. Die
1366 1312 2780 1459 englische Landschaft ist bernähe überall es schön wie
1369 1439 1645 1516 Ombach.
1385 1428 2748 1572 Schreiben Sie mir bis zum 14. nach Berlin. Von da ab
1369 1529 2137 1647 Seebad Bansin, Seestrasse 5.
1666 1543 2792 1745 Viele herzliche Grüße Ihnen, Frau Olya und
1663 1715 1880 1797 Heim.
2198 1677 2567 1815 Ihr Salsin.
