3490 3704
808 417 905 522 1/1
1385 795 2209 923 155    florenz, 22 Mai [18]08
1081 1036 2385 1160 Leider Arthur, eben das reh Ihre kleine Mo¬
1077 1146 2326 1257 velle in der „N.fr. Pr.“ Ich glaube, das ist nicht
1081 1189 2395 1329 klagam sich etwas Gutes, wurden auch ein Schriti¬
1079 1294 2350 1403 weiter. Es mit alles Bychatagriche in eine Knappe
1069 1352 2375 1477 Gegenständlichkeit verlegt, und gut zusammen
1079 1404 2354 1547 gefasst. Meinmée nur manpassant. Und
1081 1455 2390 1577 er ist mittlich, erzählt. Ich finde neue Herren
1073 1508 2375 1654 und thunche mich hoffentlich nicht. Ne¬
1081 1575 2318 1703 beubie. Rö ganze Rücke trige auch drin, nu
1069 1656 2306 1792 Extract, und eigentlich viel plastischer mir
1076 1685 2400 1853 aufrichtiger, obent wir und leinten alles fehlt.
1077 1756 2367 1912 Der Frül. Dämmerselle rechnet mir aber ganz der
1074 1836 2367 1987 fehlt. - Geschrieben wennet ich alles weiter aus
1066 1864 2339 2047 hätte – redingieren sre ains das folgende auf die
1071 1914 2393 2125 Wollweg des Gesagten: Es ist ein Dönnaum Titel
1074 2014 2337 2166 s. h. im V gerichte eine gattung abzugrungen, zu
1069 2084 2304 2235 benennen, aber die Grenze und die Benennung
1073 2143 2352 2309 wird nicht scharf, und sein Worthaftet eine
1076 2171 2382 2387 terdige, das seitimmelte gehende Wirchheit an.
1071 2239 2375 2441 Estrige auch kaum die Unterwenigkeit vor, durch
1073 2314 2336 2490 den Titel etwas zu erklären, mit dem selbst
1073 2383 2364 2557 den Wort zu ergreifen. Und gerade mit diesem
1074 2436 2383 2615 Titel mit allen in einer eigenschrei hinwenden und
1073 2498 2367 2689 auch dreführenden Art verweg genommen. Er
1077 2556 2370 2766 wollleicht aus der Hofkirche besser zu treten
1076 2628 2398 2823 avec besten ans der Einfachheit. Ganz anperordent.
1073 2708 2337 2948 lichkeit der Schleibß, dargeht in kröger Hendring
