4174 3705
1172 1412 1646 1531 Gruss aus. Sanssouci-Potsdam
1727 1408 2434 1586 Sicilianischer Garten mit Bogenschützen v. Prof. Geige
1108 1506 1983 1601 Auf einer schönen Automobilteur herzliche Grüße
1960 1563 2100 1637 Samm
1128 1555 1563 1656 genommen wurde
1115 1775 2073 1901 Donnerdag abds. nach dem „Einsamen Weg“.
1098 1877 2610 1990 Wir sind alle ziemlich kopnt – aber auf eine edle Weise. (Es gibt kaum eine
1094 1956 2574 2075 vernehmere Männer, den Leiten die Lebenstreude abzugenöhnen, als dieses schöne
1098 2019 2476 2160 Stück) Viele herzliche Grüße Ihnen u. Otya The Salten
1109 2107 2587 2249 Trotz einer miserabeln Aufführung hat mir dieses Werk
1143 2196 2043 2315 wieder sehr gefallen. Henzlich O’Bahn
2094 2215 2529 2317 Es war doch sehr
1115 2260 2578 2397 schön & alles Uebrige werde ich Ihnen der Sommer in Nordvigh
1117 2328 2548 2434 sagen. Herzlichek Grüße Ihnen & Ihrer lieben Frau. Clare Jonas
1119 2404 2461 2523 Von Ihrem Werk tiefergriffen grüsst Sie herzlich Ihr Kleilbrt,
1147 2472 2570 2570 Vielen Dank und herzlichen Gruß
1155 2544 2578 2633 von Ihrem ffischer. Der Einsamm¬
1098 2572 2546 2671 Weg ist eine herrliche Auferstehung gefeiert ux¬
1057 2620 2574 2744 denken ihrer in Durchbücheit. Ihre Hedwig Tischer
1143 2680 2026 2827 Herzlichen Gruss als Louis
