3526 3704
2328 1186 2467 1323 9r
1055 1295 2517 1424 Zieher, ich muss unter auch für Freitag ab¬
1046 1362 2533 1531 sagen. Ich bin diese Woche zu sehr in An¬
1061 1445 2498 1590 spritte zusammen. Aker Mittwoch ganz be¬
1059 1498 2513 1660 stammt kassunterin samt Ihnen dieser Tag.
1066 1605 2494 1731 Wenn Sonntag schönes Witter ist, fahren mir
1070 1649 2430 1825 Vormittag schöne sorgendem Annoms, wie ein¬
1089 1725 2546 1884 Freien zu einen, am eersten neue Hreyring
1090 1799 2520 1932 weit ich meinem Mädere schriebürnes zeigen
1083 1836 2446 2002 möchte. Wir wurden uns sehr freuen
1094 1893 2570 2100 wenn sie und wir zusammen sein könnten,
2188 1970 2459 2077 Ihr E
1744 2002 2109 2111 verz.w.
1017 2044 2421 2166 Wir nennen mussi dem Teurl mit, wir tritten noch Hernicher
1063 2096 2529 2238 eine Freude Wagen? Die Sumnkurs lt. statt Vira die Wagen. Grünnen,
1908 2144 2205 2221 der völlig.
