4504 3577
3049 1576 3129 1658 A
2813 1590 3002 1690 7.9.19
2815 1660 3023 1754 Berghof
1743 1775 1890 1889 Lieber
1901 1810 3122 1965 nürzlichen Tank für Ehr Telegrammen. Wie sehr es mir wohlseit und
1731 1915 3083 2043 mich freut, brauche ich eigentlich kaum zu sagen, möchte es aber
1722 1992 3128 2123 Tock sagen, um Kusser aufrichtig zu danken. Besonders auch Papier¬
1727 2073 3094 2180 Fass meine Zuneigung, meine Verührung und meine Freundschaft
1725 2137 3076 2256 für die im Laufe des Lebens und immer festet, überzeugter und
1720 2212 3048 2329 inniges werden konnten, und dass auch sie mir dure güte
1704 2286 3131 2389 Gesinnung so bewahrt haben. Das bleibt nun so. Senke ich, ohne
1718 2357 3115 2444 der Worte zu bedürfen. Sie haben Recht: lassen sie uns die Frücke
1697 2434 3103 2565 Weges noch öftet und näher zusammen bleiben. An mir sch¬
