4504 3593
1646 1516 1938 1621 wies schlm.
1652 1530 3057 1689 Von Olga bekam ich gestern im liebes Telegramen. Ich hoffe, sie am
1646 1619 3021 1757 Dienstag noch in Satzburg schon und ihr Tanken zu können.
1652 1664 3035 1788 ceus etlichen anderen Telegrammen, die heute kämen, wird mir die
1655 1714 3080 1850 Beführtung, es habe in irgend einer wiener Zeitung von meinem
1655 1779 3035 1918 50. Günststag gestanden. Das wäre mir sehr unangenehm!!
1650 1843 3091 1986 Trennendag abnis nicht ich in Wren zum. Also, auf recht baldiges
1657 1897 3082 2056 Wiederschen, nochmals: Tanke, und sich herzliche Quitte von
2385 2002 2715 2111 Jur Félix 1
1655 2025 2109 2118 wie wie von mir.
