3757 3688
1331 804 1418 931 ste 3
1504 892 1655 1030 187
1825 851 2301 1038 Ommentley
2318 946 2674 1131 1862 904
1224 1150 2680 1333 Lieberartheur gestern hörte ich mich einen
1194 1273 2676 1437 Zufall, den Ihr geb. Masien had. Ihr Brief
1193 1362 2672 1506 könnte hüßt erfreutschemreise in Vermittlung
1209 1446 2689 1624 yor, dais die Sache geweest arg ist. Wollen
1179 1581 2620 1708 Es hoffen wird verstreckend wünschen. Wird
1176 1670 2646 1797 Ihre Reise ludurch wennten verschoben!
1179 1773 2622 1887 Wenn es nur Berni waren besser genommen,
1168 1863 2547 1993 möchten mir Sie gerne noch einen
1185 1926 2682 2101 Grund bei uns schon, die abreiten¬
1284 2047 2659 2212 Über Ehrm würde ich gerne verwerben. Herder
1172 2120 2678 2314 gehte nicht. Aber ich steh’ mit A-H nicht
1178 2223 2682 2385 is, dann den von mir wegen könnte. Dis¬
1161 2357 2562 2495 hat werde ich also vermittelt, den
1161 2426 2652 2590 nach den Prafenar. Singer zu ermun¬
1151 2575 1437 2710 provin¬
1286 2596 2587 2844 Bitte geben Sie bald Nachweis,
