4178 3703
1477 1064 1912 1135 Bansin. 23. VIII. Tb.
997 1189 1959 1284 Lieber. Schönen Dank für Ihre Kästin am wei¬
979 1263 1944 1339 mar. Wir bleiben noch ca 10-12 Tage hier, geben
987 1318 1924 1394 dann nach Lüberz u. Hamburg. dann noch
980 1367 1919 1453 Weimar und Eisenad. Zuletzt begleitet und
985 1418 1927 1495 Olli nach Dresden. Ja bin gegen den 10. Septb.
987 1481 1919 1553 in Wrm, nur fahre – wahrscheinert - zu den
985 1516 1931 1613 Frauenmanöveni in der Adria. Von da nach
980 1562 1942 1665 ein paar Tage Venedig, dann se finilio wien.
987 1619 1895 1712 Wenn das Wetter schön bleibt, könnten Sie
974 1677 1919 1763 trigen eines Teunisplatz [vomittag] etwas
979 1718 1883 1812 veranlassen. Mein Schwager Richard, der
965 1768 1922 1874 in Reichenau mit uns spielte, spielt jetzt nach
969 1818 1897 1913 schärfer und und ein güter Parhner sein.
963 1863 1897 1962 übersieder, Sack und Päch, am 14. September.
963 1914 1916 2013 Wir sind können Wohnung in der Kaufstrasse
967 1959 1896 2089 les; müssen sie am 14. schon räumen. Eine
965 2014 1892 2131 Chance. Denn ich hätte sonst  ganze miete
962 2084 1910 2194 für die résiliche Verträgereit, aun 5000.- M. der
955 2139 1920 2249 meiner Abreise Deponiren müßen, u. hätte dann
947 2206 1883 2311 wer weibere viel verlaren. Auf bald Mozirme
955 2274 1833 2367 Grüße von uns zu Ihnen Ihr Salten
2646 2145 2923 2194 Gruss aus dem
2587 2174 2977 2241 zoologischen Garten
2451 2206 2866 2268 27.7.06. zu Berlin.
2477 2244 2598 2290 Ards
2368 2261 3066 2351 Lieber, heute aus Wien rücück, mit
2240 2314 3054 2401 dili hier Rendez von s. Dienstag früh
2122 2371 3064 2441 Ab Hennesdast. Kaponhagen, sind
2138 2389 3054 2469 wir Donnerstag in marienlyk. Freuen
2137 2458 3000 2535 uns auf das Wrederschen und grüssen Sie
2122 2489 2286 2569 Beive
2798 2505 3002 2560 sallen
2280 2497 2742 2566 eine Sterne bis weit
2280 2482 3097 2633 père herzliche Hause M. B.
