3490 3704
2515 694 2637 790 160
2077 694 2164 805 DIGE
2030 784 2236 873 LEIT
2822 799 3335 905 WIEN 75. Octob.ör
1947 856 2334 927 Wiener Tageszeitung
2714 878 3067 973 I., Wipplingerstrasse 38
2040 910 2219 959 Herausgeber:
2000 944 2258 992 Prof. Dr. I. Singer
1994 980 2260 1035 Dr. Heinrich Kanner
2051 1027 2215 1097 Redaction.
288 1044 1804 1195 "Molod" trotz dem ich ihm das coste mal refusirt habe.
1930 1071 2330 1131 Telegramm-Adresse: Zeit, Wien
1921 1116 2326 1156 Interurbanes Telephon Nr. 15.988
298 1114 1787 1233 besprechen. Hugo Ganz hätte ihn übel zugesichtet
1926 1148 2326 1221 =Telephode Nr. 17.ha0, 17.041 =
290 1167 1772 1338 und Gat mich schließlich dämme, weil es hergl’s
1951 1225 3276 1387 Lieber Freund, ich habe sehr bedauert, von
287 1235 1800 1399 ysman "Alsneuland" u übernommen hat. Ich habe
303 1299 1798 1474 aufmerksam gemacht, das ich das Gesch nimm
1874 1304 3378 1504 mich die Satzcorrectur zum Fünfkreuzerlang" Samstag
300 1363 1815 1549 leiben kann, und da man davon keinen Anstoß
1866 1387 3280 1612 bis 2 Uhr in der Redaction aufhält, is dem rek
300 1444 1808 1634 nahm, habe ich weiter keine Ursache, mit meiner
1868 1448 3333 1680 Sie nicht mehr sehen konnte. Ich bitte sie nun
307 1499 1764 1704 ganzen Meinung über 4. zurückzuhalten. Bei
1870 1557 3344 1785 um einige Kleinigkeiten, die sie gelegenttoch, ohne
303 1600 1742 1774 attedenn hat W. nach Glück. Erstens er an¬
1874 1619 3350 1849 Mühe ausrichten, und für die öth. Ihnen sehr
311 1666 1798 1874 ganz würden entwischt, zweiten nicht ihm
1879 1710 3323 1943 Sankbar wäre. Erstens Herrn Dr. Löwenfeld
292 1727 1761 1943 die Raseri Trebsisch’s bei mir der schon glaubt
303 1813 1757 1985 Versag der michsten Woche, an welchem mein
1883 1779 3336 2011 bestens von mir zu quissen, und ihm zu sagen,
292 1827 1811 2072 Molach = F. erscheint, sei der Tag des Herrn Trebstsch.
1883 1887 3372 2115 dan ich seinen Außsatz über volksthümtsche Aufsiker¬
307 1934 1804 2160 Gettke ist seit ca 14 Tagen nu Beitz Ihres Vertuigen
1883 1947 3327 2179 vorstellungen schon schulichst erwarte. Dann
313 2043 1776 2239 Ich beruthe ihm heute, und mache ihm von
1881 2030 3338 2262 erkundigen Sie weh, hatte, nach dem Schauspiele¬
1893 2102 3323 2320 Peril Paschen (Schilterthræter) was den für ein
311 2111 1753 2332 der ingnischen eingetretenen Andenung der Dinge
1883 2179 3321 2415 Mensch rit. Ich habe durch Geh. Rt. Forster
300 2173 1802 2401 Mittheilung. Das schickt allerdings die Princiere
1894 2302 3267 2496 einen Artikel von ihm bekommen über
309 2324 1233 2464 im R. Th. ein wenig hinaus.
1904 2352 3363 2599 die Schweineri, des continentanes. Zuteyt noch
320 2390 1436 2590 Wissentlich schreiben Sie mir bald.
1913 2443 3367 2673 – wenn bei Fischer eine endgültige Entscheidung
1250 2481 1734 2628 Herzericht Mr.
1902 2554 3338 2777 getroffen ist. Depeschirm til mir, kolle. Ich
1542 2577 1776 2737 Salten
1908 2635 3269 2890 Hin sehr neugierig, wie sie noch nicht
1919 2767 3282 2969 Senken kämmen. Ich muß nun den
