4174 3705
2094 428 2334 543 1:10:1:4
1077 455 1188 540 1
1291 941 2716 1038 Dingen ist bei Reicher nichts zu würen. Er ist ganz und gar bür¬
1294 1020 2730 1104 Gerlich. Had leider den mamend versämmer, Kinder zu zeugen, niet
1291 1083 2732 1133 Seinen er jetzt Schabbes machen oder den Seder-Abend haltun¬
1291 1115 2680 1187 nönnte. Mir wäre, wie ich gewiss nicht und zu sagen brauche.
1283 1171 2696 1249 auch der jüdische Jülian reind. wenn es mir eben im Intian¬
1291 1203 2682 1283 wäre: etwa Adalber Gaersenmidt, der ja den gütischen uns zugleich einen
1291 1269 2703 1341 bauvel'schen Erschlag had. Allein Reicher ist trasten, und escheint höch¬
1292 1319 1995 1402 eins als verkrachter Familienväter.
1289 1382 1445 1475 Wondag.
1298 1421 2687 1527 Gestern müde ich kürze Benüsse (die leute enantun hier unantmöthéte
1289 1502 2678 1576 Besuche) wiederbrochen. Abends trat ich zufällig Bittner. Er ist nicht
1292 1534 2642 1624 abgeneigt, den Sülian in Wien zu spreien. Oder genauer: “nu
1296 1597 2687 1674 Pungsp urend Vagegen. Als von ihm sagte, sie hätten verneswegs
1298 1633 2687 1719 darauf bestanden, dass er den Feindagunkten gibt, und können¬
1298 1703 2678 1757 nun sein versagen auch nicht übrigenommen war er erfreut
1289 1724 2700 1814 Er meint nur, es mir für Braun schwer sein, Büsner die Balle
1283 1785 2707 1866 abzunehmen, und die für Böhner nätigen Preben abzuhalten.
1289 1841 2631 1927 Außerdem und Braun es nicht ganz schon, wenn Bitteur
1307 1873 2694 1979 über eine genanntre Kommt. Die bemägt für wien 12 Abende
1298 1922 2667 2008 wechsel mit “Etya“ geweckt scheinen. Ist er im "Ernsamen
1298 1972 2685 2078 Weg“ tätig, undts dann Berlin das Phos zahlen, was er
1301 2020 2653 2131 um Sie nomm - überhaupt, und im Fak Bithur end recht
1289 2101 1678 2174 tüßer vermeider.
1305 2122 2691 2221 Was sich ihn, nach Ihrer Meinung, tun? Dass er mit Vergnügen
1291 2207 2678 2284 zu altene bereit bin, brauche ich nicht ent zu sagen, Erwägen
1285 2244 2621 2316 Sie, was er Ihnen wegen mir u. Bähme sagte, und mitten
1291 2289 2646 2375 Sie nach, wie man es machen mönnste, dass zu bei Braun
1294 2361 2653 2431 nicht eine Unannehmlichkeit erzehre. Soll m. erweisend Eicas
1303 2380 2644 2493 zu dem schicken? Das nicht ich auf alle Fülle gleich für
1300 2463 2689 2536 Eben namens wieder Bünch. [Sie Leute meinen hier unaufhärtig
1291 2511 2630 2594 Demüche) Ich will aber, dass der Brief heute erbgeht. Aber
1321 2583 2432 2674 viele herztünde Grüße wie aus die Beide.
2416 2583 2658 2716 [illegible]
1237 2665 2122 2744 B. Jawessöhne Febr. ja auch gegen Müller!
