3526 3704
1345 1238 1579 1314 xyz
898 1282 2361 1489 Lieber, da wir die Amme und das kleine nicht in lange
900 1374 2372 1538 allein lassen wollen, kommen zur Sonntag nicht zum
898 1430 2379 1599 kam, wieder um 3 v. ½ 4 gern Kaffee, wenn wir einen
909 1544 2304 1704 hfthl. bittet mich am Dienstag verzeitigen, weil er
909 1592 1117 1669 kriegen.
911 1614 2311 1776 Mittwoch abreist. Also Dienstag. Ich hoffe sehr
927 1656 2335 1849 den Sie nicht verhindert und, denn ich möchte
935 1719 2372 1906 es jetzt nicht mehr verschreben. Sonst müßte die Sache
940 1779 2329 1961 bis November blieben, weil A. dabei sein will. Und
946 1836 2392 2035 ein 10 langer Aufschurb wäre mir jetzt mehr als unan¬
948 1974 2144 2169 atio zunächst auf Sonntag. herzlichst
951 2007 1185 2098 genehm.
2022 2042 2155 2127 Mr.
1248 2105 1340 2236 1er
1062 2133 1207 2258 dit
1021 2289 1168 2348 dernier
