3490 3704
2250 535 2748 689 WIEN, 4. Septemb.
2780 547 2934 654 1902
858 500 1169 683 ZÈIT
707 634 1303 779 WIENER TAGBLATT
896 730 1122 800 HERAUSGEBER
817 768 1212 846 PROF. DR. J. SINGER
814 834 1215 933 DR. HEINRICH KANNER
878 916 1154 986 Juris-n
759 933 1268 1073 L/21, WIPPLINGERSTRASSE 38
896 1195 3018 1381 Leber, gleich als Ihr Brief kam, schrieb ich Ihnen mit dem Vermerk auf dem
733 1276 2983 1483 Einvert, das Brief solle Ihnen nachgesendet werden. Telymisch konnte ich sie nicht
736 1340 3012 1556 mehr erreichen, - sie waren schon abgereist. jetzt werß ich nicht, ob mein erstes
727 1436 3056 1651 Schreiben Sie erreicht hat, und es sage ich Ihnen hier das wesenstriche nach
736 1503 3059 1753 connal: 1) die 80 Kr. waren ein Verschen. D2 Kanner hat ernfach vergessen dem
739 1585 2910 1808 Prof. Füger von Ihrem Monsieur Mithxerling (zu machen.) In dem jetzt
733 1631 3027 1919 Morthenden Arbeitshübel ist ein welcher trottüm begreiflich und kann
718 1739 2983 2021 nichts vertigendes für hier wissen. 3.) die reifflichen 120 Kr. wurden sxtart
744 1788 3059 2059 an Sie abgerendet. 4.) Ich hoffe, sie hirten die ttavelle sach, wir verschreibt
733 1861 3073 2198 mitgenommen, und diesen Vorfall noch zum Anlaß ergriffen, die Flache
750 1997 3041 2285 bissche zu legen. 5.) Es thut mir leid, dem sie mich nicht einfach telef¬
739 2067 3059 2367 angenifen hoben, wodisch die Sache erfast aufgeklärt worden wäre. 6) Ich
747 2152 2995 2442 wäre in großer Verlegenheit. Wenn sie mich mit dieser Arbeit jetzt
747 2355 2963 2599 Ehnehin hörke ich in einer anderen, u. hülschen Angelegenheit eine
753 2442 3024 2689 sehr deprimirender Erfuhrung gemacht, und es wäre mir unangenehm.
750 2422 1131 2550 sitzen wissen.
759 2489 3038 2765 wenn sich hier die Sachen, wie es ja doch einmal geschicht, anders
756 2602 2870 2861 auffneten würde. Schreiben bei mir, treth, eine Zeile.
1875 2762 2463 2902 Herzog.
2518 2768 2829 2948 Salten
727 2969 3053 3338 s. rg. die Verannten ist jetzt fertig, ich werte mit dem Leven
785 3216 1553 3413 sind Sie zurück und.
