3537 3704
2123 656 2540 743 Manten Wds
1559 660 1711 751 179
2378 717 2477 785 9
985 717 2640 812 Ercker! Wenn ein Werk vor einem gutwilligen, unbecontlern harer seine
958 804 2623 880 Wirkung verfehlt. Dann muß das Worte daran irgendure schuld nun. So habe
956 857 2616 924 Ich rümmer gedacht, was so denke reh arren heute. Die reh min annemne
952 912 2616 987 dem Sie meinem Teurtheilenen im güterstorger, unbewahlerstär seiner meren
962 956 2619 1051 „er in ernfrück. Mein Feurttelen mißträgen. In kann öffentlich einer
964 1013 1253 1085 ander nicht
956 1017 2627 1131 Das Entscheidenden ist mir; Sie fühlen ich verlebt, wird: Sie haben durch mein
947 1106 2621 1175 Kergen-Fürtteten eine hittere Turnde gehabt. Ich werde in meiner Auswand
947 1139 2614 1245 (die sie wäre erwarten?) auf nichts anderes gedacht nehmen, als auf diese
952 1177 2640 1291 berten Mustände. Denn es war nicht meine Abwand, sie zu verletzten,
952 1239 2591 1329 und das Fürstl. wurde zweit geschrieben, um die Hände, in der Sie es
962 1260 2642 1382 lesen, ich einer Ersteren zu machen. Ganz im Gegentheil, wie sie nur
952 1346 1439 1437 Wittmotsch gerneben,
962 1363 2621 1483 Wenn meine Arbeir Fralsund so auf sie gewirkt hat, dann rt eben „Das“ urer
958 1422 2648 1521 herausgekommen, was ich herausbringen wollte. Nachdem ich eine gestern diese
966 1492 2635 1580 Sache ernsthaft überlegt habe, nachdem ich alle Empfandernsterten, die wie
964 1532 2621 1629 regen wollten, was alle sonstigen Untersträumen zum schwergen gefracht habe.
964 1574 2633 1690 bin ich zu meum Richrttur gelangt. Ich sehe heute zwar selbst nach irend ge¬
966 1629 2635 1720 wär, wo der Fehler stecken mag, aber ich zuerste mehr, den die Fehler am
958 1658 2642 1772 merner Arbeit verhänden ist, das will darum nicht gewerfelse, was ich mussi
956 1713 2608 1825 nun remissen. Das Fürstlichen zu erklären, außerdem aber auf eine Be¬
960 1753 2591 1872 übertrigung, in die gegen mich erheben, auswarten. Zwei schwere
958 1800 2652 1964 Es mir also die Geschäftigung, ich hätte mündlich, und tochter mich offentlich – küstrich
958 1840 1513 1918 mäßliche Druge
956 1886 2646 2011 wie andere Meinung über die zum Ausdruck getrennt, als sie in neuem Reigern
966 1933 2473 2061 Fürtteten wiedergelegte. Das sei einansprichtig, war hoise Erte verletzt.
964 1933 2646 2116 Darauf trifte ich erweiten. Das ich jetzt sehr erst eine andere Meinung haben
962 2007 2595 2161 könnte ohne dass eine Unanfurchtigkeit mir verzwarerfen wäre. Es
964 2057 2621 2201 kommt ja, wenn man seine allen, genutunter Urtheile über einen Künstler
966 2106 2602 2256 nach Jahren wieder erinnert versammelt werden, an die eine oder die andere der
966 2127 2650 2315 früheren Meinungen der neuen insuchen Tarengelaufen ist, soll nicht mehr
958 2197 2616 2346 ernstellen werde, indemen andere, neue Anschauungen nach platztrag ein¬
966 2245 2644 2410 finden. So entstünde dann in der Einzenturten Herrtschen Arbeiten ein
966 2287 2650 2452 verundertes zusammend hatt, was man dürfte schweren von einer monaten
964 2351 2661 2566 Bei mir in aber über einmal das zutreffend. Was ich im R = F’schritt
956 2399 1720 2517 wichtigkeit nach nicht sprachen.
966 2443 2638 2593 habe ich mit Jahren gedacht, und Ihnen mein Denken nicht vermei¬
962 2486 2625 2644 hältin, so müssen sich erinnern, wie off ich Ihnen sagte, dan der
964 2526 2659 2694 Anatel jetzt anders auf mich wolle, als vor 12 Jänren, nur die müssen
964 2606 2642 2775 nicht erinnern, dass ihr bei einem Thema; Amstel, Morschen zu ein¬
962 2659 2644 2802 mit (u mir in der Frankgrifte) in heftig in Ausdruck undte, dann
964 2709 2572 2872 wir Beide darüber ins Lachen geriethen. Sie müssen noch ferner
973 2751 2625 2910 erinnern, dass ich Ihnen in unseren daraufigen Gesprüchen über die
962 2813 2581 2960 "Beitern" sagte, es müße nun etwas anderes kommen! Den
