3471 3704
1238 694 2604 869 Was die Vorlesung betrifft, hatte ich Sie sehr
1243 831 2576 938 nich für Freitag für zu hatten, over
1240 915 2525 1020 wenn dieser Tärz ernt geht, es mir
1242 965 2621 1103 glich zu schmerksen k. erachte. dass mir
1247 1043 2580 1173 dann nicht 5. sommen, wäre
1226 1127 2135 1245 er wir ½ 11 der müße.
1307 1216 2561 1360 Mit hergermeisten Grüßen wir uns
1240 1309 2513 1441 sorgen an Ehre Freund, den 12.
1240 1398 1752 1539 geben wird Sie
1893 1396 2095 1539 M r
2167 1405 2514 1561 1 alun
