3166 3671
1766 503 1920 600 - 5 -
652 684 2654 773 ner ganzen publizistischen Tätigkeit ist nichts vorhanden, was
647 760 2717 854 Ihnen ein Recht dazu gibt. Wenn Sie es trotzdem tun, dann ist es
647 849 2691 941 eben Ihre Gesinnung gegen mich, die nach einem schmähenden Aus¬
645 930 2699 1040 druck langt, die aber ihrem Schimpf gerne den Anschein einer hö-
639 1019 2672 1148 heren Gerechtigkeit geben möchte. Leider kann ich Ihnen solchen
652 1114 2641 1218 Luxus nicht gestatten. Und ich habe für das Wort Unredlichkeit
1789 1216 2444 1300 lich eine Spekulattung und
2641 1187 2746 1294 G.F.P.
645 1205 1795 1307 nur die eine Entgegnung: Frechheit.
956 1292 2751 1417 Sie verfen mir vor, ich hätte die Premiere "beschrieben"
650 1381 2591 1493 ohne dabei gewesen zu sein. Diesem Vorwurf liesse sich selbst
637 1491 2722 1632 dann begegnen, wenn ich den Abend beschrieben hätte. Ich habe je-
629 1572 2722 1708 doch aus Berichten, die übereinstimmend in allen Zeitungen zu le-
2630 1664 2714 1737 G.H.F.P.
631 1690 2623 1784 sen waren, wie nach absolut glaubwürdigen Privatnachrichten in
629 1761 2683 1889 knapp zehn Zeilen konstatiert, dass dieser Vorfall sich ereignet
629 1868 2735 1970 hat. Mehr nicht. Dieser laute und überall besprochene Vorfall bil-
741 1941 2156 1994 xxx in Ihnen, die ich gleichfalls bezeichn
626 1939 2591 2072 dete den äusserlichen Ausgangspunkt meines Artikels. Deshalb
1127 2025 1425 2093 M. D.H.
1478 2033 2051 2096 M. Trotsdez unser
2167 2033 2269 2096 G.H.F.P.
621 2049 2678 2175 musste dieser Vorfall auch am Anfange des Artikels konstatierend
1373 2133 1475 2175 G.F.P.
1711 2120 1842 2188 G.C.F.
624 2120 2714 2251 erwähnt werden. Das ist eine Sache der Technik, von der ich aller
1627 2206 2012 2272 Gielen und xxx
2272 2209 2458 2277 Au me
624 2209 2720 2340 dings glaube, dass Sie sie nicht verstehen. Ich bin aber gar nicht
1624 2300 2395 2358 Trotzden schweigen Sie x
2515 2300 2680 2389 mich
610 2361 2612 2450 mehr im Zweifel darüber, dass Sie den Unterschied zwischen Be-
2072 2392 2615 2452 Ich davon höre un
621 2429 2649 2526 schreiben und Konstatieren diesmal absichtlich verwechseln. Und
1645 2492 1808 2544 G.C.F.P.
1939 2486 2028 2541 Amn
2062 2481 2565 2552 le grande frere
626 2510 2701 2630 ich weiss, dass Sie mala fide handeln, wenn Sie mir zumuten, (Sie
1989 2575 2670 2644 einen Beusberung. Dabe
610 2623 2672 2720 mir) ich hätte nach einem Berliner Theaterskandal geschnappt, um
1745 2667 2044 2730 Cn2k; ras
2044 2672 2610 2748 In Ihnen vorgeht,
624 2712 2217 2819 ihn zum Gegenstand einer "Schilderung" zu machen!
1782 2725 2554 2830 tiger und freimütiger Me
610 2764 2646 2879 Damit allein aber geben Sie sich nicht zufrieden. Sie
621 2866 2638 2971 müssen noch sagen, ich hätte „schön“ „anschaulich“ beschrieben,
1687 2934 1920 2997 tresse. Br E
2044 2932 2644 3005 der freimtig ausser
616 2968 2686 3068 Müssen das Wort Poesie unter Anführungszeichen setzen und hoffen
1873 3031 2526 3094 enen und Wackerent!
616 3034 2696 3149 dabei, das werde mich treffen, weil es gegen Dinge in mir geriän-
1949 3118 2623 3181 Gott bevahre / bis zu
618 3162 2620 3241 tet ist, die mir am wertvollsten sind und von denen im Umkreis
1886 3212 2198 3285 ###en/ hat
610 3233 2706 3369 meiner Tagesarbeit sprechen zu lassen, mir empfindlich sein kann.
