3785 3671
184 631 1889 822 Mür Testable möchte ich Ihnen nach zu bedensten geben, was sie offenbar ganz
184 682 578 760 ein Fehler stecken,
184 703 1882 860 übersehen haben. Dieses Reigen-Feurttelau erschien in der Absicht. Seinen
178 743 1866 915 und Herrn Buch zu nolle zu kommen. Es währen in der Verbarswache, wir
188 771 1889 940 unter dem Widmund aller Fakterne. Erinnern Sie von, aus Ihr ergerer Schwager
184 811 1868 978 willnest hat, (was er hente norder beim Prof. Kräger that) „über es-ême scherrnerte
186 868 1880 1021 schreibt man nicht. Diese Worte waren sie Parste in allen wenar Verarbeiten
184 908 1874 1055 vul serement minute dagegen an, rien warte werden uns breiteste Publi¬
191 936 1874 1112 Herrn getragen und es sollte u. Eerall herben. Sie Regen ist kein Vernehmigung und
191 968 1861 1146 van eine Pomagriptore. Da ist es mir eine Freude gewesen, sais ich das selburer¬
191 985 1878 1188 standsicht und ganz unverdienstliche andeprechen müßte; der R. M. ein Kunst¬
195 1038 1861 1224 werk! Dass ich durch die nebeneinanderstellung mit den Amstel gegen könnte,
197 1078 1882 1273 worum er es mr. Hütte reh, ure reh ohne Müke, wir wie ich es erober gethan haben
197 1137 1872 1315 würde, meine Pferden näher gestimmet, dann würde ich streinenden überzeugt
195 1169 1882 1355 haben, und ich hätte dem Brüch nur geutendet, wert alle leerte gesorgt hätten.
195 1222 1868 1393 Matu-urrich, der Salten!“, so aber habe ich, das weiß ich genau, aufschriebend
203 1262 1855 1442 was mitzler gewerks! Wurden mir ernst noch etwas trigt, wenn ich nur nie
205 1319 1889 1497 Seulle, wismal bey mir daran, die leute zu überzeugne, auch die Fernersteher¬
208 1362 1878 1537 den zu mitten, te gegen wird als ungereh zu entwaffnen. Das hat meinem
210 1393 1889 1586 F. vielleicht bei Ihnen geschäret, aber die atterbeste Absicht müßten Sie
203 1501 1802 1671 Aus taktischen Gründen stehen die Scharfsrente da; „wir wird vergreng auf den
212 1512 1846 1717 neuen sehn.“ Ich habe mir damit verwehtsweise eine Hüfe gebürt, auf die
210 1537 665 1624 mir weh zu verlegen.
222 1573 1834 1758 ich steigen und den neuen Schurzler wie da aus demeurant zeigen willte.
222 1607 1891 1798 Es sind diese Worte ein Brenntherr, das ich vor Neuen aufmache; da kann empêter
227 1641 1874 1834 alles kommen, sei imunter man alles. Die Endruckungssätigkeit, die Wandlungs¬
218 1696 1853 1863 möglichstes. Die heute mich unter zu begrengende Damplexchät. (Heuter Driege,
220 1719 1902 1906 Re Ihnen op, was sey my nothenckende xxx gedagen worden) werden ihnen
218 1764 1889 1954 hrer als etwas selbstverstänstlichen zugesprochen; - und - die xxx
220 1855 1857 2048 Ich frage mich, schr betriften, wie ich keiner gestehen will, ob denn die twilf Jahre
220 1889 921 1995 ich hätte sie in ein Knul gesperrt.”
220 1891 1853 2082 inderer Gemeinnunft nicht bei Ihnen wenden, als in diese Zeilen hiesen, nur ob
220 1933 1889 2126 n'a en suivant éviter, ainsi sans son général dans la dernière
227 1978 1872 2162 Miser Worte zu mir gestern, die wahre Meinung, den meinen Sinne, wenn schau¬
227 2014 1836 2219 die Worte allein nicht verbloch genug gewesen sind. Ich frage mich weiter
231 2069 1834 2259 ob Mise grölf Jahre, in Venen ich eine Theilnahme für Ihr Schaffen gezorgt herbe,
224 2103 1889 2285 Ri in ihrer Intensität, in iurer antwint in einer Beständigkeit von den
231 2145 1840 2331 Ventründend genen Herne alltigerche gewesen ist, ob eine Jahre so kräftig und,
248 2192 1838 2376 dan die beschneur Ihre Bewürfe hören umfelen, ohne sie aus ergerein Vorrath
250 2268 1810 2467 Sie werden auch meine Deputirtheit darüber begreifen, Tan ein Feurlleben, an
246 2325 724 2433 niderligen zu können.
256 2331 1889 2513 welchem mit dem Absatz „dan Erner aber suchen käme“, - bis zu „der Monar
248 2380 1836 2549 allein est am Erst, er ist in Stöhe, rit der Grostel; er in das Engsgrütige!“ so
250 2416 1874 2598 ten Ton absebeter und höchster Unerkennung ausgeschlagen nur, zu all¬
241 2477 1834 2702 Heben vielen anderen ärzten theil 4 mir am meisten leid. Van Sie, nie
229 2535 944 2664 stundig wegen unter werden können.
241 2562 1846 2755 es schrieb durch mein F. zu starkene Selbstzwerfel vermutunft worden. Da
239 2600 1857 2797 nurß ich Ihnen aber nach wegen, den sie seyn nicht von mindesten
231 2668 1874 2857 Anlass haben, dass ich wird schon „berieres was Ihnen zu erwarten scheine.“
246 2717 1815 2888 wurden, dass wir unheger alle meine Urtherte, die Herr Ununterrichten
248 2744 1904 2939 konft betroffen, in den letzten Jahren nur gefertigt heilen! Und ich aussa
1948 659 3619 718 doch einmal nach die Tannof aufmerksam machen, dass in meinem
1957 697 3640 771 Faculteten überall, wo etwa von Ihren grecque die Rede ist ein. „Katte“,
1967 745 3591 828 ein“ war“, kurz ein perfectum steht. Und den überall, er von der Ge¬
1959 771 3625 900 Gewand gesprochen sind, das Wort verw. Sterfe, Entwicklung, den geringste
1967 834 3638 923 res, was gewagt wird, was saa die Erkauft als eine Hoffnungsreiche bezeich¬
1965 881 3615 983 her now. Das mir die würk, die alle einhalten wollte, sind sie reh, ure
1965 936 3185 1031 es scheint, doch ernt straff ganz gezogen unbe.
1965 966 3612 1091 Noch ure habe ich eine Kritische Arbeit er gerne gerechrieben, und nach
1963 1010 3600 1133 wie es mir nur mich mitrichtes aus, das ich ja nicht aus einerster Mei¬
1978 1044 3566 1188 gung auf durch genommen habe, das ich aber nach rünner nur
1980 1080 3625 1232 Zeugen trostigkeit eine guten Willen versche, er verteidet mir zum über¬
1976 1160 3155 1273 daß gewinn, wol jetzt, seit ich Ihren Brief empfing.
1961 1199 3568 1338 Ich werß nach dem Vorgefallenen nicht, ob ich sie vorch wesen bringen
1969 1239 3564 1378 Brief auch nur in einem ferner überzeugt habe. Ich werß in jetzt
1976 1270 3585 1425 muth gewichts unter, was ich überlege mir, ob es armen Werth für
1982 1332 3583 1478 Sie hieben kann, wenn ich jetzt nach Ihrer Vortenweg berücken.
1976 1378 3572 1518 nicht als 16 mein Urtheil über sie bepringen oder schwankend
1995 1427 3502 1586 gemacht worden könnte, aber wie ich Ihnen nun meine
1982 1463 3610 1635 hernung formatoren nett, und wie sie aufnehmen, dessen Wir
1990 1525 3557 1679 reh jetzt unter mehr weher, wir glaube, vor wollen es resinirt
2001 1652 2437 1747 treter unterwissen.
2833 1647 3106 1738 : For F S.
