3485 3657
1374 772 1494 877 64
1636 880 2235 1126 RÉICHISCHER flor.
1557 999 1890 1101 Somme de
1308 1049 2094 1234 Franz Erresberger
1460 1202 1990 1309 SALZBURG +
1897 1257 2305 1424 30. VIII. 95.
1051 1466 2341 1656 lieber Freund, ich habe bei meiner
1056 1543 2499 1733 Ankauft nur die Hälfte des 10 bestimmt
1044 1617 2423 1802 erwarteten Betrages erhalten und auf
1035 1669 2484 1875 meine telegrafische Urgenz ist bis jetzt
1045 1742 2461 1940 noch nichts eingelangt, so was ich
1058 1807 2457 2024 wegen der Rückreise selbst in arger
1038 1870 2466 2078 Verlegenheit bin. Seien sie mir deshalb
1047 1953 2421 2147 nicht böse, wenn in der Sache eine
1051 2012 2427 2238 Verzögening von einigen Tagen ein.
1053 2039 2473 2324 tritt, ich empfinde des schneres pein¬
1063 2139 2457 2376 lich genug und leide damals dass
1078 2215 2473 2448 auch misere 2 te Biegele Tour mit einem
1081 2267 2389 2529 solchen Nachspiel endet. Sollte ich
1072 2357 2387 2594 aber heute oder morgen noch das
1078 2427 2461 2684 erhoffte bekommen, dann sind ich
2195 2468 2459 2601 Gleich
1071 2515 2159 2770 es Ihnen sofort, wo nicht,
1081 2596 2429 2838 nach immer Rückkehr nach Wien.
1081 2729 1865 2931 das ist ganz sicher.
1083 2748 2459 3011 L. kam hier an voll Erbitterung
1101 2858 2488 3091 und ich lebe schwere Tage! Ergend
