4174 3705
2014 943 3396 1043 vor selsten Verfehlungen ebenso wie vor abzuführen, takdessen Vertrau¬
2012 1020 2735 1094 lichkeiten mit dieser Stadt bewandt.
2014 1053 3428 1164 Wie Herr Wenzel aufgenommen wird, bin ich mögig. Es ist das erkennet,
2008 1134 3372 1191 Tass ist eine Werille von mir in der Carrennür ohne demeration und
2010 1177 2758 1259 Diese Niedergeschlagenheit lesei könnte.
2030 1235 3377 1301 Mein Verkehr hier? Ab und zu Heimann, Jacobsehm. Dann Bittner.
2023 1286 3359 1338 und Fischers. Die mir aus der Mäle immer sympathischer werden.
2017 1324 3377 1389 Jelten Bünhardt und seine leite, manchmal Bre (sehr uns sein)
2021 1368 3403 1449 und Poppenberg, Zwie, drei lange Gespräche und Kerz; jass gewißt
2021 1416 3389 1493 mehr Harden. Dazwischen die Gesellschaften, dann sich nicht aussichten
2024 1453 3415 1548 läpr. Bei meinem Schwager Musikleute: Sacenoff, Gedowski, mittin¬
2026 1502 3384 1578 Kreisler. Hie wird da eine ärgerliche, inaummel eine nette Stunde mir
2031 1537 3407 1637 Frau Filda. Das ist alles. er genug, ist. - gelegentlich sogar zu wel. Ich
2026 1597 3375 1692 will beter lesen. Nicht jetzt viel, sehr will lesen; ferne ein bisser
2023 1644 3396 1738 spannen nur gehe mir die im Threspartin mazieren, wo es – an¬
2023 1688 3386 1796 glaublich aber vähr, - gerade jetzt einfasse männenhaft schön m.
2003 1750 3415 1854 Dtli lährt Frau Ilga um Entschuldigung bitten, mit sie ihren Wilmsprilf noch
1998 1801 3368 1899 nius beantwerten konnte. Sie hat nicht ent die trüsse Hand vervraund
2001 1861 3373 1945 und kaum die halbwegs gut war, wieder sie rechte verbührt. Da
2008 1899 3398 1989 mir mich hoffen, dass sie jetzt wieder von vom anfängt, rünnen mir
2012 1952 3407 2040 Sarauf, dan in bald weder den Gebrauch all schwer geredmassen er.
2019 1980 3389 2103 langt, die Kinder sind reizend, und wir alle grüßten sie alle aufs
2499 2068 2802 2158 Mr Sallin
2021 2086 2251 2165 Herzwüsse.
2033 2172 3352 2288 ng. Herle sahm nir Ludassy in der Fridiekestrasse. Wir haben schon ge¬
2049 2251 3294 2313 staunt, weil der Tachtin, er sei – nie lange schon! – gestorben.
2100 2285 3359 2387 der Grüsberg schach mir sehr entzückt über die freunde. Aufnahme
2093 2364 2585 2462 béi même. Vielen dank.
