3490 3704
420 992 1720 1115 Helt.“ Im Beiten gern Trotz u. wird
1882 983 3124 1138 Ich bin jetzt die Gespräche des
397 1076 1773 1198 in diesem Stil, der die Licht recht veran¬
1863 1083 3125 1215 sittlichen Ordnung, und finde
401 1157 944 1275 genehm mach.
1850 1177 3129 1286 senn zu meinem erkennen
1843 1229 3141 1342 Sie mündere Muhlerin. die Be¬
408 1201 1750 1340 das Wesunterche aus der Sache: Tau den
387 1296 1764 1421 Herrn Vater unerschwertig kein Ver¬
1840 1294 3220 1428 kenntnisse entleyt. Sie nötzen
375 1377 1768 1481 gwischen gegeben hätte, wenn ich
1848 1370 3238 1525 Sein ich ein volllich durch schreiben
369 1469 1674 1576 mirjene sehr mit trätte. Ferner:
1850 1479 3148 1604 wollte. Arbeiten könne ich
380 1518 1794 1632 den ich aber, nun ich das Versprechen
1827 1541 3037 1687 nur wenig. Da mir die
397 1588 1729 1736 gab; Kerne leibt habe geschrieben get.
1836 1593 3166 1743 beit sonst alles weg nimmt.
392 1660 1706 1790 machen. Bürgen soll der das
1831 1681 3157 1831 Nun will wenn dort, und die
396 1739 1657 1877 bitte erkennen sei, das uns dem
1847 1775 3148 1940 für 8400 fl jährlich ausm, das
376 1797 1757 1950 versprechen nämlich. wird wir allein
1812 1843 3204 2008 Kundtlich übernehmen, außer¬
389 1891 1695 2042 den sie nichts genommen, wenn die
1824 1949 3192 2091 sein heißt es, — mit mir würde
371 1972 1727 2142 gewaltigme dreihe macht, da
1808 2031 3196 2151 nach nicht mein gesprochen.
385 2054 1578 2221 mir welche von jeher zuwider
1799 2084 3192 2249 Pom sehr mef = selt vistreter werden
366 2130 1694 2283 erwän. Erbar bitte, eine die sehr
1799 2184 3145 2315 wer. Ich rückunter mir, von der
357 2211 1768 2357 während, weil in mir mit Selbotman
1804 2241 3157 2406 Fey dann 36 Atwenden neben
1790 2323 3122 2480 möge, eine Ernähnung, mit der
364 2306 1622 2478 wohl, wir andere eine einliche
346 2404 1351 2596 Gurdenheit von der ist
1812 2404 3185 2547 von einer unter einverstanden
1803 2471 3136 2622 mûre. Für Landdas werbe den
368 2473 1710 2626 am 14. Jahre vier, auf 8 Tage nach
1776 2533 2997 2735 mir jetzt einen Anspründen
368 2541 1660 2694 Berlin. Um April verwünsichteres
1799 2601 3169 2807 eingentwisse, die zwischen die Krache
373 2633 1683 2772 nach Zimmen und Dalmatin
1780 2687 3145 2891 kommt. Ich begann den Unver¬
366 2703 1660 2869 Im Mai nach London auf 14 Tärz
