4519 3592
1449 823 1868 927 FELIX SALTEN
2443 884 2739 1000 = 14. x. i0
1560 1306 1735 1408 Lieber,
1747 1335 3031 1447 ich möchte Ihnen, etc. Sie auf den Semmering fahren, razth noch
1459 1402 3072 1533 mit Teilen, dass ich gestern Abende mit Berger quach. und die Gelegentnis wahrnahm,
1453 1482 3072 1576 ein Kors für die Sandrock zu sagen. Berger ist bereit, sie zu engagiren. Bedingungen.
1459 1537 3090 1651 sie dass mich gleich, doch übermuss in diesem neuen Jahr keinen Vorschuß verlangen
1455 1580 3084 1717 weil daher kein Gut zu neben und mit sie dem Bruder mit sticken Affachen der
1455 1633 3052 1751 legenheiten beraten müste. Dann: sie muß sich für die Antrag mit 8- bis 10.000
1462 1694 3074 1800 Kronen gage begnügen; muß auch wegen Stellen Geduld haben und sauf dabei seiner
1459 1739 3060 1874 sein, dass sie mürdige Aufgaben erhält. Beiger’s wäre: “Ich werde die Sandruck
1470 1774 3092 1909 nicht untergehen lassen. An sie neben der Bleibten Statz haben wird, wird es für
1468 1817 3109 1962 siger. Vettinnt besten Sie sei das sind. Ich glaube, er wird ihr lieber sein an ein Var¬
1476 1894 3060 2017 Zé-Kück. Sie kann sich, wenn sie die Sache auf dieses Basis bemerken mit,
1478 1943 3099 2084 mir in Verbindung setzen. Beiges es am Sonntag zu mittag bei mir. Es hüre
1484 1986 3099 2139 gut, wenn ich bin dahin eine Gute von der Sandisch hätte. Auf den Emmerung
1486 2037 3058 2192 kann ich beider nicht. Wir münschen Frau alga schöne Erholung und Innen
2058 2123 2770 2239 Unzum von uns zu Ihnen zur
1486 2166 1876 2245 Zeider gútis Wetter
2750 2203 2960 2284 Satten
