3492 3656
1777 990 2368 1135 Montag, 16. III.
1421 1031 1544 1161 57
1063 1276 2295 1462 tiefer Arthur, so viel ich zu
1056 1419 2354 1567 sagen hätte so wenig hat ich
1064 1498 2382 1620 zu schreiben, wie ja Sie auch
1053 1578 2372 1687 Nür u viel, dass es mir leid¬
1071 1677 2237 1787 lich geht, dass ich einiges
1058 1734 2306 1864 Arbeite, nur nie wir da
1058 1785 2372 1945 aufs land fahre. Von Hugo
1064 1886 2368 2047 habe ich ein paarmal schöne
1061 1979 2372 2129 Briefe gehabt, und habe dem
1061 2058 2275 2229 das zweite Heft des Pau
1081 2178 2263 2345 gesendet welches weben
