4505 3608
2488 725 2780 815 may. Berghot.
2061 721 2254 849 266
2577 797 2808 897 17. nr. 10
1573 757 1870 907 cette
1661 1162 1806 1273 Zieber
1809 1188 2974 1312 wir bleiben, sonst ich, bis gegen den 11. September hier. und Erschen.
1661 1268 2900 1372 die zur Matiles - Symphonie nach Minuten mösten, werden uns auch
1659 1325 2956 1430 er lange da ein. Wenn wir zunigst nätte. Sie beide hier auf dem
1665 1367 2953 1473 Angräst zu begrüssen, würden wir um verzug trenne. Kann glau¬
1672 1428 2932 1533 ben die, denn sie hier her kommen könnten? In der Zeitung um
1661 1467 2935 1578 ich, dan sie mit dem Burgtheater einig sind, was mich sehr
1657 1551 2372 1641 trent. Mas un „das witte Land“...
1783 1594 2871 1682 Viele Grüße von uns zu Ihnen, mit die Bitte, um bald
1657 1641 2921 1757 Nachricht zu geben, wo es Ihrer Schmerzen geld! Terzliches
2521 1709 2603 1785 sur
2574 1736 2892 1819 Fim Talken
