3480 3705
276 1224 1602 1343 es käme da noez manches heraus was
269 1290 1434 1436 gut an mir ist. Für den Winter
259 1332 1599 1468 mache ich mir die strengsten Pläne, wird
269 1387 1579 1538 tende ne auch auszuführen. Der Gedruckte
262 1437 1596 1589 aus sterben der mir, wie sie wissen,
254 1532 1474 1663 eine Zeitlang abgänden gekommen
266 1575 1481 1750 ich jetzt werde es lebhaft in mir,
262 1617 1616 1812 Ich finde, dass das in wehre Beziehren¬
267 1693 1548 1876 gen. Gäte ist. Er macht uns der
264 1759 1382 1937 Leben leichter, wird macht es
264 1785 1567 1994 bewißler. Darüber wäre noch wel
298 1947 1478 2142 Wie geht es bei Ihnen? Arbeiten
257 1967 636 2073 zu sagen.
291 1997 1619 2206 bei? Und verläuft die Sache glatt?
291 2078 1335 2286 Schreiben, sie nur ein wort
293 2108 1569 2347 müber. Ich bin vorausrichtlich
277 2253 1485 2436 Dienstern in Wien. Mergerche
435 2386 935 2519 Grüße zur
1010 2403 1380 2544 Sallin
299 2626 1431 2824 Ich wohne jetzt: Erzherzog Karl
