3519 3672
438 359 1114 484 ̃'̃:::̃;:: «: t:f:v:
2942 414 3190 519 1 11/1 1 1 1
1007 872 1126 968 239.
1182 875 1692 997 Heiligenstadt 15. I. 08
636 881 895 994 Salter
624 1247 758 1334 Zicher
771 1297 1686 1384 eben wird mir aus der Redaktion belehrnis
611 1371 1753 1459 „an Ihr“ Enschenspiel“, den "Grillparzer. Preis be¬
607 1442 1698 1530 kam. Ich habe eine grasse Freude dnüber, und
607 1514 1740 1612 sende Inne meinen herzlichen Glückwunsch. Es war das
597 1602 1689 1698 Beste, was die Herren für konnten. – Wenn es ihnen
598 1662 1744 1762 nung, wie's scheint, nicht so bald eingefallen ist – mit
588 1743 1741 1841 hoffenstich kommt diese Freude auch in einem guten
590 1827 1753 1917 Monuset, und es geht Ihrer Frau ruiner besser und
597 1928 695 1998 bessa.
768 1947 1685 2041 Wir uns alle krank. Instruya. Und mir
603 2033 1750 2128 liegen auch alle seit Samstag im Bek. 5tli todt sogar
593 2083 1718 2211 am Grund dann verzweg. Aber er hoffen, dass möchte
588 2176 1139 2270 in ochen alles wieder gute ist.
807 2217 1701 2331 Euchmals bespreche Frückwünsche und
700 2306 1413 2411 viele früher an Sie v. Frau Olyer.
1320 2395 1420 2472 Md
1428 2431 1611 2537 Saller
