3478 3719
1331 1175 1949 1246 „Gruss aus Heiligenblut“ (Kärnten).
1483 1783 2069 1893 Robert Bernard’s Gasthof. 17
1251 1867 2136 1992 lieber Freund! Von Cortina zurück
1254 1913 2127 2035 befinde ich mich auf einer 2 Tägigen
1250 1966 2175 2076 Törer auf den Glockner. Hier mit meinem
1251 2025 2148 2153 Bruder, Ich danke herzlich für Ihren
1256 2065 2166 2201 Brief, den ich nach Stückkeer aus¬
1251 2117 2153 2253 führlich beantworte. Für heute nur
1240 2181 2179 2327 die Unangenehme Mittheilung, an
1246 2238 2143 2365 mein Rad zwischen Mittewald a
1256 2290 2122 2433 Licht gebrochen ist, u sich in
1248 2336 2146 2482 Schlag zur Reparatur befindet. Da
1239 2400 2172 2541 das Gouvernal verletzt ist, dürfte die
1246 2454 2155 2581 könne länger dauern, ich schreibe
1647 2508 2156 2602 noch am Samstag
1644 2551 2064 2642 geb. Nr. Salter.
1231 2556 1597 2660 over telegratie
