4504 3496
2649 697 3095 800 Berghet, 22. VII. /2
1523 747 1954 838 FELIX SALTEN
1941 1167 3228 1318 Sie sind mich wol schon in Brioni und haben soet gewiß an die schöne Sonne,
1803 1190 1920 1273 Zieber
1709 1256 3225 1402 Sie nun sich drei Tagen hier schét. Vier gies ö Stüren, Günstler und Regen. Man muß um
1724 1282 3217 1451 Zimmer setzen, aber das törden meine arbeis sind. Wenn nir nhörens keiner haben mit
1724 1337 3227 1489 am Vormittag künftige machen, einige ich wird mehr zu Stande. Der grau kommen
1950 1423 3244 1572 Was sie mir über deren Bonnhandi erwiesen, hab’ ich gemeind anders ennisses. Denn
1730 1472 2076 1553 macht innig kapur.
1724 1491 3191 1634 verkehr u 10 gut, an sie gammel anders verfangen können. Das künst in mir da, es
1730 1521 3215 1675 es ein lebendige Keun, hat eine Urkundigkeit und eine minion, aus es wäre jena für
1724 1578 3213 1722 ke nimmögig, denn eine Exidenz nun nicht zu meuern. Er kann u nur aber lebhaft dürken,
1722 1611 3213 1764 Sankte es aus die schlimmere Exemplarende empfinden, zur Stück verwittig zurückzu halten, es
1734 1672 3219 1803 einen Weg zwecken und eine schreiben waren zu sehen. Verzogen wurden sie so zwischenen
1728 1700 3181 1850 Fern ich fürs gute Tode den Vermög manke, die zur Vormund zu verregen. Von nicht beiden müßte ich
1743 1728 3212 1907 (der sind ein anderer Herrn Freund) die Befinken haben, und die das mir. Umgekommt wäre
1734 1775 3195 1939 weniger angemeben, und ich müße sagen, in der jungen Geschich dieses Stückes müsste ich
1739 1839 3225 1979 weder für sich, noch für alles, was es er noch kommen, unsere hinwissen über die Gebührlich¬
1739 1882 3202 2020 keitspänkt nicht müssen. Ich hoffe übrigens, das ich in meiner Bewegnis zu schmerz zwischen
1738 1939 2884 2082 heute, und den auf lien aller anders kommen mit, ob man ich’s vendels.
1965 1963 3240 2099 Wir kann mir ziemlig Pite. Bischen wird ich eines Worte se. Srsdmack mit einem Worten.
1751 2027 3245 2152 4 ud nur mit einen freiendachtigig Jahren bemünderung nürdig. Es laut hängstig, spielt Klavier,
1754 2058 3225 2199 Nauxerind, stichs, und das in allen einen in onklärten Expimmis, den man nömlich is aus
1749 2097 3236 2244 ein Grüße empindes. Ich eröterige mich mit einiger mich-arbeitig, und denke, im Mord zu
1754 2144 3227 2285 nichtigene Wien zu gelangen. Alle sind ist, mit parten mit gibt dieser Zinsen die uns nögen.
1753 2193 3189 2338 die es kenne allen goed, wie in auf zweiahm, mit einem sie mit Frau oher ist den Kindern ver¬
2620 2278 2863 2351 Mr Sessin
1760 2304 2178 2396 um allen möglichst gegrügs¬
1546 2483 1640 2553 le
