3472 3655
1815 615 2309 766 Wien, 5. Mai 97.
1438 676 1565 802 87
1983 1045 2270 1127 françois de
1840 1069 1929 1123 G.C.F.P.
1642 1084 2337 1205 seit ein paar Tagen
1040 1066 1655 1255 Lieber Arthur,
1640 1181 1752 1237 G.C.P.
1061 1164 2326 1325 bin ich wieder in Wien. Ich war in
1061 1246 2370 1399 Riva – sehr setzten. Aber es hätte viel schöner
1046 1319 2365 1476 sein können, wenn die mitherwäger nicht
1061 1392 2360 1565 sabei gewesen wäre. Hier lebe ich in einer
1048 1458 2367 1635 merkwürdigen Sorglosigkeit, Eigentlich be¬
1046 1517 2312 1735 greife ich es selbst nicht, warum ich
1038 1607 2362 1789 mich so völlig unbekümmert eintreiben.
1043 1679 2303 1853 lasse. Manckmal sage ich mir, dass
1040 1747 2334 1952 irgend eine gunstige Wendung bevorsteht,
1560 1784 1645 1838 P.S.
1043 1809 2344 2030 dass ich in ein alten Gerüdern wäre und
1036 1883 2340 2104 dass ich deshalb so frei bin. Dabei fällt
1051 1942 2365 2180 mir immer ein, was Sie mir gelegenthet,
1058 2001 2360 2237 sagten: dass man nicht bei mir immer
1053 2091 2335 2309 eines Glücksfalles versicht. Für Ihren
1260 2145 2345 2358 rank ich Ihnen sehr. Es war
1050 2260 2314 2488 so nicht viel aber etwas und ich
1066 2301 1269 2411 Brilf
1260 2329 1401 2386 G.C.F.P.
1055 2329 2370 2547 bin jetzt – Frl. M. ausgenommen – sehr
1414 2391 2350 2590 Ich arbeite ordentlich dabei
1066 2519 1412 2662 einsam.
