3462 3704
1484 905 2008 1112 Uiebzing 28. April 99
1272 1027 1462 1162 112
863 1399 2173 1554 Lieber Freund, leider war ich in den lezten Tagen wieder
835 1500 2159 1646 durch vielerlei ernste Angelegenheiten so gehetyt, dass ich
839 1545 2239 1721 nicht zu Ihnen konnte. Auch meine Berliner Reise, die ich
846 1616 2201 1773 10 génie gemacht hätte, munte unterbleiben, weil die
851 1693 2185 1862 Geschichte mit Otto noch immer zu keinem Abschluß
851 1796 2220 1928 gekommen ist. Sie läßt entsetzlich unter der grossen wie
854 1836 2225 1998 unter den vielen kleinen Gemeinheiten, welche der an¬
861 1928 2239 2076 gethan werden. Kirschfeld ist, wie sie wissen worden, in
853 1982 2220 2152 Kretzing und wohnt gleich neben mir. Sonst scheide
873 2051 2196 2201 niemanden. Bitte, vielleicht schreiben sie mir, wie
877 2125 2252 2272 es Knien geht, und wie Ihre Princiere ausgefallen
873 2210 2215 2366 ist, wann sie wederkommen, und wann wir
882 2349 1187 2450 uns schon.
1281 2311 2020 2500 Sehr herzlich Ihr treuer
1811 2443 2118 2575 Fehÿ Salten
