3493 3624
1020 934 2291 1092 Schriftsteller Frankreichs ge¬
1025 994 2316 1166 wesen. Herr dhuet würde ich
1009 1070 2276 1278 freuen. Nach einem Testament
1019 1152 2365 1339 wird eine „frere Akademie gequun¬
1009 1227 2355 1441 Det, deren Präsident dariver ist,
1009 1299 2266 1496 und deren einzelne Mitglieder
1014 1356 2348 1568 eine Rente von 6000 Frcs aus dem
1029 1440 2233 1652 Vermögen Gouconsts erhalten.
1024 1495 2315 1730 diese Zeit der franzören nach
1034 1578 2335 1800 Vereinigungen wird der Verlangen
1034 1638 2351 1875 van die Benituntheit durch Bremo¬
1049 1697 2311 1954 nien bestättigt werde, hart etwas
1057 1757 2368 2001 wenn auch nicht viel von unserem
1049 1839 2290 2114 hohen ordn, der freilich schöner
1050 1920 2368 2176 ist. Schon verhält weil er nicht
1077 1992 2325 2281 existirt. Schreiben Sie bald
1097 2072 2283 2328 und grüßten Richard. Die
1087 2133 2356 2453 ) Vertrögen schreke van Ihnen
1044 2265 2355 2532 nur schon nach Kopenhagen.
1408 2368 2285 2600 Möglich et Verhaltung
