3782 3688
1930 776 2216 881 Berlin, 24. III. Ob.
1555 788 1663 870 205
1149 1005 2409 1138 Lieber, in Eile und Arbeit nur ganz kurz. gegen das „Kleine Theater“ bin ich imbe¬
1152 1086 2400 1202 dingt. Es ist mit einem jetzigen Bekand an Schauspretern, und der naturischen
1152 1127 2364 1262 Unfähigkeit des Herrn Dr. Oberländer gannte imstande ein so strilis soles
1157 1179 2376 1309 und in seinen Regen vom dußend-Regisseur in schwer auffindbares Stück
1151 1245 2356 1375 Zu reprodizieren. Ich hielte u für ansichteten. Auch wäre, bei der jetzigen
1151 1282 2379 1415 anjunctur von so einem Expanment mir abgerathen. Besser. Sie warten auf.
1157 1314 2419 1475 Nernhardts „rathinus Theater“, das im nächsten Jahr bestehen mit ein Bahr geschieden
1162 1383 2419 1572 Ich schreibe bald eine mehr. Dass wir einander wieder herzlich nicht sind, empfinde rek auch,
1151 1445 1502 1530 wird. Folgen Sie mir.
1165 1459 2401 1616 und es hat mir meinen Abgang um wren erscheint. Dass eines Einversinbares, an
1165 1491 2394 1658 das jederzeit schwärtig angesinniget werden kann, wie versindes, hab ich immer
1162 1580 1980 1726 geglaubt. Rille Grüsse von Thür. nur an sie zurück.
2036 1569 2265 1665 Ihr Satten
