3780 3688
1026 395 1331 565 ZET
2156 487 2340 567 WIEN, 1
953 543 1392 635 WIENER TAGESZEITUNG
2090 526 2721 657 Wipplingerstrasse 8. Juli 1904
1079 601 1261 662 Herausgeber:
1011 621 1329 703 Prof. Dr. I. Singer
1014 686 1336 747 Dr. Heinrich Kanner
1065 732 1273 820 Redaction
958 793 1370 854 Telegramm-Adresse: Zeit, Wien
960 844 1365 888 Interurbanes Telephon Nr. 15.988
955 868 1370 972 =Telephone Nr. 17.0.40, 17.041 =
1487 999 1899 1140 Lieber Freund!
1266 1254 2944 1402 Den Einakter „Giulia“ von Artur Vollmöller kann ich leiderin
1106 1360 3022 1511 der „Zeit“ nicht bringen. Die Situation lässt sich unmöglich vom Bett
1096 1499 3043 1586 aus auf ein anderes Möbelstück verlegen. Das wäre aber noch das wenigste
1099 1576 2990 1693 Ich kann der ganzen Arbeit keinen Geschmack abgewinnen, sie erscheint
1082 1668 2869 1794 mir forciert, vollständig dem D'Anmunzio nachgebildet und unnötig.
1091 1765 2985 1916 Ich glaube, dass Vollmöller zuletzt doch eine Enttäuschung sein wird
1089 1884 2672 2030 ausser, man hat sich von ihm überhaupt nichts versprochen.
1086 1991 3034 2127 Hoffentlich sind Sie bald wieder ganz gesund, ich schaue jedenfalls die
1091 2081 1945 2216 ser Tage noch einmal zu Ihnen
2163 2248 2820 2386 Herzlichst Ihr Salm
1072 2699 1816 2874 Herrn Dr Aftur Schnitzler
1069 2845 1753 2978 Wien, XVIII. Spöttlgasse 7
1436 3026 2030 3184 1 Manuscript
