4179 3704
2238 876 2725 981 Berlin, 6. 7.06
1936 924 2062 1035 22
1443 1180 2835 1299 Lieber, wie Schade, dass Sie gerade jetzt auch Berlin kamen,
1429 1282 2803 1360 während meiner Abwesenheit. Man hätte vielleicht doch
1429 1346 2819 1422 eine Stunde gehabt, um sich auszusprechen, Schreiben ist
1426 1411 2821 1495 in manchen Fatten so schwer. Was ich jetzt, in der nächsten
1417 1488 2785 1591 Teid. beginne, trigd nach im Halbdruckel. Und was ich
1411 1532 2816 1623 Innen daran müsseile, u - einsiweilen - nur für sie. In
1417 1626 2828 1722 Berlin will ich nicht bleiben; kann es ehrlicherwüse gar¬
1410 1683 2835 1779 nicht nur und würe, dass ein Bruch in einen Leben käme
1402 1758 2808 1866 wollte ich versuchen, mich zu reinigen. Sie reis "will much
1408 1806 2817 1916 weder haben, und das bin gerne geneigt, abzucntrepen.
1402 1882 2794 2007 dabei biebt ins mit der Plan zu einer Wohnweinigt, die
1408 1945 2805 2060 ich mir mag Erbenmann mir Rich. Stralsund zusammen
1408 2044 2789 2149 herausgeben, und allein leiten will. Der Budand er für
1401 2089 2762 2192 dei Janse garantirt. Hanovar Brudger, Ame imme,
1399 2158 2826 2273 Gage, nur für Mitarbeiter 1000 Mark von Nummer.
1406 2231 2821 2341 Sie soll das Blatt der „ausdändigen Seite“ werden, der
1413 2289 2814 2403 Benin, ganz einfach ein kleiner, exclusiver, ständiger
1402 2350 2828 2449 mit arbeiter Kreis. Ich hätte immer der gange nach einen
1413 2412 2791 2526 Besitzanteil. Ich überleg ich mir's, ob ich die Sache
1413 2476 2736 2602 niers von Wien aus machen kann. Technisch
1402 2540 2775 2661 gehts ganz gut. Die Schwerigkeiten, die wir trätig
1406 2595 2725 2736 ergeben, in wenn rechtliche durch manche Vortuele,
