3782 3688
1967 709 2375 806 WIEN 18.7.05
1045 720 1247 823 ZEIT
1842 778 2194 875 I. Wipplingerstrasse 38
942 798 1369 903 Wiener Tageszeitung
1049 860 1253 909 Herausgeber:
1028 883 1270 937 Prof. Dr. I. Singer,
1021 924 1287 985 Dr. Heinrich Kanner
965 946 1341 1040 Feuilleton-Redaktion
1240 948 2491 1098 Lieber, bis jetzt waren die Kinder manx und laut hat
1023 1021 2523 1159 uns nieder alle Sorgen gemacht. Deshalb sind mir nicht abgekommen
1027 1085 2489 1236 Schreiben Sie mir, ob es Ihnen kand, wenn wir Samstag nach
1023 1131 2515 1300 Reichenau kommen, und ob sie dann lüst haben (nur für diesen
1019 1187 2450 1350 Ferne kämen wir) am Sonntag oder mondag die Maria zasser Partie
1032 1251 2444 1404 mit gemachen. Ich habe auch Eismerz u. s. w. nur; nenüber nur
1027 1307 2444 1447 aber noch sprechen wönnten. Ich denke mir: Samstag Termis,
1023 1341 2526 1524 Someday Teunis. Meidag früh N. Sonnsag asds. Abfahrt nach Mgh.
1653 1410 2395 1533 herzliche Grüße um eins an Sie beide.
2164 1470 2251 1571 The
2235 1498 2437 1591 Sallin
1028 1640 1814 1773 das mich von Baar herbei sie schatten?
1834 2085 2137 2210 Berlin, 29. I. 06
1030 2177 2476 2321 lieber, wir sind aber einigen Dienstag hier ungekommen, und einen am damals
976 2274 2457 2379 habe ich die Gewähle n'benommen. Da bin nur denn gleich es tief in Arbeit gewonnen,
991 2315 2420 2438 sans ces poëtes nieds un Berlin bemerke. Wir wohnen im Saxonia, nahe am
989 2373 2418 2489 Potsdamer Statz, schöne Zimmer aber elende Gedienung. Heute haben wir eine Wohnung
997 2399 2467 2539 Gemiether: Chartofimburg, Kanusstraße 24, dieselbe straße, in der von Theater v. Westens ist. Mor¬
993 2461 2450 2575 gen sind nur seben sein. Die Grünständig, die mir angeboten vor, wollte ich nicht erziehen,
999 2496 2452 2605 weil mir vor dem gereimatigen Überrichten graut. Die u. den Kindern geld es gut. Wann
989 2524 2448 2659 kommen Sie? Wir können wir neben sammt! Wenn sie, dass Braum am 5. Februar
1453 2586 2276 2734 Diese verzeichnete Grüße von uns an die Drei
989 2642 1287 2736 50 J. alt viel?
