3483 3672
922 874 2300 967 Lecker freund, den Gevanken an eine Radtour scheinen
925 916 2281 1017 sie selbst aufgegeben zu haben, - nun, ich hätte auch nur
909 955 2253 1078 sehr schwer aussammen können, wird es isst mir ganz
916 1017 2204 1126 recht. Sind Sie daher im September oder halben October
923 1025 2304 1180 wittwocht für Rügura zu haben? Ich möchte gerne auf
927 1094 2295 1243 acht Tage vahm gehen. In der nächsten woche komme
934 1147 2302 1282 ich vermittlich auf, wenn od. zwei Tage nach Sreke.
930 1185 2311 1345 Ich zeige Ihnen, das jedenfalls noch genau an, tassen
932 1243 2286 1405 sie heute das feuriteten von franz terwach gelesen?“ De¬
936 1270 2272 1440 cadense Romani... Die Herre frere Presse bewirchte
943 1312 2288 1511 für den attenden Karl v. Thäter einen Erwälz und
943 1384 2198 1549 hat ihn in servaes gefunden, nur vom mir
944 1440 2255 1622 Servales mit seinem Orientirtsinn noch echsel¬
1039 1775 2304 1966 Lieber, wir kommen morgen (Dienstag
959 1919 2265 2082 am Vormittag nach sehl. Wenn
930 2019 2279 2160 Sie noch nicht oder nicht mehr
911 2052 2325 2251 auf der Esslamare sind nicht!
920 2147 2339 2353 bei zu komme. Wir kommen übrigen
943 2235 2293 2438 über Strobl zur Bau, falls sie
962 2323 2207 2570 zum Entgegn fahren Leist habe
1419 2455 2144 2594 herzlicher Königl.
