3746 3688
1154 1251 2488 1420 Lieber wir nönnen schöne Söhleinsdorfer. 6/5.05
1104 1376 2451 1472 Korpe 88. Spazrergänge, Sommerpläne u. s. w.
1117 1454 2469 1522 können jetzt besprochen werden, nach dem Sommer¬
1113 1496 2547 1604 nachzuräum wollen nur nach Maria Zell. (Essatz für
1102 1582 2513 1658 Ferenz, das aus Zeitmangel entfiel) vielleicht machen
1102 1638 2445 1728 mir die Parthie zu wert, wie’s ja besprechen war?
1102 1709 2425 1807 Schreiben sie, wenn man sie am besten
1086 1783 2532 1873 und wenn Ihre Feuer am wenigsten-gestört wird. Wir
1067 1858 2480 1947 wollen meldimmel Vormittag oder Kirchenshag
1067 1895 2550 2035 zu Ihnen. — Die gemünschten 12 Exemplare haben
1076 1993 1801 2098 Sie ist waren schweren?
1958 1993 2385 2112 Herztweg Dr.
