4062 3704
316 638 1953 736 rechnete, mit Ihrer Zustimmung, die Bezirke als den Abschluss Herr
318 723 2016 820 Quatel-Aepache, fand, den durch der värher genommene. Gönne kaknder
320 767 1989 852 ein erstes Anzerthen für die meine Entwittung sei, besprach mir Hüssen
329 812 2010 903 The Rückfälligkeit der "Gebührten" und dann nach meinem gepührt der „Para“
329 882 886 967 alen" meßlungen sei.“
322 882 1948 1007 Am 16. Dez. 1900 schirch sehr samm in der „Wr Allg. Etg“ über die Bestrie: „Und
324 952 2001 1052 Demnach kann auch der Tehl. d. B" nach der eingangs erwähnten Fennel derle¬
335 1015 1991 1109 und werden: "Schnitzler-Vomart-süßes „Müdre“ der ganze Steenkreis, der Quaśel
329 1085 2012 1145 und seine Mädchen, für die Christina der trebeln, der alle die klernen und großen
331 1136 2020 1202 Dralage, Navellen und Stütte Schurzten erpüll, erfüllt auch dieses Denna. Anal¬
333 1181 2010 1251 der asthetisirende Erbhaber, bezarbeit und der unbeweplen Gurgre eines Bestadt¬
322 1213 1950 1300 müdeln, unlauchstweit durch Erfassung auf Vergangenheit und Gegenwart,
335 1234 2035 1363 mehr unterth, über die Rüssel des Erbes verkehrs, wir manchent im chambre
326 1312 1955 1420 separée summarisch; "So ist. das leben". - Fibippo Caschi trägt serne pige.
324 1367 2029 1473 und weiter: „Beährte, das Vossartmädel, süß unkurtret, sehr süp, vorrerkend
324 1412 1925 1512 in ihrer inneren Märvehrt. Einwischen ein Ihrer stets bereiten Weiterinkeit
324 1480 1329 1577 mit nie gehr den Weg der Vorrentmüdsel.“
335 1514 2010 1620 Duses Feuilleton haben sie Tannah in einem sichertrich u. hertwehrtenen Erb, ein Meister¬
324 1569 1948 1660 werk" genannt. Immerhin, ich dürfte glaubne, dass sie mir Recht geben, wohle
331 1603 2008 1698 es wurde mehr, als ich ja nur geschrieben hatte, was ich wass mündliche zu Ihnen
322 1683 623 1757 geäuherr habe
324 1660 1957 1798 Heute schreiben sie mir, Sie unükten es „bei mir lesen. Van Ihnen“ erst mit der genümte
324 1736 1603 1840 erne einigermassen neue Verkleidung der alten Figur getragen ist.“
320 1755 1942 1916 Nein, lieber, das haben sie bei mir ürent geben. Ich schirte: „dem oft rarischen
316 1844 1944 1948 nißen Müdte gab er in der Beahne endgültigt Gestalt; rückte den von ihm ge¬
318 1916 1028 2016 schaffenen Typus im Erhabme!!
322 1916 1972 2069 Sre werden im Ernst sereht schärpten können, das hörße auf durchneh: „Tamit
314 1991 1904 2105 rit Ihnen eine einigermaßin neue Verttlerdung gelungen! "Das herpfst, was es
312 2018 1976 2169 sagt, „nichtte den Typus ins Erhebene, gab endgültige Gestalt.“ Ich bitte Sie
314 2092 1984 2218 den Unterschied zwischen dem, was sie mir verwerfen, was Sie aus meinen Zeilen
307 2145 1919 2258 heranntnissen, wir zwischen den, was ich geschrieben habe, zu berichten.
307 2203 1914 2332 Das inke Münke ist nun immer ein Tyms man bedient ach des Wortes in
307 2228 1980 2377 der Ertenstür, wie im Leben, zur Morgen Verwänstigung, um eine bestimmte
314 2290 1944 2444 Gattung nach zu bezeichnen. Es geht gemeint vrele dreuter. Die erneue Typres
314 2319 1972 2487 genhätten, die eine etwa Gestalt im Leben erthebar gemacht wird die Erbenstände
307 2393 1948 2519 amt ihr berückert haben. Maß ich das ihrer wittrich anführen, wie zu er¬
316 2432 2001 2572 neuen, dan es kennen kommt bekendet, Ihnen vom einem Mordes zu sprechen,
307 2480 1895 2614 Baar had geschrieben! Schurgler es im Portuar auf einer Leute. Und Herzt
312 2512 1991 2673 ter Goldmann schrieben, schützer keinen nichts als das rüße Müdre. Kreis
307 2584 1982 2718 davon steht in meinem Juilleten, wir nichts daran in niemem vertheil über
310 2618 1883 2754 Sie gut sondern ist, nicht im geschriebenen versurend im mündtrenen
310 2671 1910 2807 Mütte ich geschrieben; Schmerzler kommt um einen Müßel wird erst,
307 2728 1999 2877 dann hätte ich mich der Ernkastütung schütig geweis. Aber ich habe
2069 651 3746 744 geschrieben.“ „ „ gab endgütige Gestalt, nöchste den Typer ins erhaben wird
2073 704 3769 793 endledigte sich...“ Erlauben sei, dass sich mit onsen sonderstern aufmerkt.
2073 770 3767 833 sam mache. Ich schrieb!“ In diesem Wirke nahm er abschied von dem Vor¬
2073 820 3755 897 Stadtmerk... Damit glaubte reh. Das Kastel, in das andere Frl. sperren
2069 863 3534 926 möchten, zerschlagen zu haben, und glaube es noch immer.
2084 888 3752 999 dass blieben weise die Worte: „wiederthe und wingwierige Gebührten der Orschterjergend“.
2073 933 3727 1043 trent ou renfantesten prêt es mir ici. Faim könne etwas krünftendes für hé¬
2080 965 3744 1075 fragen. Es ist in meiner Art, durch waren als möglich in den andern zu ver¬
2082 1022 3776 1130 setzen, wenn ich schreibe, und da mag ich über das nüße Mädel ein unge¬
2080 1054 3769 1160 Stütrigeres Wort gesagt haben. Es thut mir sind, sachten wir es wernt frisch.
2086 1094 3765 1225 der anderen Frauengestalten dabei ärmer zu gedenken. Diese spreien in Ihrem
2095 1145 3755 1257 Schriften bis zum Bergen und zur Beaturse hierau es wichtige Ratte, daß
2092 1191 3757 1297 man sie die einer gerüdernigen wur Neuppen Andernandersetzweg Ihres Entwerk¬
2084 1257 2932 1353 huungsganges hätte anbringen müßen.
2082 1255 3769 1395 h. bliebe nach: Geldschmiede arbeit, Klernkerner. Ich erkläre ausdruckeren, saurch
2084 1327 3769 1431 es bedaure, diese Worte angarender zu heben, bedauere, wert sie erne von einer nicht
2086 1361 3778 1486 geahnte nur nicht bewürdigte Wirchung auf die hervorberichten. Trotzdem. ich näher
2092 1395 3776 1533 ne verantworten. Der Absatz begründ: "Schürzler hatte nach andere ergenschaften,
2092 1448 3755 1573 éc.» „hatte“. Dann liegt ernfach alles. Ich meine sie sternen getrümend, ich nge
2084 1490 3759 1622 nicht, sie war ein Klernkünstler. Ich beyrthe viese beiden Worte mit und dem F. her¬
2090 1522 3740 1668 vergeht nur auf Ihre Anfänge, mir auf den Ausstel, als auf das Werk, auf
2092 1567 3706 1719 kein Ihr Ruhm wie auf einer Gnaden nicht. Diese Basis kann ein in unterne
2086 1601 3769 1772 Zeiten ihrer Unverlitterung verschrieben. Urstorisch und man sie aber noch belassen
2095 1643 3663 1810 müssen. Und gleich, wurden die beiden omenässen Worte gnägt sind,
2092 1698 3748 1840 können: „Dann aber fand er die Handgriffe zu erneu zweiteren Material, zu
2105 1741 3742 1889 erner höheren Plastik!“ Verfür das, sie zu ernein Geldschmern stempeln?
2097 1802 3735 1967 Dann Mannes: „Auf assendere Krüfte werden rücken frei, großzügiger
2099 1861 3500 2029 und weniger zuerlich.“ Herrn Pas, die sind ein Klirnkünstler?
2095 1940 3708 2084 Es bliebe noch : “Er darf ewer nieder kommen. So nicht!” Ereber, das habe rei¬
2086 1986 3727 2122 Hauen oft gesagt, das er meine Überzeugung, und es ist meine u. Bezürgerung
2095 2012 3702 2169 aus sie sein meiner Rauern ermpangen und. Fre. umschreiben seis mir den
2095 2061 3755 2215 bitteren Worten, „van rech nach Beneres) um Ihnen zu erwarten scheine.“ General
2092 2105 3668 2258 was auch, aber uns nichtiger m. Guderes. Zu nehmen änderm remeuren die
2092 2141 3693 2309 legen müssen.“ Vertüsse ich nimmt die „Erberntur“ und nur teilte die Frau mir
2101 2181 3727 2355 dem Dochter, deren zweite Erfrentrag nicht so sehr in meinem gerneben an. Eherr.
2097 2218 3721 2389 Wandlung bestärkte, dann meine Abneigung gegen schmerzkapf ettät wurde, als
2097 2264 3725 2446 er van einem „Trre“ sprach. Ich prerfle eirent, dass dieser ehrtrecht Mann
2097 2302 3706 2470 wenn er die Gelegenheit gehörtet wätte, auch zuschreiben hässte, es sei „ein Tore“.
2101 2340 3733 2514 Und Ich gerufte wird, dass sie das geschriebene ebenso nötig umgenommen willen
2095 2396 3693 2572 wie sie das gesprochene Strahwart bringenommen haben. Gegen mich aber regen¬
2105 2440 3689 2603 weh bei Ihnen in heftige Strümmen des Minstrassens, wert alle mir ernem
2101 2491 3680 2633 höheren Urwur war mir größeren Maßerüben
2109 2580 3733 2739 Ich seine vergebnes danker nach, wie es mir puniren konnte, von Ihnen
2112 2593 2784 2690 die Linie Ihrer Schaffens grüne.
2112 2622 3725 2803 warg aufverstanden zu werden. Und da ich noch zu der Unnahme,
2126 2673 3727 2843 dann sie mir irgendwie geringe der becünsterste, oder urschräglich gegenüber.
2120 2707 3689 2879 stehen nicht fürchteßen kann, können ich immer nieder zu
2126 2754 3702 2921 dem Renöttert, es muß an meinem Feuilleben irgendwie und irgenderes
