4505 3608
2650 989 4177 1061 Empfindung, den hier zwischen den Material und seiner Behandlung irgendwelwe Wider¬
2641 1069 4169 1129 spütte bestellen. Widusprüche, die ich mir aus manchen Temperaments quellen des nichters gunst
2645 1114 4169 1173 erklären Mann, auch damit, dass irgend ein liegens Mitleben in Fussen dem Hofristes gleichsam
2645 1161 4136 1216 mit einer feinen Persönlichkeit fasser noch verbunden viel, dass ein leutes Erslösen und ganzes
2633 1221 4124 1263 Freienden des Schöpfers vom Gericht dadurch ums statt fand, und dann auch und das
2627 1247 4168 1315 Freie, die ganze Kämpfegheid des Frans überschauende Spie des Knönfers und dem Geschöpf. vom
2627 1296 4185 1351 benauer: den Tagjenige, uns der Ernst des Hofreiten ist, sich nicht Jänner von Jurens, des Dienters
2627 1343 4152 1411 Ernst differenziges, dann beides mannemal zusammensließt, und nie aus einem Ursprung zu
2635 1396 4171 1464 kommen scheint. Eine Gedalt scheint es jetzt. die gelegenwärtig noch von einer persönlichen Landderen.
2627 1458 4158 1513 talität des Diehltäts unwillig ist. (Was sie nicht einlaßen können werden.) Man braunz aber diesen
2621 1496 4191 1599 König nur weg zu blauen und die vollkommenste Figur für die vellkommende und ersteste
2619 1566 3020 1648 Komödie träte hewar.
2633 1593 4168 1693 Es ist noch nötig schwer für uns, für die nie für einig. über diese Dinge eenig zu werden. Besonders in
2629 1693 4148 1740 Diefen. Aber ich denke, ich haben im Algenseinen und in Ihrer Arbeit so viele Treppunckte, dass
2621 1738 4158 1793 mir um dieses einen divergenz schrösten können. - Der Dagebend ist am 14. November am
2613 1789 4173 1858 13. (Monsag) ins die Generalpreke, und ich werde mich natürlich aber freuen, wenn sie Beide
2621 1832 4126 1920 kommen natten. Inzwischen hoffe ich, sie noch zu sehen. Meine Frau ich für wenige
2627 1883 2893 1979 Tage in Berlin
3428 1907 4003 2051 Majeresse Nötte zu Salm
98 3404 215 3496 B
