3487 3704
1323 997 1430 1112 07
1559 1119 2108 1244 Wien, 13. September 98
968 1508 2117 1654 Lieber Arthur, haben sie meinen Brief be¬
968 1617 2108 1751 kommen? Ich konnte damals nicht ins
967 1690 2122 1833 Theater und schlug Ihnen vor, an einem
961 1807 2119 1928 Nachmittag in Schönbrunn pazieren
957 1880 2132 2046 zu gehen. Möchten Sie nicht? Ich minde
2178 1938 2280 2077 G.F.P
967 1973 2152 2116 mich schon sehr freuen, Sie wieder zu sehen.
966 2068 2160 2235 Schreiben Sie mir sich eine Zeile, - am besten.
970 2160 2171 2333 Sie verständigen mich Vormittag im Bureau
1456 2275 1956 2408 verzlichst über
1781 2378 1991 2539 Satten
