4552 3544
2181 712 2275 821 27
1579 704 1803 847 Sallen
2678 729 3024 848 Wien, 15.5.4
1704 1077 1872 1201 Lieber
1854 1170 3031 1280 in Ergänzung der Entradung zu dem Vortrag der Schweizer
1886 1251 3028 1331 paratos Kettstein am Samstag habe sey es zu vernommen.
1671 1256 1891 1337 Regierung
1743 1326 1891 1360 G.C.H.F
1884 1315 2033 1365 le sujet de cette riviere
2213 1319 2300 1365 G.F.P.
1671 1312 3009 1407 Sie auch zu dem Kleinsen Früher zu bitten, das Samstag Abd. ½ 9 im
1670 1373 3038 1462 Votel Imperint für Herrn Cettsein gegeben wird. Es ist wirklich mit ein¬
1673 1448 2971 1527 Kleines souper (ohne Toussé). Ihre froh. Zûrage bitte ich sie, an den
1665 1501 3026 1600 Grafen Adolf Dubsky im Ministerium des äußeren richten zu wollen.
1659 1583 2801 1676 Hoffentlich kommen sie sowol zu dem Vortrag, nie zum Sowper.
2300 1624 2988 1763 Herzliche Grüße von Haus zu stans
2598 1729 2695 1825 741
2602 1774 2905 1898 Franz Tassen
