3492 3720
1511 929 1969 1072 Ischl. 28. Juli si
1270 983 1461 1082 140
1005 1192 2095 1401 Lieber Freund. Dienstung gehe ich nach
986 1275 2118 1513 Wien zurück. Bleibe dort ein paar trochen,
1005 1314 2151 1583 dann muß ich freilich wieder ärerter. Dann
992 1427 2124 1655 habe ich noch ein paar tährten nach
1012 1500 2092 1735 München § nach Berlin zu machen,
1012 1561 2131 1798 aber erst im September. Vielleicht ist
1020 1623 2138 1865 es nötting, dem ich vorher, ende läugnet,
1033 1672 2127 1938 od. Aufsings tepkärnt. nach mit Feby
1043 1756 2154 2041 zu rammen trefte. Er schlügt darvus
1046 1829 2165 2098 vor, als Venedig. Wenn sie um Stere Zeit
1053 1884 2180 2170 am Gardasen war, könnten mir, falls
1066 1971 2184 2257 es Herrn recht ist dankäm, oder doch
1068 2077 2171 2333 in den drühe kommen. Verwegen
1089 2141 2101 2426 Fagen war bequimt Zepler der, mit
1081 2188 2228 2489 tübchen neuen Saalen, die ich erworben
1095 2296 2183 2568 hocke. Von den Wiener leuten ist
1086 2354 2246 2642 nichts, aber auch nach gemächts
1102 2449 2250 2728 ver, wie die Sache allerdings nicht
1102 2535 2188 2822 erleichtert. Der war sie darauf
