4174 3705
296 420 527 561 G.C.P.
1870 767 2339 868 Berlin, 22. IV.06
1582 772 1723 875 211
1122 1115 2540 1228 Lieber eben, da ich mich hinsetzen will, um Ihnen zu schreiben
1104 1203 2527 1311 Namund Herr rivide besserende. Ich bin nun einigermapen in Verle¬
1095 1259 2540 1394 genheit. Denn wie nicht kann Brähm meinen unverlangten Rath
1093 1320 2543 1447 ablehnen; kann thu, was mir noch weniger trock wäre, amissduiten,
1095 1396 2541 1483 und als die Stückd. „dreinzureden“, auffassen. Ganz abgeschen davon,
1095 1448 2504 1555 dan reh ja gannet wir, ob Brahm auf einem Urteil auch nur
1095 1497 2522 1625 das mindeste gibt. Und anmerdem habe sich, als wir nach der Vor¬
1093 1546 2484 1690 Fettung beisammen waren, zu müssen geglaubt, den Brahme
1084 1605 2525 1742 (vielleicht aus Theaferpolitik) Reichers Iulian über den von Rittner
1093 1668 2516 1804 25 stellen genügt ist. Im Kann mich ja darin irm. Zwler.
1098 1710 2484 1856 falls erleichsen es die Schrauen nicht, denn ich habe Bittner
1095 1768 2541 1923 in dieser Ratte wird gerehen. Wir rimmer er aber auch gewesen.
1095 1818 2518 1979 sein mag. er war sicherlich besser als Reicher. Einfang aus
1097 1874 2511 2033 den Grund, weil es ermüglich ist, schlechter zu eine als Heer
1095 1925 2538 2083 Reicher war. [Dieser Satz könnte von Guldenann sein; ut aber
1093 1988 2529 2150 gleichwol richtig) Um Ritner in dort stets ein Haus wie
1102 2024 2529 2195 der Fülle der Erlebnisse. Auch ein höser Hauez von Ernsamkeit
1117 2078 2502 2256 ist jetzt mehr und mehr um ihm. Ritmer ist verkauf eine
1117 2128 2531 2312 glaubhafte Art von Vertrehrheit vorgeben, von allerlei Karesen,
1111 2177 2522 2352 und das Parzum vieler Frauen haften gleichsam in seinen
1108 2242 2516 2401 Kleidern. Weint nun alle diese Dinge weilk und herbstlich
1111 2291 2520 2460 werden, dann haben sie, wie es der Lütian braucht jene
1117 2330 2482 2498 Melancholie, deren bewundere Schatterung eben ein Guldten
1117 2401 2468 2547 ist, ein verblassender, vennals aber – das nicht man
1120 2451 2513 2608 noch genau - üppiger und leuchtender geldten. Von wenn
