3785 3671
1280 358 1373 491 11:7
1081 433 1245 549 Die
1016 519 1318 650 ZEIT
2258 547 2898 673 WIEN, 9. Dezember 1903.
2152 620 2505 723 L Wipplingerstrasse ###
950 627 1383 721 WIENER TAGESZEITUNG
1071 698 1252 751 Herausgeber:
1018 726 1328 789 Prof. Dr. I. Singer
1013 774 1328 834 Dr. Heinrich Kanner
1076 819 1275 910 Redaction
955 879 1376 960 Telegramm-Adresse: Zeit, Wien
1086 935 1247 973 Telephone:
1774 900 2213 1026 Lieber Freund!
953 940 1371 998 Interurbanes Telephon Nr. 15.988
975 998 1368 1053 =Telephone Nr. 17.ha0, 17.041 =
1013 1023 1328 1096 Depescheasaal Nr. 4548.
1013 1104 1134 1182 Sa/B
1583 1252 2933 1381 Da unsere Weihnachtsnummer jetzt fertig gestellt
1005 1346 2969 1452 werden muss, frage ich Sie, ob Sie etwas für mich haben. Es muss nichts
1008 1446 2941 1552 Grosses sein über aus mancherlei Gründen wäre es mir lieb, wenn Sie mir
1005 1540 3032 1648 irgend etwas schicken können. Die Schlenther-Briefe habe ich Ihnen gleich
1000 1620 3016 1746 am Montag rekommandiert zurückgeschickt. Hoffentlich bin ich in der näch-
1000 1721 2981 1802 sten Woche mit dem Preisausschreiben so weit fertig, um einmal nachmit¬
1063 1792 1875 1930 gs zu Ihnen kommen zu können.
2175 1956 2492 2107 Herzlichst
2283 2094 2568 2230 Ist Jattin
990 2689 1759 2825 Herrn Dr. Arthur Schnitzler
1308 2926 1580 3021 Wien.
1008 3084 2908 3203 Alle für „Die Zeit“ bestimmten Zuschriften und Sendungen sind an die Eedaction "Die Zeit" und nicht an die
1464 3185 2452 3246 Person eines der Herausgeber oder Mitarbeiter zu richten.
