3343 3687
1815 742 1938 833 248
1224 744 1404 851 salli
1207 821 1764 923 Südbahn-Hôtel
1276 898 1707 999 Semmering
1383 963 1623 1035 Austria
1373 1028 1652 1087 TELEGRAMME:
1238 1066 1772 1142 SÜDBAHNHÖTEL HEMMERING
1398 1156 1620 1220 TELEPHON:
2040 1161 2391 1316 15. II. 19
1330 1197 1702 1257 HÔTEL Nr 5.
1322 1243 1700 1330 DEPENDANCE Nr. 6.
1330 1460 2465 1587 Lieber, nur wollen noch etwa acht bis zehn Fage
1215 1555 2426 1680 bleiben, falls das Wetter weiter so herrlicq ist und sonst
1209 1616 2436 1751 nichts dazuischen kommd. Neun ich Samstag ins Theater
1204 1672 2475 1820 müß, fahre ich Sonndag fürk unter heraut. Wir münschen
1201 1744 2467 1881 sehr, dann Frau Olga rechs bald wieder not ist, und dass
1207 1779 2531 1953 Sie beide und in den Sonnag hier sein stönnen. Gudern
1214 1846 2482 2005 waren nach Spondspiele da (intrigens schr schön) dafür nid's
1209 1915 2490 2084 Feß sittl. Elles Gute Ihrer Frau und herzliche Grüße um wir
1505 2027 1762 2139 zu ihnen.
1987 2005 2350 2122 Jur. Saekn
