3472 3655
291 1194 1545 1329 und nach allen Seiten. Es geht kein Tag
295 1271 1554 1379 hin, an dem mir nicht etwas erfreulichte
295 1366 1500 1450 ein fiele. Dabei bin ich jetzt an Büchern
280 1425 1541 1536 und Menschen und an den Erinnerungen
299 1497 1479 1628 vorbei auf einem ziemlich directen trag
293 1551 1527 1682 zu mir selbst. Es ist auch eigenthümlich
295 1633 1497 1743 aufregende bist. Frühling kann man
303 1685 1543 1823 nicht sagen, denn es ist etwas zweiter
308 1751 1563 1890 Alles ist depurter, Mühler und alle Ferner
313 1823 1443 1952 sind ohne den ahnungsvollen Nebel
326 1877 1481 2009 und Klarer. Es gibt keinen Menschen
322 1941 1469 2103 kein Buch, nichts in meinem Leben
308 1990 1533 2188 zu dem ich nicht eine total veränderte
332 2081 1540 2265 Bezichung hätte, als vorher. Das ist
329 2137 1530 2333 natürlich nicht erst in acht Tagen
334 2201 1530 2410 geworden, aber erst auf meiner Reise,
329 2289 1520 2472 und dann jetzt hier, habe ich
308 2361 1571 2539 ein wenig ordnung mit desen Dingen
316 2453 1527 2636 gemacht, und meine Interessen ge¬
316 2577 638 2687 saubert.
362 2567 1543 2752 Von äußeren Umständen weiß ich Ihnen
1648 1163 2893 1286 nichts Neues zu sagen. Vielleicht finde ich
1651 1253 2937 1368 eine Stellung - Ludassy behauptet, er habe
1641 1309 2922 1433 Große Dinge (vor, - vielleicht wird etwas mit
1641 1352 2929 1456 einer Direction. Vielleicht schreibe ich von den
1643 1401 2911 1522 Stoffen, sait denen ich mich jetzt beschäftigt
1643 1473 2960 1579 einen zu Ende, - das letztere ist das wahrschein¬
1635 1527 2935 1653 lichste. das Ziegcle und Frl. M. füllen
1623 1554 2926 1713 meme ntrige Zeit aus. Seit der Reise ist
1636 1626 2929 1757 euch hier eine entscheidende Wendung ein¬
1625 1658 2898 1833 getreten. Das macht mich auch besser und
1610 1710 2877 1883 ruhiger, und gibt meinem Leben wieder
1626 1744 2922 1916 einen vollen Duft, denn ich habe lange
1605 1802 2877 1978 Niemanden erb gehabt. Sonst leb ich
1620 1864 2932 2035 mit Meinem Menschen und habe Keinen,
1625 1934 2541 2080 mit dem ich sprechen möchte.
1666 1983 2911 2137 Bis den übrigen ist, glaub ich, alles beim
1626 2035 2949 2219 litten, oder doch nichts wesentliches geschehen.
1630 2098 2947 2284 stings sehe ich selten, und wenn, dann reden
1636 2142 2947 2304 wir vom Bicycle. Mein Verkehr mit Beer-Hof¬
1640 2202 2901 2368 mann beschränkt ich auf Potterspielen
1625 2238 2935 2418 und mit Schwarzkopf kann ich garnichts
1640 2297 2950 2477 sprachen. G. Hirschfeld sehe ich manchmal
1635 2366 2916 2525 er will mir sein Stück vorlesen. Brahme ist
1626 2407 2908 2590 hier, glaube ich, - ich habe ihm aber noch
1635 2481 2859 2651 nicht gesehen. Sie können ja, wie
1659 2525 2898 2726 wald? Bis dahin höre ich von noch
1659 2626 2438 2783 öftür, wie es Ihnen geht.
2407 2611 2859 2757 Herzlich Ihr
2647 2723 2865 2842 Satten
