3429 3704
1311 939 2481 1148 178 Am Kahlenberg 27 XI B
1015 1159 2498 1401 Lieber, ich bin doch nicht nach Waddhofen
1013 1279 2501 1503 sondern lieber hier herauf, wo es minderichän¬
1015 1390 2490 1610 und ganz statt ist. Gedanke nur seien Berg
1019 1455 2413 1712 jetzt als meinem Privat-Semmering
1021 1534 2444 1773 anzwschaffen. Merzl. Dank für
1045 1601 2520 1858 Ihre Wohnsernung über meinen Krank¬
1046 1708 2442 1956 Guhrütz. Nächstens recht ich mich
1035 1777 2420 2041 hierher und Schlutter zurück, nur
1048 1884 2455 2126 wisse sie nach besser zu bewenden.
1459 1995 2213 2218 herzlicher Str. 5.
