3560 3688
1227 976 1639 1104 MlH3MM3r JBÏTÖHunden
1886 1026 3126 1173 Ich bin sich Sammürdig meiger Koche höre oben; traf einer Freude
1362 1089 1540 1169 Monsieur
1309 1131 1392 1193 G.H.F.P.
1492 1139 1597 1190 G.C.S.O.F.
1878 1130 3152 1217 König mir Frau Schleutter, und der ab neinischenreise sehr syn¬
1299 1180 1598 1235 1.8.8 H 30 A.G.H.3330
1873 1207 3119 1274 hathsserte. (Nett hat wir Schmerthes in der Treis-Angelegenheit be¬
1880 1278 3140 1362 nommen) Samstag kam M aus die Kindern, Freundag
1873 1333 3169 1426 Mannen Frischen, zudem u. kennte ist der Bürg sagenossen, wie
1864 1387 3051 1468 kein Tred ved immer da. H arbeite ein bisschen und
1864 1461 3063 1527 spüre nach immer meine Tann zuwände. – Neffendet
1864 1514 3098 1589 sehen nie uns hier sein oder in Wren. Angstlich bin ich ja
1864 1581 3158 1663 das geb. rez zu. Sie hoffen das, den es wegen meiner Kinder
1860 1653 3123 1737 bedändig in einer halbställen Fürst lebe. Aber ich mitte,
1873 1718 3100 1823 wenn sie Herni bei sich nahm, er noch nicht mehr
1859 1789 2111 1893 zu beregen.
2232 1833 3064 1949 Eben unter Gute aus zugleich von uns zu
1885 1914 2997 2017 Innen. Wli v. ich letzten Frau Ilgen besonders größen.
2877 2001 3024 2145 Sattin
