3416 4168
372 318 760 515 3. Akt.
138 692 392 842 1. Decr.
252 772 1078 1014 Vogel. und Rohnstedt
154 946 1578 1201 Seinlich Geschichte. – Ihr ein Gute
135 1150 835 1347 keit. Verletzkoll.
193 1312 1646 1558 So kauf wie noch nicht zu reden.
179 1507 1630 1741 liebes RoseStadt, da keu auf ihn besse¬
166 1716 1698 1964 wie Du. - fatalis in diese Sachen
193 2001 1681 2287 2. Vogel. Rohenle H. Renniski
207 2229 1634 2432 xx dank Eurs. - Ich hab
224 2416 989 2594 nicht auf zu Ihm
252 2582 786 2738 diant nicht.
230 2724 1092 2900 der wird sich zeigen
261 2863 1624 3077 den Welt ist groß. die hast andere
259 2993 967 3221 Übersmöglichkeiten
277 3157 1687 3397 Nois? ich nicht. Ich bin ein anderen
244 3352 1757 3578 bensch, das weisst die so gut wie ich.
255 3526 1825 3828 brin. Es sey hat ich die Fräule gewordet
250 3769 936 3941 ﻿Grundaise usu
