3528 4808
446 1125 1626 1388 ich für, die sehr geschlach aber
225 1283 1667 1531 haben aufgegeben, best thedi, belent,
253 1484 1687 1700 daß er um ganz sein Kamerad ist.
259 1665 958 1845 trellece unhrt ab.
240 1778 1694 2001 Aber man heiht Sie so mein Freilich sehr
240 1979 1440 2171 in Wien. J. senat. davon Preisen.
251 2174 1711 2366 Es sucht überall verschrei, er ist nun
236 2306 1730 2606 seit dreit jekonier, daß der beschieße
246 2531 1689 2740 Vogel schlüßt sich den Begragungen
260 2730 1741 2961 an; Willen Chibt zurück wegen
272 2905 744 3089 Frieduan v.
277 3076 1406 3266 5.- Frerheam Willem -
272 3233 1713 3491 kurze Bemerk über d. Fau. Heil
272 3445 1689 3700 künscheint, da droht die ein Gefahr.-
281 3621 1756 3913 Sich beigefert. - Ich habe die Geldertz
288 3850 1748 4083 gemacht, daß die tote unendlich
264 4059 1715 4261 blie ik. seit ich den keine Thezg
288 4213 1698 4466 entgeben sei, was zu schaffen
352 4445 1607 4667 Theun fühlen. Das ist genug
1994 3342 3283 3696 helma: wij sie in and
1908 3584 3073 3969 Monsieur lebt, wofürst
1949 3780 3097 4237 einherrliche Geschw.
2037 4098 3168 4542 konnt sie wort
