3512 4216
206 392 1561 667 Dr Mllif stoffe sa, et
215 607 1662 927 für das! - die leihe gloster
202 847 1733 1171 lasse für seis gehabte zu
204 1053 1708 1380 So kurm die doch nicht dreue
202 1282 1766 1572 Ichnand der aller ersehen Gott
213 1539 1648 1826 wie sehr wird der sein, wie
254 1729 1671 2022 and in ellen her am for
363 1968 1733 2305 nicht mehr wissen ver¬
264 2185 1733 2526 über - dasselbst nicht mehr
289 2394 1638 2716 a wit - a it kunt i
289 2658 1503 2926 M Frant as iti go
322 2887 1452 3249 berthe denkst etc.
312 3197 1324 3529 8. - Friedrich
386 3424 1555 3753 Zeit das ich das nur
417 3616 1654 3957 treth - Nicht zu Stehehr,
