3528 4984
395 1119 1479 1399 iusti kommt anbei.-
315 1312 1665 1568 Ihr soll sich sehr Catsicht um sie
232 1522 1646 1752 Gemühe. – Läßt das aber nicht im¬
221 1694 1280 1942 den Augen-Blumen¬
211 1813 1740 2070 H. Vielleicht ist er und darin wieder
213 2015 1742 2212 F. G. übertäubt sich. - In einem schlechte
207 2170 1750 2416 Paul! - Jegend am Sähnlaffeise. Un¬
242 2381 1178 2575 terliebung. - Rorten -
228 2537 1397 2759 tr. wird na seineml. -
205 2717 1520 2951 F Mo of dine Freiheit, lieben
263 2913 1548 3137 Ein Magid Credi nach ihres Dich
242 3158 1692 3404 6. - Novem Thearle haben sich sehr
288 3362 1681 3565 Kurzialer gesammelt, Kabe ih
253 3540 1172 3743 bereit in der Kasse. -
294 3703 1349 3901 Finke und die Schwarz.
294 3849 1238 4054 Finke Krumpt Inest.
305 3997 1405 4191 I do. A sur Mr Rindl
363 4141 1383 4317 Ihr im xx Hebelt: -
407 4277 1126 4438 der Gebracht! -
311 4379 1683 4595 Baldin lubt si mit: Bin
357 4580 1593 4810 mit wiften ppriam lave
