3448 4168
166 300 1700 625 6. Theil kennt. Gut daß ich für
174 526 1582 834 traff. Reise but ihn
174 773 1681 1058 stellung ist nichts, der ist gehör
168 1006 1685 1276 dert worden. u. schlägt sich mit¬
164 1235 1576 1553 Er ist aber ein hand und sprach
208 1455 1656 1781 Tintar. Merrif de this soll
214 1691 1714 1991 weiss ich nicht - da ist es
220 1943 1366 2280 wichlich.- Raht fort.
283 2211 1480 2463 J. Anna - Wellner. -
281 2450 1241 2737 Ceure Mernie for
291 2674 1501 2959 Dr. Johannis Keille Me
310 2899 1631 3203 zu nachwandten. - Ich begheile
249 3159 1534 3433 des uur als zu Staf; und
287 3399 1094 3710 selbst bekannt
287 3618 1454 3873 ist liegt mich an. schon:
342 3829 1465 4014 Nein, ich will nicht fort
