3528 5112
281 1287 3028 1641 So a oreinärs Stiek wollens jetzt aufführen - pfui Teufel!
340 1596 808 1800 Der Gast.
330 1696 2938 1977 Der Direktor, der eine Rede studiert: Sittlichkeit und
392 1880 2955 2081 Kunst, - währenddem Autoren hinausschmeisst und Schau-
399 2064 1381 2272 spielerinnen angeht.
340 2078 2921 2411 Die Schauspierin: Der ist für mich wie ein Stück Holz.
368 2307 3157 2556 Der Journalist B: Da hab ich der Gr. gesagt: Was habens denn
1686 2432 1953 2550 deilen
1113 2463 1658 2577 vot liebes
385 2456 3091 2692 daven? Warum nicht lieber mich statt dem Lausbuben? - Aber
430 2664 1662 2889 die Gans hat nicht wollen.
385 2678 3056 3014 Ihre Schwester hat übrigens der bernehmtesten Hinter¬
427 2966 989 3115 you than. -
406 3046 3111 3309 Jetzt giebt's anständige Schauspielerinnen auch? Da kennt
416 3271 1821 3486 man sich schon gar nicht aus!
465 3354 3035 3635 Das ist ein Kunstinstitut, da müssen Sie sich manchmal
482 3618 1263 3805 einladen lassen.
441 3677 3063 3958 Die Schauspielerin, für die gesammelt wird, weil sie in
510 3809 3066 4086 andern Umständen ist, und alle geben einen Gulden, der
510 4065 1249 4260 Liebhaber zwei.
486 4145 3122 4378 Jetzt hat sie die Schauspieler durch, jetzt kommt's Or-
496 4395 1516 4586 ehester an die Reihe.
496 4450 3167 4738 Wie der Inspizient der Naiven sagt: Sie müssen ja nichts
562 4832 770 5019 meer
