3640 5096
994 1381 2012 1547 Zu S.98, Z.6 v.unten.
1000 1588 2387 1775 Paul: gr soll es eben nicht.
2931 1615 3355 1773 von vorn¬
1030 1778 3381 1939 Wellner: Du redest wie ein Kind! Es ist xxx
1220 1831 3416 1974 herein für ihn eben mehr / gestandet als für dih
1360 1919 3405 2083 ### auf dem Spiel Stent - darauf kommt
1375 2050 3250 2226 es an. Für dah mag dieser ganze Vorfall
1474 2147 3185 2276 unter günstiger Umstandes
1372 2226 3235 2384 die Bedeutung einer Episode haben, eines
1363 2334 3340 2539 Abenteuers, das weiter keine Spuren hinter
1366 2480 3302 2709 lässt - für Karinski ist es in jedem Fall
1381 2688 2191 2878 eine Katastrophe.
1033 2793 3375 3033 Paul: Und darum durfte er sich alles erlauben?...
1372 2981 3367 3174 In der Sicherheit, dass das Duell alles ab-
1386 3118 3364 3296 wäscht, durfte er frech sein und schmähen?
1384 3279 3215 3431 ... verleumden und zudringlich sein?...
1164 3501 3182 3686 stellen. Paist. die Spritte nicht gg
1360 3571 3390 3908 ehrlich! Von der dort
1278 3949 2381 4145 of "Gils mani"
