3496 5112
245 1370 833 1673 Böses tun.
316 1527 2907 1805 Der jugendliche Held, der bei der Probe herumläuft und
323 1649 2897 1965 allen Sehauspielerinnen sagt: "Liebst du mich? Bin ich
343 1890 1506 2088 nicht ein schöner Mann?"
350 1955 3006 2247 Der Direktor, Josefstadt, der dem Frl.H.sagt: "Sie, wenn
360 2098 3050 2438 Sie jede Einladung zum Souper ab lehnen, so werden wir ein
391 2366 1714 2577 Wörterl mit einander reden.“
418 2407 3070 2764 Franz: Sehen Sie- : eine kleine Rolle und ich bin berühmt
473 2720 857 2876 worden!
432 2744 3026 3043 Friedner: Damals, wie ich auf Pistolen losgegangen bin,
445 2985 1873 3199 hab' ich eine Angst gehabt....
449 3074 2907 3349 Ich mach' mein Buckerl und schick' ihm meine Zeugen.
462 3233 2400 3488 Der Rodeckschirm, den sich jede ausleiht.
473 3451 1578 3652 Der alle 14 Tag kommt.
479 3492 3213 3801 Der Gast, die Choristin, die stolz ist, von ihm geliebt zu
507 3777 3189 4077 Die Souffleuse von einer Schauspielerin: Die ist so dumm!
547 3801 908 3975 werden.
524 3961 2955 4243 immer nimmt sie sich einen, von dem sie nichts hat.
581 4175 2122 4376 Die trauernde Schauspielerwitwe.
541 4236 3216 4566 Amerikaner: Ich möchte deutsch lernen. Der jedes Jahr die
541 4485 1564 4692 Naive der Saison hat.
299 4753 802 5012 I have in
