<?xml version="1.0" encoding="UTF-8" standalone="yes"?>
<PcGts xmlns="http://schema.primaresearch.org/PAGE/gts/pagecontent/2013-07-15" xmlns:xsi="http://www.w3.org/2001/XMLSchema-instance" xsi:schemaLocation="http://schema.primaresearch.org/PAGE/gts/pagecontent/2013-07-15 http://schema.primaresearch.org/PAGE/gts/pagecontent/2013-07-15/pagecontent.xsd">
    <Metadata>
        <Creator>prov=READ-COOP:name=TrHtr:version=2.1.0:model_id=51170:date=28_07_2023_20:22</Creator>
        <Created>2023-05-10T12:01:45.972+02:00</Created>
        <LastChange>2023-07-28T20:22:26.909+02:00</LastChange>
        <TranskribusMetadata docId="1428182" pageId="55395548" pageNr="9" tsid="131375290" status="IN_PROGRESS" userId="64420" imgUrl="https://files.transkribus.eu/Get?id=SCYNGCSFGTVOGDYITFRCREKN&amp;fileType=view" xmlUrl="https://files.transkribus.eu/Get?id=IWRSMZBBDSVYWGSDDSFYGRSP" imageId="44670426"/>
    </Metadata>
    <Page imageFilename="1428182_0009.jpg" imageWidth="3544" imageHeight="5112">
        <ReadingOrder>
            <OrderedGroup id="ro_1711800745129" caption="Regions reading order">
                <RegionRefIndexed index="0" regionRef="tr_1"/>
                <RegionRefIndexed index="1" regionRef="tr_2"/>
            </OrderedGroup>
        </ReadingOrder>
        <TextRegion id="tr_1" custom="readingOrder {index:0;}">
            <Coords points="389,1502 2998,1502 2998,2973 389,2973"/>
            <TextLine id="tr_1_tl_1" custom="readingOrder {index:0;}">
                <Coords points="2480,1633 2517,1636 2564,1596 2605,1599 2659,1579 2648,1414 2578,1410 2561,1420 2517,1390 2510,1397 2483,1387 2463,1393"/>
                <Baseline points="2496,1552 2585,1558 2668,1564"/>
                <TextEquiv>
                    <Unicode>91.</Unicode>
                </TextEquiv>
            </TextLine>
            <TextLine id="tr_1_tl_2" custom="readingOrder {index:1;}">
                <Coords points="425,1781 540,1775 563,1751 783,1778 820,1758 884,1791 1012,1758 1107,1768 1107,1603 1005,1572 860,1579 776,1619 712,1596 638,1643 540,1619 425,1650"/>
                <Baseline points="442,1747 531,1747 619,1741 708,1741 796,1747 885,1747 973,1741 1062,1741 1115,1747"/>
                <TextEquiv>
                    <Unicode>Zu “Freiwila”.</Unicode>
                </TextEquiv>
            </TextLine>
            <TextLine id="tr_1_tl_3" custom="readingOrder {index:2;}">
                <Coords points="374,1967 432,1947 452,1967 499,1950 526,1967 580,1964 604,1947 648,1964 705,1923 749,1933 746,1808 719,1812 685,1788 644,1795 621,1778 597,1802 543,1805 526,1788 503,1805 442,1795 371,1808"/>
                <Baseline points="389,1894 478,1900 566,1900 655,1900 743,1900 755,1906"/>
                <TextEquiv>
                    <Unicode>Doktor.</Unicode>
                </TextEquiv>
            </TextLine>
            <TextLine id="tr_1_tl_4" custom="readingOrder {index:3;}">
                <Coords points="381,2095 2345,2021 2895,2085 2982,2058 2986,1906 385,1967"/>
                <Baseline points="401,2054 425,2054 513,2054 602,2048 690,2048 779,2048 867,2048 956,2048 1044,2042 1133,2042 1221,2036 1310,2036 1399,2036 1487,2036 1576,2030 1664,2030 1753,2024 1841,2018 1930,2018 2018,2018 2107,2012 2195,2012 2284,2007 2373,2007 2461,2007 2550,2001 2638,2001 2727,2001 2815,2001 2904,2001 2992,2001"/>
                <TextEquiv>
                    <Unicode>Der Offizier, der ihn bittet, sich mit ihm zu schlagen,</Unicode>
                </TextEquiv>
            </TextLine>
            <TextLine id="tr_1_tl_5" custom="readingOrder {index:4;}">
                <Coords points="418,2240 2800,2193 2824,2102 2169,2024 1606,2129 422,2088"/>
                <Baseline points="436,2195 442,2195 531,2201 619,2201 708,2195 796,2195 885,2190 973,2184 1062,2184 1151,2178 1239,2178 1328,2178 1416,2172 1505,2172 1593,2172 1682,2172 1770,2166 1859,2166 1947,2160 2036,2160 2125,2160 2213,2154 2302,2148 2390,2148 2479,2148 2567,2148 2656,2142 2744,2142 2833,2142"/>
                <TextEquiv>
                    <Unicode>Komödienduell vorschlägt, ihn dann niederschiesst.</Unicode>
                </TextEquiv>
            </TextLine>
            <TextLine id="tr_1_tl_6" custom="readingOrder {index:5;}">
                <Coords points="401,2358 2847,2345 2993,2217 405,2260"/>
                <Baseline points="419,2331 430,2337 519,2343 608,2343 696,2343 785,2337 873,2337 962,2337 1050,2331 1139,2331 1227,2325 1316,2325 1404,2319 1493,2319 1582,2313 1670,2313 1759,2313 1847,2308 1936,2308 2024,2302 2113,2308 2201,2302 2290,2296 2378,2296 2467,2296 2556,2296 2644,2290 2733,2284 2821,2284 2910,2284 2998,2284"/>
                <TextEquiv>
                    <Unicode>Provinzbühnenwirtschaft. Der Bezirkshauptmann, der ein-</Unicode>
                </TextEquiv>
            </TextLine>
            <TextLine id="tr_1_tl_7" custom="readingOrder {index:6;}">
                <Coords points="412,2524 806,2554 1542,2476 1798,2551 2217,2476 2220,2362 412,2419"/>
                <Baseline points="430,2508 454,2502 543,2502 631,2496 720,2496 808,2491 897,2491 985,2491 1074,2485 1162,2485 1251,2479 1339,2479 1428,2473 1517,2467 1605,2467 1694,2461 1782,2461 1871,2461 1959,2461 2048,2461 2136,2455 2225,2461"/>
                <TextEquiv>
                    <Unicode>lädt und Frl.X. zweimal unterstreicht.</Unicode>
                </TextEquiv>
            </TextLine>
            <TextLine id="tr_1_tl_8" custom="readingOrder {index:7;}">
                <Coords points="449,2723 2507,2598 2959,2669 2966,2483 452,2581"/>
                <Baseline points="466,2656 489,2656 578,2656 667,2650 755,2650 844,2644 932,2644 1021,2638 1109,2632 1198,2632 1286,2632 1375,2626 1463,2626 1552,2620 1641,2620 1729,2620 1818,2615 1906,2615 1995,2609 2083,2609 2172,2609 2260,2609 2349,2603 2437,2597 2526,2597 2615,2591 2703,2591 2792,2591 2880,2591 2969,2591"/>
                <TextEquiv>
                    <Unicode>Der Direktor, der sagt: "Ich kann Sie nicht brauchen,</Unicode>
                </TextEquiv>
            </TextLine>
            <TextLine id="tr_1_tl_9" custom="readingOrder {index:8;}">
                <Coords points="391,2827 2048,2807 2213,2780 2217,2726 1997,2679 894,2750 395,2716"/>
                <Baseline points="413,2803 448,2809 537,2809 625,2809 714,2803 802,2798 891,2798 979,2792 1068,2792 1156,2786 1245,2786 1334,2780 1422,2780 1511,2774 1599,2774 1688,2774 1776,2768 1865,2768 1953,2762 2042,2762 2130,2762 2219,2756"/>
                <TextEquiv>
                    <Unicode>Sie ziehen mir keine Leut ins Theater.</Unicode>
                </TextEquiv>
            </TextLine>
            <TextLine id="tr_1_tl_10" custom="readingOrder {index:9;}">
                <Coords points="418,3020 2800,2939 2645,2797 2517,2851 2233,2760 422,2891"/>
                <Baseline points="436,2957 507,2963 596,2963 684,2963 773,2957 861,2951 950,2951 1038,2945 1127,2945 1216,2939 1304,2939 1393,2939 1481,2933 1570,2927 1658,2921 1747,2921 1835,2921 1924,2916 2012,2910 2101,2916 2190,2910 2278,2910 2367,2904 2455,2904 2544,2904 2632,2898 2721,2898 2809,2898"/>
                <TextEquiv>
                    <Unicode>Einer, der stolz ist, mit Offizieren zu verkehren.</Unicode>
                </TextEquiv>
            </TextLine>
        </TextRegion>
        <TextRegion id="tr_2" custom="readingOrder {index:1;}">
            <Coords points="442,2990 3158,2990 3158,5009 442,5009"/>
            <TextLine id="tr_2_tl_1" custom="readingOrder {index:0;}">
                <Coords points="425,3131 2986,3087 3111,2952 428,3016"/>
                <Baseline points="442,3122 460,3122 548,3122 637,3116 726,3116 814,3110 903,3104 991,3104 1080,3099 1168,3099 1257,3099 1345,3099 1434,3087 1522,3087 1611,3087 1700,3075 1788,3075 1877,3075 1965,3075 2054,3069 2142,3069 2231,3063 2319,3063 2408,3057 2496,3057 2585,3051 2674,3045 2762,3045 2851,3045 2939,3040 3028,3040 3116,3040"/>
                <TextEquiv>
                    <Unicode>Der Inspizient, Regisseur, der von der Schauspielerin Zi-</Unicode>
                </TextEquiv>
            </TextLine>
            <TextLine id="tr_2_tl_2" custom="readingOrder {index:1;}">
                <Coords points="435,3320 553,3330 614,3300 651,3320 823,3286 864,3310 911,3276 1107,3296 1113,3181 1066,3195 874,3148 800,3188 614,3202 570,3229 439,3198"/>
                <Baseline points="454,3293 495,3287 584,3282 672,3276 761,3276 850,3270 938,3264 1027,3264 1115,3264"/>
                <TextEquiv>
                    <Unicode>garetten will.</Unicode>
                </TextEquiv>
            </TextLine>
            <TextLine id="tr_2_tl_3" custom="readingOrder {index:2;}">
                <Coords points="425,3485 2706,3404 2955,3377 2959,3306 1592,3252 1194,3350 428,3343"/>
                <Baseline points="442,3435 484,3435 572,3429 661,3429 749,3429 838,3423 926,3423 1015,3417 1103,3417 1192,3411 1280,3411 1369,3406 1458,3400 1546,3400 1635,3394 1723,3388 1812,3388 1900,3382 1989,3382 2077,3382 2166,3376 2254,3376 2343,3370 2432,3364 2520,3364 2609,3364 2697,3358 2786,3358 2874,3352 2963,3347"/>
                <TextEquiv>
                    <Unicode>Der Kontrakt mit dem Paragraphen wegen Anständigkeit.</Unicode>
                </TextEquiv>
            </TextLine>
            <TextLine id="tr_2_tl_4" custom="readingOrder {index:3;}">
                <Coords points="439,3664 999,3576 2075,3617 2395,3515 2925,3559 2999,3397 445,3512"/>
                <Baseline points="460,3589 525,3594 613,3589 702,3583 791,3583 879,3577 968,3577 1056,3571 1145,3565 1233,3565 1322,3559 1410,3559 1499,3553 1587,3547 1676,3547 1764,3547 1853,3541 1942,3535 2030,3535 2119,3529 2207,3529 2296,3524 2384,3518 2473,3518 2561,3518 2650,3512 2738,3506 2827,3506 2916,3500 3004,3500"/>
                <TextEquiv>
                    <Unicode>Die Tochter des Theaterdirektors, der die Tugend eines</Unicode>
                </TextEquiv>
            </TextLine>
            <TextLine id="tr_2_tl_5" custom="readingOrder {index:4;}">
                <Coords points="496,3782 847,3745 1360,3779 1528,3711 1630,3762 1734,3745 1741,3620 1292,3671 1181,3627 648,3691 499,3661"/>
                <Baseline points="513,3736 596,3742 684,3742 773,3736 861,3730 950,3730 1038,3724 1127,3724 1216,3718 1304,3712 1393,3712 1481,3707 1570,3707 1658,3701 1747,3701"/>
                <TextEquiv>
                    <Unicode>Theatermädels zuwider ist.</Unicode>
                </TextEquiv>
            </TextLine>
            <TextLine id="tr_2_tl_6" custom="readingOrder {index:5;}">
                <Coords points="442,3914 3151,3839 3158,3671 445,3806"/>
                <Baseline points="460,3901 501,3901 590,3901 678,3895 767,3890 855,3884 944,3884 1033,3884 1121,3878 1210,3878 1298,3872 1387,3866 1475,3860 1564,3854 1652,3854 1741,3848 1829,3842 1918,3842 2007,3842 2095,3836 2184,3836 2272,3836 2361,3831 2449,3825 2538,3825 2626,3819 2715,3813 2803,3813 2892,3813 2981,3807 3069,3807 3158,3813"/>
                <TextEquiv>
                    <Unicode>Der Autor, der dem Direktor 100 Gulden für die Aufführung</Unicode>
                </TextEquiv>
            </TextLine>
            <TextLine id="tr_2_tl_7" custom="readingOrder {index:6;}">
                <Coords points="459,4092 681,4102 843,4052 1042,4075 1144,4042 1339,4079 1387,4062 1390,3917 1093,3954 1032,3924 867,3978 756,3930 560,3964 462,3941"/>
                <Baseline points="478,4055 507,4055 596,4049 684,4043 773,4037 861,4037 950,4037 1038,4037 1127,4031 1216,4025 1304,4025 1393,4031"/>
                <TextEquiv>
                    <Unicode>eines Stücks zahlt.</Unicode>
                </TextEquiv>
            </TextLine>
            <TextLine id="tr_2_tl_8" custom="readingOrder {index:7;}">
                <Coords points="449,4244 3094,4156 3127,4025 455,4106"/>
                <Baseline points="472,4202 478,4202 566,4202 655,4197 743,4197 832,4191 920,4185 1009,4185 1097,4179 1186,4179 1275,4173 1363,4167 1452,4167 1540,4167 1629,4167 1717,4161 1806,4161 1894,4149 1983,4149 2071,4143 2160,4143 2249,4138 2337,4138 2426,4138 2514,4132 2603,4126 2691,4126 2780,4120 2868,4114 2957,4114 3045,4114 3134,4114"/>
                <TextEquiv>
                    <Unicode>Die Garderobiere: Herzeigen, was man kann - was man hat!</Unicode>
                </TextEquiv>
            </TextLine>
            <TextLine id="tr_2_tl_9" custom="readingOrder {index:8;}">
                <Coords points="442,5007 493,4993 594,4993 628,5013 655,5000 729,5007 725,4818 668,4814 628,4781 604,4794 540,4760 469,4784 435,4774"/>
                <Baseline points="460,4982 548,4999 637,4999 726,4993 737,4993"/>
                <TextEquiv>
                    <Unicode>F.TK</Unicode>
                </TextEquiv>
            </TextLine>
        </TextRegion>
    </Page>
</PcGts>
