3528 4984
364 1135 1677 1461 Jn Ruhest's gut! - Acht zu ihm
312 1362 1699 1588 Es ist es wie ich mit mehr zu thun.
180 1550 1030 1736 statt als in andrer¬
206 1742 1602 1942 Fr. H. bist sonderbar.  - das ist keine
223 1902 1722 2112 gewöhnliche Heilnkeit. da steckt wer¬
221 2078 1657 2284 ein Glück dahinter. - Ich mit waren
253 2272 842 2420 cte de bleibt.
235 2381 1683 2583 tr. Wer detehe du? Ich sal nun s'en
218 2581 991 2776 billeid mit ihr.
259 2689 1183 2960 I Schlimme Aufan! -
239 2846 1714 3075 Ich kön je die Teilen seit Jahren. -
247 3037 1732 3289 künftig - schglieder mit it, ich
271 3265 1776 3472 mit ihr Concurren. Ich hat mich erscheit
275 3474 1693 3688 mich zu verlieben - die ich wie ich an
259 3639 1766 3892 loren. Aber hiebst Du, das ist an Geklagt
281 3854 1776 4095 te in guten Verhältnissen war Herr
263 4091 1746 4317 liche zumorden wäre. - Ist wird sie
265 4275 1570 4475 an diese Schmied es übergehe. -
283 4426 1734 4643 Fr. Vielleicht ist sie ein Tugendsgetr.
305 4578 1892 4809 Ceutis - Ich glaub nicht an die Anständheit
