3544 4728
430 900 1108 1132 much in tugel:-
406 1046 1619 1332 Ich hab' der Rohrstedt gesehe!
303 1211 1708 1490 Ist möglich! - God der jetzt Urlaub. -
226 1417 1490 1619 „Wasseht das? Markaus die sein
219 1577 1718 1860 Al kön, gehe wir zu ist lieferte,
213 1838 1635 2083 die gehe sein Theater u reden, vor
217 2060 1016 2305 befreut begrüßt.
567 2231 1682 2434 jalantant et deux, frs
217 2253 477 2431 trel
251 2420 1680 2590 mit dem Jaren - Termin Krancken. -
210 2571 1712 2769 Kriuskisterit die Riedel an:
240 2754 1692 2990 Sneife Traudwird mich auf eine keine
219 2979 1699 3172 Blickeit im Ich hat nur verlaubt gehen.
240 3159 1688 3368 Balshier plauit Velan, will it
268 3320 614 3514 so drei
298 3458 1611 3724 Viel erklärt, das ist zu sehen
238 3658 546 3862 sind ihn.
241 3853 1697 4061 Amte fast zu Kariasti Sie sie zu Bris
215 4038 1506 4285 lich. - konnte ist müthend.
1873 2212 2893 2496 Siperl zu Viel: Achtgeben
1922 2880 2105 3059 -hofe
1759 2943 3179 3172 Blume zu schicke. Er nicht schon
1808 3108 3155 3350 in Antwort zu erfalle -. Ihr Sohn
1832 3282 2921 3488 Sie kein Tudringlichkeit; aber ich
1875 3421 3235 3630 holet berichtet ich einen, sige beantworten
1862 3598 2983 3759 Nie, ich solche nicht diesen erweichen
