<?xml version="1.0" encoding="UTF-8" standalone="yes"?>
<PcGts xmlns="http://schema.primaresearch.org/PAGE/gts/pagecontent/2013-07-15" xmlns:xsi="http://www.w3.org/2001/XMLSchema-instance" xsi:schemaLocation="http://schema.primaresearch.org/PAGE/gts/pagecontent/2013-07-15 http://schema.primaresearch.org/PAGE/gts/pagecontent/2013-07-15/pagecontent.xsd">
    <Metadata>
        <Creator>prov=READ-COOP:name=TrHtr:version=2.1.0:model_id=51170:date=28_07_2023_20:22</Creator>
        <Created>2023-05-10T12:01:54.091+02:00</Created>
        <LastChange>2023-07-28T20:22:38.924+02:00</LastChange>
        <TranskribusMetadata docId="1428182" pageId="55395826" pageNr="53" tsid="131375336" status="IN_PROGRESS" userId="64420" imgUrl="https://files.transkribus.eu/Get?id=POKZAQXMCXGVQUMONUBCVKYX&amp;fileType=view" xmlUrl="https://files.transkribus.eu/Get?id=PZJFUISFEUTDPXINUFIDVQDC" imageId="44670704"/>
    </Metadata>
    <Page imageFilename="1428182_0053.jpg" imageWidth="3640" imageHeight="5096">
        <ReadingOrder>
            <OrderedGroup id="ro_1711800785284" caption="Regions reading order">
                <RegionRefIndexed index="0" regionRef="tr_1"/>
            </OrderedGroup>
        </ReadingOrder>
        <TextRegion id="tr_1" custom="readingOrder {index:0;}">
            <Coords points="1062,1596 3377,1596 3377,3578 1062,3578"/>
            <TextLine id="tr_1_tl_1" custom="readingOrder {index:0;}">
                <Coords points="1122,1733 1217,1738 1270,1705 1405,1733 1601,1670 1825,1675 1827,1560 1807,1555 1677,1591 1642,1568 1570,1593 1471,1565 1356,1606 1214,1570 1127,1583"/>
                <Baseline points="1139,1670 1205,1670 1294,1664 1384,1664 1473,1658 1563,1658 1652,1658 1742,1652 1831,1646"/>
                <TextEquiv>
                    <Unicode>Zu S.122, Z.7.</Unicode>
                </TextEquiv>
            </TextLine>
            <TextLine id="tr_1_tl_2" custom="readingOrder {index:1;}">
                <Coords points="1321,1921 3054,1893 3364,1860 3370,1708 1904,1830 1471,1822 1328,1741"/>
                <Baseline points="1336,1897 1402,1897 1491,1891 1581,1891 1670,1885 1760,1885 1849,1879 1939,1873 2028,1873 2118,1867 2207,1867 2297,1861 2386,1861 2476,1855 2565,1849 2655,1849 2744,1843 2834,1843 2923,1837 3013,1831 3102,1831 3192,1825 3281,1825 3371,1820"/>
                <TextEquiv>
                    <Unicode>Er riskiert nichts mehr, was immer er unter</Unicode>
                </TextEquiv>
            </TextLine>
            <TextLine id="tr_1_tl_3" custom="readingOrder {index:2;}">
                <Coords points="1318,2115 2448,2018 3029,2072 3255,2036 3260,1929 1321,1990"/>
                <Baseline points="1336,2052 1384,2052 1473,2052 1563,2046 1652,2040 1742,2034 1831,2034 1921,2034 2010,2028 2100,2022 2189,2016 2279,2016 2368,2010 2458,2010 2548,2010 2637,2004 2727,1999 2816,1999 2906,1993 2995,1987 3085,1987 3174,1981 3264,1987"/>
                <TextEquiv>
                    <Unicode>nimmt. Und was immer er jetzt gegen dich</Unicode>
                </TextEquiv>
            </TextLine>
            <TextLine id="tr_1_tl_4" custom="readingOrder {index:3;}">
                <Coords points="1339,2235 2423,2176 2721,2227 2952,2156 3357,2219 3362,2095 2906,2061 1341,2166"/>
                <Baseline points="1354,2207 1396,2213 1485,2207 1575,2201 1664,2201 1754,2195 1843,2189 1933,2189 2022,2184 2112,2184 2201,2178 2291,2172 2380,2172 2470,2166 2559,2160 2649,2160 2738,2154 2828,2154 2917,2148 3007,2148 3096,2148 3186,2136 3276,2130 3365,2130"/>
                <TextEquiv>
                    <Unicode>unternehmen wird, man wird ihm Recht geben.</Unicode>
                </TextEquiv>
            </TextLine>
            <TextLine id="tr_1_tl_5" custom="readingOrder {index:4;}">
                <Coords points="1334,2387 2761,2369 3087,2306 3255,2362 3326,2357 3329,2252 2945,2207 2087,2308 1336,2283"/>
                <Baseline points="1348,2363 1366,2363 1456,2363 1545,2357 1635,2357 1724,2351 1814,2345 1903,2345 1993,2339 2082,2339 2172,2333 2261,2327 2351,2327 2440,2321 2530,2315 2619,2315 2709,2309 2798,2309 2888,2303 2977,2297 3067,2297 3156,2297 3246,2297 3335,2291"/>
                <TextEquiv>
                    <Unicode>Denn du bist es, der ihn ruiniert hat...</Unicode>
                </TextEquiv>
            </TextLine>
            <TextLine id="tr_1_tl_6" custom="readingOrder {index:5;}">
                <Coords points="1351,2525 3347,2522 3367,2382 1354,2464"/>
                <Baseline points="1366,2512 1402,2518 1491,2512 1581,2512 1670,2506 1760,2506 1849,2500 1939,2494 2028,2488 2118,2488 2207,2482 2297,2482 2386,2476 2476,2470 2565,2464 2655,2464 2744,2464 2834,2458 2923,2458 3013,2452 3102,2446 3192,2446 3281,2440 3371,2434"/>
                <TextEquiv>
                    <Unicode>ruhiert mit vollem Bewusstsein. Er war im-</Unicode>
                </TextEquiv>
            </TextLine>
            <TextLine id="tr_1_tl_7" custom="readingOrder {index:6;}">
                <Coords points="1346,2718 3044,2652 3253,2614 3258,2522 2395,2573 2133,2522 1349,2621"/>
                <Baseline points="1360,2679 1378,2679 1467,2673 1557,2673 1646,2667 1736,2661 1825,2655 1915,2655 2004,2655 2094,2649 2184,2643 2273,2643 2363,2637 2452,2631 2542,2631 2631,2625 2721,2619 2810,2613 2900,2613 2989,2607 3079,2607 3168,2601 3258,2601"/>
                <TextEquiv>
                    <Unicode>mer zu Vielem fähig - jetzt ist er es zu</Unicode>
                </TextEquiv>
            </TextLine>
            <TextLine id="tr_1_tl_8" custom="readingOrder {index:7;}">
                <Coords points="1356,2868 3301,2794 3308,2642 1362,2769"/>
                <Baseline points="1372,2828 1432,2828 1521,2822 1611,2822 1700,2822 1790,2816 1879,2810 1969,2804 2058,2798 2148,2798 2237,2798 2327,2792 2416,2786 2506,2780 2595,2774 2685,2774 2774,2768 2864,2768 2953,2762 3043,2762 3132,2756 3222,2750 3311,2756"/>
                <TextEquiv>
                    <Unicode>allem... verlass' dich drauf! Du hast ihm</Unicode>
                </TextEquiv>
            </TextLine>
            <TextLine id="tr_1_tl_9" custom="readingOrder {index:8;}">
                <Coords points="1359,2998 2746,2973 3204,2937 3301,2848 1362,2917"/>
                <Baseline points="1372,2983 1426,2983 1515,2977 1605,2977 1694,2971 1784,2971 1873,2965 1963,2959 2052,2959 2142,2953 2231,2947 2321,2947 2410,2941 2500,2941 2589,2935 2679,2929 2768,2929 2858,2923 2947,2917 3037,2917 3126,2912 3216,2906 3305,2900"/>
                <TextEquiv>
                    <Unicode>wir nennen's nun einmal so -</Unicode>
                </TextEquiv>
            </TextLine>
            <TextLine id="tr_1_tl_10" custom="readingOrder {index:9;}">
                <Coords points="1367,3219 1542,3148 2377,3158 2670,3097 3214,3153 3367,3130 3372,2985 1372,3064"/>
                <Baseline points="1384,3144 1408,3144 1497,3138 1587,3132 1676,3126 1766,3126 1855,3120 1945,3114 2034,3114 2124,3114 2213,3108 2303,3102 2392,3102 2482,3096 2571,3096 2661,3091 2750,3085 2840,3085 2929,3085 3019,3079 3108,3073 3198,3067 3287,3061 3377,3061"/>
                <TextEquiv>
                    <Unicode>die ritterliche Genugtuung verweigert, und</Unicode>
                </TextEquiv>
            </TextLine>
            <TextLine id="tr_1_tl_11" custom="readingOrder {index:10;}">
                <Coords points="1379,3316 1415,3326 1524,3291 1598,3316 1764,3288 1812,3306 1883,3270 1995,3306 1998,3240 1929,3212 1893,3235 1835,3199 1771,3199 1731,3227 1636,3202 1517,3263 1491,3242 1382,3263"/>
                <Baseline points="1396,3293 1467,3293 1557,3287 1646,3281 1736,3281 1825,3276 1915,3270 2004,3252"/>
                <TextEquiv>
                    <Unicode>so wird er -</Unicode>
                </TextEquiv>
            </TextLine>
            <TextLine id="tr_1_tl_12" custom="readingOrder {index:11;}">
                <Coords points="1046,3497 1166,3469 1283,3494 1379,3441 1649,3507 1985,3512 1993,3352 1667,3334 1517,3390 1346,3339 1051,3400"/>
                <Baseline points="1062,3455 1097,3455 1187,3449 1276,3449 1366,3443 1456,3437 1545,3437 1635,3431 1724,3431 1814,3425 1903,3419 1993,3419"/>
                <TextEquiv>
                    <Unicode>Paul: Was wird er?</Unicode>
                </TextEquiv>
            </TextLine>
            <TextLine id="tr_1_tl_13" custom="readingOrder {index:12;}">
                <Coords points="2092,3578 2130,3588 2153,3573 2186,3594 2214,3583 2263,3599 2336,3568 2359,3581 2402,3566 2402,3499 2369,3499 2359,3510 2318,3499 2283,3512 2237,3487 2179,3525 2143,3504 2092,3504"/>
                <Baseline points="2106,3568 2142,3562 2231,3562 2321,3562 2410,3562"/>
                <TextEquiv>
                    <Unicode>u. S.W.</Unicode>
                </TextEquiv>
            </TextLine>
        </TextRegion>
    </Page>
</PcGts>
