3448 4152
169 336 630 592 Rancis nicht.
175 536 1734 791 Wirdhaft verspielt. Du mußteß durch
240 741 1684 1003 fasst sein. Inst ist nicht weh
224 961 1277 1210 Zeit Kmevitz zu spielen.
248 1134 1730 1355 Und der, Er mir wenn (geht nochste
248 1309 1766 1591 zu Grüeserichtet, soll lahre diese
246 1557 1839 1774 Soll unbekümmert und vergnügt werte.
220 1726 848 1925 lebe? Kein
254 1954 866 2111 Wercullt it
262 2078 1817 2374 Noch die nicht an mich. Du karik nur
248 2294 1724 2608 nicht den Zeken kwachen. -  21 ho
304 2503 1744 2757 geb: Meine willte die manche? der
284 2737 864 2971 ist immer die
306 2860 1178 3099 Ichsind ihn überall.
306 3047 1539 3261 Rohnstelt mit ihn ab.
304 3176 1631 3482 3.- Vogel un Sepi, ds no
310 3436 1758 3714 des Prot komt. Er will nicht
318 3688 1809 3967 von ihr wissen. - Hof zu den Meistel
