3560 5112
248 1359 2871 1631 dass er betrunken war. - Ich brauche das Duell. Er be-
302 1481 3024 1719 schwört den Doktor, er soll sich schlagen; er wird in die
306 1719 2942 1923 Luft schiessen. - Der Doktor lehnt die Zumutung lachend
347 1882 537 2079 ab.
306 2055 2983 2191 4. Aufzug. Friedel rät dem Doktor, zu fliehen. "Da dir ja
319 2171 1835 2378 dein Leben lieb ist, so tue es.“
326 2297 3061 2514 Wie? und wir leben in einem Rechtssaat? - Ich bin dem Mann
377 2501 1770 2694 ausgeliefert, widerstandslos?
323 2606 2851 2854 Marie kommt, will auch fort; sie habe aber kein Geld.
319 2772 3037 2997 5.Aufzug. Der Offizier und seine Freunde. "Ich weiss, was
381 2929 2922 3190 ich tue. Im Kaffeehausgarten - Man raunt sich zu, der
343 3082 2959 3306 Herr entflieht. " Gerücht, dass der Offizier quittieren
353 3217 2796 3462 muss. "Der Kerl ruiniert mir meine Karrière." -
357 3421 1977 3601 Der Vater der Braut des Offiziers.
357 3530 3061 3809 Das Ende ist, dass Dr.mit Marie ins Kaffeehaus kommt, der
387 3686 2976 3951 Offizier in attackiert und schliesslich niederschiesst.
503 3866 2300 4111 Um Gotteswillen, was haben Sie getan?
381 4023 1790 4274 Ich habe meine Ehre gerettet.
316 4787 822 5015 Purna nä
