3595 5064
789 1396 1507 1603 Zu S.96, Z.16.
810 1528 3226 1807 Poldi: Natürlich darfst du nicht. - Ich möchte gar
1152 1735 3136 1885 nicht so viel Gewicht drauf legen, dass der
1140 1846 3064 2032 Karinski Offizier ist und du nicht. Wenn
1164 2020 3211 2218 ein Offizier seine Satisfaktion nicht bekom-
1164 2167 3163 2362 men kann oder drauf verzichtet, so muss er
1176 2347 3118 2518 seinen Abschied nehmen und es ist aus mit
1182 2494 2980 2692 ihm. Schlagt sich - irgend wer anderer
1179 2626 3214 2839 nicht, so muss er halt auch seinen Abschied
1179 2767 3202 2968 nehmen - wenn’s auch nicht so offiziell ge-
1191 2911 3283 3133 schieht... Aber im Wesentlichen ist es genau
1191 3139 1702 3301 das selbe.
1185 3289 1909 3451 Du findest?...
855 3307 1128 3448 Paul:
1249 3409 3226 3568 Freilich find' ich. Ich versteh' überhaupt
864 3475 1170 3659 Poldi:
1207 3568 3250 3737 nicht, wie man so lang über einen so klaren
1194 3722 2263 3917 Fall disputieren kann.
2422 3815 2731 3998 u. s.w.
