3528 4920
417 1092 1714 1294 ist nach Rarmk. War für Weilen
342 1250 1719 1477 agt der wieder nach. Aber freilich, es
259 1427 1317 1618 nunicht zerstreuen.
265 1576 1596 1784 Zeit als wieder Seherjertin
259 1760 1105 1947 und nachher Smper -
270 1909 1442 2107 Friednau u. Stille gehen Gagiern.
405 2065 1762 2304 Vogel. Theil, Uchter Magda
270 2252 1554 2453 und Wappe Thea treten auf -
300 2427 1618 2624 kopel. die demen gesei heuteam
318 2591 1699 2817 Theator?  Zu den Wurpel. der h.
246 2771 930 2940 mein Spruch! -
307 2927 1760 3133 Tochter frugt nach Karinck. - Ich schiken
324 3039 662 3185 leahnt
294 3074 1756 3317 Vogel gekjärtlich. Ich bin Fechalat
289 3301 1769 3521 in diese Sachen: - Laure luneis
294 3488 1730 3736 der Freund Herr wird gegrüßt. Der ist
248 3622 1646 3909 der, der in novus Jahre ich Gef. Audia¬
272 3878 1087 4126 erstellen hat. Ah! -
305 4054 1716 4260 4. Feil Vellner Wilt auf - C.
1916 4073 2957 4308 Meckl exällt, des Karnes de
1967 4235 2909 4455 ger nicht vor d. bis läßt.
316 4240 1203 4441 wird waren begrüßt.
360 4369 1767 4591 Was ich der entschreibenheit
368 4564 1837 4766 Sie die so fest sitzen. - Dienst in ihr geht
