3544 5112
269 1420 2930 1617 Gespräch; über die Weiber. Es giebt keine anständigen.
334 1610 2868 1755 Ueber die Naive. Lächerlich! - Ah, Sie beten sie an! -
310 1724 3023 1934 Meinen Sie, Herr Leutnant, Sie haben das Recht, über alle
324 1851 3013 2082 zu sprechen? Wie, wenn einer über Ihre Schwester so sprä-
331 2044 3041 2237 che? Ein Lampenkerl schreibt ihr beispielsweise wie folgt:
352 2234 3020 2379 ... Das ist doch infam! - Lächerlich! wenn eine zum Thea-
352 2365 3123 2548 ter geht.... Steigerung, bis der Offizier sagt: Sie ist ein
328 2534 2837 2727 Mensch wie alle. - Der Doktor: Sie sind ein Schuft! -
341 2665 2948 2861 Lärmendes Gelage. - Der Offizier freut sich, weil seine
348 2820 2355 3054 etwas schwankende Stellung befestigt wird.
348 3006 1941 3210 II. Aufzug. - Bei Doktor. Friedel.
365 3113 2951 3330 Fr: Das hättest du nicht tun sollen. - Warum? - mr ist
355 3275 2051 3503 ein glänzender Fechter und Schütze.
362 3427 2048 3665 Na, und -? Ich schlage mich nicht.
365 3544 2986 3837 Wenn du so freeh mit ihm wirst, musst du dich mit ihn y
379 3834 834 3985 schlagen.
365 3861 3106 4127 Na, höre einmal, der darf die grössten Gemeinheiten reden
445 4044 3082 4299 und ich dürfte ihm nichts erwidern, weil ich nicht fech-
407 4254 1262 4468 ten gelernt habe?
403 4344 2961 4599 Die Sekundanten kommen, Leutnant Seundse und Herr von
403 4575 1451 4813 Doktor lacht sie aus.
345 4775 827 5013 ferns in
