3256 4168
2023 244 2984 581 (für der französ. Amtgeb.)
1165 451 1618 657 Freiwild.
609 595 1287 822 Zu S.90, Z.13.
1020 723 2930 927 Aber Paul, das ist ja nicht möglich. Das
578 796 980 944 Wellner:
955 850 2939 1085 ist doch nichts, was man so ohneweiter auf
961 1048 2871 1213 sich beruhen lassen kann. Wenn man einen
961 1179 2953 1380 Menschen beleidigt hat wie du, so muss man
978 1312 2950 1536 doch dafür die Verantwortung übernehmen...
972 1491 2769 1680 Und nun gar einen Menschen wie den!...
980 1632 2967 1859 Was sollte mich veranlassen, auf Herrn Ka¬
646 1751 907 1893 Paul:
986 1819 2695 2006 rinki besondere Rücksicht zu nehmen?
720 1967 2995 2188 Wellner: Haft du die Absicht, dich naiv zu stel-
1000 2080 2978 2366 1 en?... Karinski ist Offizier - du weisst,
1006 2293 2970 2471 er ist verloren, wenn du ihm die Satisfak-
1020 2460 1819 2664 tion verweigerst.
1023 2567 2975 2769 Verloren?.... Er muss eben aufhören, Offi-
691 2661 955 2814 Paul:
1026 2791 1661 2950 zier zu sein.
703 2896 2984 3128 Wellner: Das ist ein und das selbe, für die mei-
1040 3052 3134 3219 sten seines Standes, und für ihn ganz gewiss.
1040 3208 3024 3415 Du magst über diese Vorurteile denken, wie
1074 3341 3021 3545 es dir beliebt; Karinski gehört nun einmal
1068 3525 3086 3738 einem Stande an, der innerhalb dieser Vorur
