3528 4680
436 849 1585 1083 von Brüh. Mai d tunt sich
372 1040 1660 1241 bisher erkunden wird, ob kein
261 1241 1643 1446 zu liebsel. Nein. Alle. die Agnete,
160 1442 1669 1648 te Vorkloren. - Von Stubl kam. Vers.
156 1639 661 1831 tionabad.
227 1823 1130 2041 Lassen und überleiten
190 2005 1605 2225 dieselbe leicht werden? - Mr. Col
225 2153 1620 2443 is this thing? - All salt, do Morel,
233 2414 1710 2610 gind sie, ich bin möglichst? Aber
246 2612 1658 2826 die Freiheitssin ist bedeidigt.
255 2797 1517 3008 25 fl. Miss I was der heiß
276 2946 1686 3222 Verkauf auf einen Liebe! - Ich
268 3222 1744 3449 der nicht; ich sich auf und bevor!
253 3383 1688 3661 Ich weite fr, Sie wenn es's nicht mit un¬
253 3633 1579 3881 ich dank Ihnen je n wird sie hf.
261 3841 1703 4063 verschieden Wellen gericht wird.
257 4070 1647 4301 thun das zweite sein? — Wie
310 4264 1716 4540 Man ist mir gebroßen
