3576 4728
468 909 1711 1142 Wollton. Noin wenn - mor
372 1101 1703 1327 sprechen wir mehr davon. —
342 1287 1668 1527 Eben sei mitgestellen u ich
200 1527 1648 1735 will rübich mein gerichte.
226 1722 1533 1970 Schreiben. - Als ist ist ing. E
252 1899 1651 2151 Gemütig ist nicht; ich jetzter stost
222 2110 1629 2401 wo nur hin. Leben sei wohl!
231 2333 1712 2607 Bittlasse hi mitgestellen:
246 2592 1703 2849 13. Imas - zu Raffian, jezt
270 2834 1231 3038 kauf den Virekte:
328 3016 1812 3284 Ihnen. Tis hainfe i Skundel:-
354 3221 1755 3486 - Er will Karten aus thealer -
381 3473 1773 3721 sicht dem ent den Böhne, und
318 3682 1764 3945 lich berufenen ansehe.
309 3912 1725 4130 14. Rainsh. Rohnstedts
376 4102 1222 4384 R. h. uitherr.-
374 4276 1838 4530 Robert & rufs.- wirft ihn
