3528 4984
422 1114 1595 1363 oder Rohe, ob die Amari¬
362 1276 1679 1511 Hermann Uhr die Lage haben! -
262 1493 1313 1689 Wird am Fink gehöhnt.
216 1595 1709 1857 In schwarz leicht an ihn aufgekommen
1226 1736 1577 1932 Kriken)
228 1866 763 2067 benscherle.
248 1992 1686 2226 Euverle. Maist it Sepi Schuatt
251 2220 2083 2411 ein Eifers. seine in bis replic. mit der Kirche
1060 2347 1935 2536 die E. und Schutz
257 2368 1035 2573 Freike beschilligt
251 2527 1709 2755 Die kltere Schulz kund, macht sich
246 2789 1752 2976 sintig lieb, mit Kattin u. s. w.-
251 2965 1743 3195 von Jahtfangels mit den Kesseres den.
246 3215 1759 3445 Z. Frl. Riedel kommt, erzählt. Ihr
269 3439 1700 3657 sie die Rindig erhalten. - Begründe
264 3682 1370 3867 nicht. Den trostet sie. -
299 3837 1723 4024 Missilast du wovor soll man de
287 3997 1725 4311 leben - daß der Depi: Monsieur Ker¬
244 4163 784 4391 fehlen wir
