3304 4216
331 489 741 741 Freiwild.
1920 512 2398 728 26/12.91.
301 666 2856 857 I.Aufzug. Vor dem Theater. Eben ist die Arena aus. Der
290 823 2955 1025 Direkter und sein Sekretär. Ein paar Menschen, mit denen
294 984 2996 1148 sie plaudern. xxxxxxxxxxxx Marie kommt schliesslich her-
294 1138 2996 1322 aus. “Sie haben mir gekündigt, Herr Direktor!" - “Ja, die
263 1312 2996 1483 Naive muss mir Leut ins Theater ziehn." Ein Offizier plau¬
331 1442 2965 1626 dort mit dem Direktor. "Na haben S' wieder was? Geben S'
328 1616 1626 1800 die dumme Nocken weg."
205 1647 348 1804 G.C.F.P.
277 1722 2767 1964 Marie und Doktor. "Mein liebes Kind, mach dir nichts
284 1903 2846 2111 draus. Wenn ich dich nur ganz fortnehmen könnte." Dann
270 2019 372 2115 G.H.F.P
284 2094 2053 2262 kommt Friedel; es wird mitgeplaudert.
263 2258 861 2402 Nebenszenen.
273 2381 2750 2562 Es sammeln sich Leute drüben, wo das Kaffeehaus ist.
277 2531 2993 2719 Offiziere, lustig, Cahmpagner trinkend. "M### Heuer ist's
280 2740 977 2904 hier so fad...
280 2859 1800 3027 Der Offizier: frech, dumm, laut.
280 2996 2275 3191 Einer seiner Freunde, der quittieren muss.
287 3116 2859 3307 Ein anderer, der das liebenswürdige Prinzip verstellt.
287 3290 3034 3498 Dummes gesehwätz. Friedel kommt dazu, den man achtet, weil
307 3532 1285 3683 er gut fechten kann.
304 3601 2989 3854 Endlich kommt Doktor, den man einlädt, mitzutrinken, Dek-
403 3843 799 3990 br nennt.
198 3936 471 4106 Herrn
