3576 4728
482 851 1046 1130 von Zefräch.
390 1039 1348 1311 S.M. Freih. Zelln
320 1249 1703 1427 ich mir mit nicht schlug. - I. hat sich
246 1432 1666 1632 benein wie a Sieb - ich hab ihr belant
286 1632 1561 1798 wie in Näher, damit sich dank
290 1825 1406 2061 ihn erhalten – Al. -
304 2056 1104 2240 20. Theil. Hend
316 2227 1060 2420 Hr. Gefecht Mons.
302 2416 744 2573 Th. Beled
274 2549 1671 2757 Tt ab half p im, das de Raat i
298 2768 1385 2941 modentheilt wie ein Ein¬
330 2939 1553 3206 Sted com. Sept tufinds noch
