3544 5128
223 1402 2875 1629 Du, der Leutnant wird kommen und dich durchprügeln, und
250 1606 1256 1842 du bist nicht stark.
250 1759 1436 1985 Jetzt geh ich spazieren.
266 1912 2892 2122 Sagen Sie dem Herrn Leutnant er soll sich in Zukunft an-
276 2045 2932 2235 ständig benehmen, dann wird er von einem anstäntigen Men-
283 2212 2932 2415 sehen keine Ohrfeigen bekommen.- Warum sind Sie Leutnant
323 2379 2961 2565 geworden? Weil Sie aus allen Schulen hinausgeworfen wur-
290 2495 2915 2772 den - Sie? Weil Sie hoffen, so eine reiche Partie zu ma-
300 2622 2895 2895 ehen. - Warum soll ich vor Ihnen mehr Achtung haben als
343 2828 2079 3021 vor einem Andern? Sagen Sie mir das!
303 2958 2905 3238 Die Sache ist sehr unangenehm für ihn, er war stark be-
363 3138 1942 3361 trunken und er braucht das Duell.
313 3265 2848 3524 Marie kommt. Um Gotteswillen, du wirst dich schlagen?
326 3418 2955 3684 Ich denke nicht dran! Mir ist es zuwider; wir werden zu-
353 3638 1856 3841 sammen fort. - Bleiben wir hier.
353 3711 2965 3988 3.Aufzug. Vor der Arena. Die Menscher freuen sieh. "Wa,
406 3828 3005 4154 ein sauberer Liebhaber! er duelliert sich nicht einmal.
410 4011 3095 4317 - Der Tenor, der vom Mannesmut singt. - Sie bekommt Brief-
393 4327 2945 4630 Der Offizier müsste wahrscheinlich quittieren, wenn er
443 4347 703 4514 ehen.
390 4417 3048 4807 nicht seine Genugtuung bekommt, nachdem es erwiesen ist,
376 4807 819 5030 Rerne in
