3528 4808
469 859 1786 1235 bekannt werth Augss. als
347 1142 1629 1466 sind 6. das ist ist, das auch
322 1371 1582 1691 your kind abholt. -
217 1607 1745 1920 13. - Reakusledt. Gelle
258 1889 535 2115 for
240 2059 1794 2284 Robvolad sieht ein, dass es kr
252 2247 1879 2519 Nagung ist sich von K merkthof
215 2528 1879 2788 zu lassen. - Er bezahleten noch ein
293 2744 1883 2972 hat er sich in welcherlebe sondelt,
242 2949 1856 3211 ka nie mit magen - wo jedem
291 3128 1805 3411 zu veranworten. Als schlaf
275 3360 1505 3647 dus tödt! Ich letzteeres Sie -
291 3539 1937 3870 Ich soll mich seinem Charge opfer?
306 3843 822 4041 une nouvelle
293 3938 1825 4215 Er wird. Sie werden nicht
361 4188 686 4403 solte
361 4262 1929 4580 G. Werkt an der Erben!
