3544 5112
2732 1215 2897 1386 10
266 1370 2894 1619 Der Regisseur: Die hat schöne Beine - das muss ich mir
828 1555 1006 1662 en.
374 1588 966 1770 auf sehr xxx
336 1679 2810 1958 Zur verlobten Schauspielerin, während der Bräutigam,
394 1797 2954 2123 Schauspieler, dabei ist: Komm her, Leopoldin! Ich werd
363 2006 2352 2221 dir die Pflichten der Brautnacht erklären.
353 2093 2951 2443 Auf der Prebe: Herr Br., der Causeur, mit den Airs des
407 2241 3089 2537 grossen Schauspielers umhergehend, manche untern Arm neh-
384 2430 3069 2729 mend, Anekdoten erzählend, sich für das Jubiläumsgeschenk
444 2722 946 2894 bedankend.
400 2813 1938 3022 H., der Kopfrechnungen aufgiebt.
404 2843 3116 3173 Die kleine E., die dem Liebhaber die Locken aus der Stirn
421 3207 885 3348 streicht.
1289 4718 1659 4903 ¬
360 4768 781 5014 ferner in
