3480 4168
1355 310 2701 583 1 Krachwend sie noch hielt
1136 478 1904 715 Welche dieige Fr.
2851 572 2979 695 30
1212 686 3040 936 Gand: Ich hätte einen Freund, dem
1622 870 3177 1011 haben Briefe dieser Art übel mit
1615 1059 2057 1180 gespielt.
1421 1111 3154 1346 Klem! Was heisst das: Briefe dieser
1608 1378 3022 1515 Art? Und was ist ihm denn pas¬
1603 1530 1945 1663 siert?
1423 1665 2995 1849 Gand: Er ist irrsinnig geworden.
1583 1829 3029 1950 Er liebte eine Schauspielerin,
1597 2009 3120 2102 die irgendwo in der Fremde enga-
1594 2152 3188 2278 giert war, und mit einem Mal - zu
1587 2316 3138 2444 Weihnachten fing es an - erhielt
1633 2460 3077 2599 r Briefe, die ihn warnten, die
1581 2603 3081 2731 Andeutungen enthielten. Anfangs
1576 2788 3084 2892 lachte er darüber... Lachte ist
1576 2931 3047 3061 nicht das richtige Wort... Nun,
1574 3084 3157 3204 er machte sich nicht viel daraus.
1567 3252 3161 3373 Allmälig erst beunruhigte ihn die
1560 3416 3127 3535 Sache. Es kam ein Brief nach dem
1567 3548 3036 3680 andern; sie wurden immer tücki-
1562 3726 3088 3867 scher, gemeiner, unverblimter...
