3432 4232
2794 550 2928 686 55
788 657 2945 855 in diesem Brief. Nur dass sie in einem Zimmer
820 823 2969 1026 mit gelben Vorhängen zusammen sind./Nein sie
773 989 3021 1175 lieben sich nicht, das is's ja eben. Täten sies
779 1108 3108 1346 so wüden sie uns nicht betrügen, sondern uns die
779 1273 3053 1460 Wahrheit sagen.. mit einander fortgehen, viel -
782 1381 3120 1614 leicht sich umbringen, was weiss ich.. aber doch
773 1625 3009 1811 nicht zurückkehren, sie zu mir, er zu Ihnen...
785 1730 2870 1928 das täten sie doch nicht, wenn sie einander
791 1983 1201 2117 liebten.
832 2029 3027 2259 K1: xxx zurückkehren!
837 2125 3088 2451 Wie Sie reden (Als ob es nun mit einemmal ganz
800 2306 3094 2556 erwiesen wäre, dass sie dort sind. Als könnte es
805 2431 3003 2745 nicht anders sein. Als missten sie.) Als wenn
811 2593 3003 2873 man dieser geheimnisvollen Macht, von der Sie
869 2733 3195 3035 sprachen nicht auch entgehen könnte. Man braucht
829 2916 2937 3198 ihrer kaum bewusst zu werden, man kann ver -
829 3047 2823 3341 gessen, dass sie je zu wirken versuchte..
840 3326 1681 3483 Gand: Sie war da.
887 3312 3233 3614 K1: : In Augenblicken Aber darum, darun mirs doch
