3496 4168
2789 501 2942 607 32
1549 661 3167 778 hat gefürchtet, dass es wahr sein
1551 744 3124 937 könnte. Als es ist wahr gewesen
1328 930 2969 1157 Klam: (Und mit Recht, wie sich ja
1549 1077 2151 1346 gezeigt hat.
1322 1283 2920 1470 Gesch: Ja. Allerdings war er ein
1555 1364 3095 1497 bisschen selber schuld. Man soll
1546 1522 3045 1647 seine Geliebte nicht monatelang
1542 1641 3106 1861 allein lassen. Und er war ihr in-
1537 1845 2472 2007 dessen auch untreu.
1636 2007 1856 2128 wije?
1286 2012 1544 2119 klem:
1337 2113 3048 2335 Gand: Nur bekam sie keine anenymen
1533 2310 2994 2463 Briefe... Uebrigens, ich weiss
1531 2466 2364 2614 ja das gar nicht.
1331 2609 3138 2751 Klem: Was sind die Männer eigentlich
1528 2749 2800 2928 für merkwürdige Geschöpfe.
1288 2868 3045 3068 Gand: Die Männeer...? — — IIls die er-
1477 3081 3003 3212 sten Briefe kamen, habe ich ihm
1513 3207 2978 3385 geraten hinzureisen; ich hätt
1515 3371 3113 3551 ihn beglattet.) Die schrecklichste
1510 3580 2987 3681 Sicherheit ist doch immer noch
1515 3753 3151 3872 besser als Zweifel. Aber er konnte
