3400 4152
2835 370 2973 599 65
790 617 2943 867 P h: Ich weiss, der Diener sagte mir schon
802 726 2996 1028 Es ist doch unglaublich. Und es ist nichts ge
805 1008 1175 1152 kommen?
852 1110 1716 1316 Kl: wein nichts
858 1146 2808 1486 Ph- Auch von Willner nicht geschickt?
811 1463 1381 1569 Kl: Mein.
858 1475 3225 1713 pe ta: ach Sie haben ein geplagtes Leben Doktor,
825 1636 3026 1877 Sie müssen mit uns nach Ragusa, das steht nun
840 1901 1425 2036 einmal fest.
872 1956 3073 2188 Ph.: Ja wenn es möglich sein wird. Hättest Du
878 2162 1657 2318 Lust klementine
840 2274 2726 2529 Kl: Oh, ich hab immer Lust zum Reisen.
887 2409 2967 2685 Berta: So im Februar. Wenn unten schon der
849 2629 1701 2817 Frühlin anfängt.
864 2658 3140 2946 Gand: Aber vorher sollen noch einige Festlich
855 2905 1801 3126 keiten stattfinden.
905 3052 2018 3217 Ph Festlichkeiten.?
916 3137 3123 3378 Gand: Ja irgend welche gemütliche Abende. Ich
875 3311 3099 3563 schlage sofort etwas Vor. Uebermorgen bei uns.
