3464 4168
2831 483 2981 637 14
880 597 3222 832 Wollen Sie nicht den Tee mit mir nehmen, er wird
868 796 2348 991 gleich da sein. sie klingelt
883 973 3099 1123 Gand: Oh ich danke sehr. Es wird doch etwas zu
916 1084 3066 1315 spät. sie betrachtend Ihre Silhouette im
868 1213 3168 1447 Fenster mit dem Ausblick auf den Park gegenüber,
865 1375 3174 1573 das gäbe auch kein übles pùd.Und so münsten Sie
859 1564 3033 1735 stehen..gerade so. Und mit der (schmalen) Kette
877 1699 3087 1856 spielen. Nun diesmal hoffe ich der Sache etwas
853 1789 3132 2015 näher zu kommen, als in Rertéi (Also le-ben Sie
871 1958 3075 2222 wohl Klementime. Ich darf doch nach Klementine
907 2204 1225 2375 sagen?
901 2309 1696 2501 Kl: Warum nicht.
904 2408 3024 2696 Gand: Also morgen um elf. Ich darf Gerta.
853 2597 2342 2810 sa en, dass Sie kommen werden?
847 2693 3051 2972 K1: Ja. (Sie habe sich allmählich zur Tür hin
1015 2909 1615 3078 hingeguell
916 2984 3174 3252 Gand. Nun das ist, schön. Adieu Klementine.
859 3147 3078 3366 reicht ihr die Hand ### wie er schon die Klinke
865 3309 3276 3513 in der Hand hat.  Ach ehnich fortgehe, da ich das
