3496 4232
2940 492 3075 605 57
880 666 2445 935 Kl.:Nimmt den Hut Ich sehe hin.
859 831 3068 996 Gand: Wozu? Ich find es nicht mehr notwendig.
853 1067 1357 1198 Ich weiss
892 1161 2225 1388 Der Diener. Frau Gandolfph.
859 1201 3319 1546 Gand: (Leise zu Klementine.) Um himmelswillen, Stille
877 1381 2940 1663 perta tritt ein (Heiter, erregt) terra
3041 1550 3206 1699 zu
886 1553 2998 1837 Berta: Guten Abend Klementine, guten Abend
883 1718 3062 1962 gand: Ich dachte, dass ich Dich hier finden
351 1690 718 1901 11/1
877 1880 3078 2112 würde. Denke, ich hatte total vergessen.  zu
358 1843 700 2112 F. W.
880 1993 3331 2265 Klementine ich sollte nämlich mit ihm herk ommen
892 2191 3075 2454 Kl: Ich weiss. Willst Du Dich nicht setzten.
932 2317 3044 2616 Gand: Ich erzählte den Klomntina, dass iur
969 2445 3221 2714 eb n Klementine, dass wir verbaredet hätten...
932 2570 3356 2906 ich dachte es würde Dir plötzlich irgendwo einfall
1125 2662 1632 2796 Vermutels
993 2897 3227 3234 berta: Du bist mir nicht boes Franz, was? Wie
954 2885 1620 3068 in der Stadt.
950 2995 3194 3340 gehts Klementine, wie lang haben wir uns nicht
966 3142 3234 3481 gesehen. Ueden Tag wollt ich zu Dir. Nicht wahr
975 3298 3377 3680 Franz. Was machen denn die vinder? Du hast übriger
984 3460 3310 3768 versprochen sie mir einmal zu schicken. Du musst
