3528 4152
1825 483 2039 627 ah
2482 466 2981 631 im Tähr
1374 591 3131 763 Jedenfalls werden Sie, wenn es Ihnen
2122 704 2535 816 Département
1432 770 3122 907 an Geduld nicht fehlt, nach einiger
1438 878 1840 982 im + Uhr
1421 900 3133 1125 Zeit aus dem Haustor Jine verschlei
1434 1070 3067 1253 erte Dame treten sehen, und wenige
1421 1209 3060 1414 Minuten darauf (aus dem selben Haus
1441 1414 3067 1586 ter einen Herrn mit hinaufgeschla-
1416 1544 3128 1716 genen Rockkragen. Da es möglich ist,
1427 1705 3073 1844 dass Sie in der Dunkelheit die bei
1423 1860 3137 2001 den Gestalten nicht erkennen, erlau-
1414 2010 3049 2133 be ich, mir Ihnen ergebenst mitzu-
1410 2136 3122 2294 teilen, dass die verschleierte Dame
1416 2328 3062 2453 Ihre Frau Gemalin und der Herr mit
1421 2469 3025 2678 dem hinauf geschlagenen Rockkragen
2376 2561 2723 2663 vorstellt.
1926 2584 2200 2689 all ym
1405 2641 3071 2806 Hern, Dr. Oskar Godeck ist, die sich
1458 2773 3053 2945 seit dem Spätherbst ein bis zwei
1357 2901 3131 3078 Mal wöchentlich in dem obbezeichnete
1392 3095 3082 3232 Hause bei einer lebenswürdigen äl-
1370 3223 2974 3378 tern Dame zu begegnen und es nach
1416 3429 3106 3552 anderthalb bis zwei Stunden zu ver-
1357 3537 3014 3731 lassen pflegen. Da ich nicht über-
2478 3640 3106 3828 am lezweihl
