3480 4184
1466 403 2492 624 Aler.
2945 518 3068 630 31
1542 642 3163 885 Nun und da verlor er eben den Ver¬
1553 844 1853 982 stand.
1297 964 2805 1132 Klem: Durch solche Infamieen!
1335 1121 3145 1261 Gand: Infamieen - ja.
1547 1270 3075 1414 fe enthielten zufällig die Wahr-
1515 1430 2999 1612 heit. Was übrigens mein Freund
1524 1587 3073 1778 nicht einmal mehr erfahren hat.)
1508 1776 3095 1887 Ich habe die Sache sozusagen mit-
1517 1954 3118 2089 erlebt. Die ersten Briefe warf er
1511 2098 3021 2224 ins Feuer, aber später bewahrte
2641 2175 2832 2276 gleich
1511 2267 3041 2373 er sie auf, kannte jeden auswen¬
1506 2395 3104 2503 dig. Von Mitternacht an konnte er
1493 2535 3044 2688 nicht mehr schlafen, weil in der
1495 2702 2915 2825 Früh immer, diese grauenhaften
1488 2866 3064 3044 Briefe kamen und er darauf warte-
1493 3026 3014 3136 te. Anfangs kamen sie alle acht,
1488 3179 3023 3316 alle vier Tage, endlich täglich.
1274 3352 3062 3516 Klem: Warum ist er denn nicht hinge-
1477 3492 1796 3622 reist?
1279 3595 3068 3773 Gand: Er hat sich nicht getraut - er
