3496 4216
2982 646 3116 790 52
912 741 3367 1016 Gand - Ja ich habe die Freundlichkeit und Klementine
903 986 1947 1127 hab die Güte.
946 1105 3217 1298 Berta: Das ist aber ein Entschluss. Jetzt ister
891 1286 2391 1439 Dir wohl endlich berühkt genug.
897 1390 3037 1567 Gand: Weisst Di Berta, welches Bild Frau Kle
879 1494 3312 1696 mentine amn besten gefällt, der alte Herrain Terrein
885 1727 3181 1877 Berta: J der eingebildete Kranke. Ich nenn ihn
885 1846 3303 2036 nämlich immer den eingebildeten Kranken. Ich weiss
355 1898 790 2100 Wahrsleve
882 2020 3009 2186 eigentlich nicht warum. Sieht ernicht so us?
493 1999 839 2192 we restost
266 2115 523 2278 mit:
876 2149 2363 2327 Gand: Waren Bekannte bei Demel
866 2302 3144 2480 Berta: Nein. bekannte Gesichter wohl, aber nie-
2749 2403 3015 2522 Beyer
860 2421 3156 2605 mand den ich persönlich.. Ja doch Frau Sax. Ich
2357 2562 2633 2666 Besseau
928 2623 3168 2819 glaube wenigstens es war Frau sex. Sie sass im
1650 2746 1779 2826 un
949 2737 1255 2875 zweiter
860 2737 3110 2976 andern Zimmer. Aber einen andern Bekannten hab
860 2911 2177 3147 ich getrof en. Deinen Mann.
851 3009 3021 3285 KI : W  nenen Mai 'Thilyp'. Wo?
903 3214 3028 3367 Berta: Ja, jetzt kommt nämlich erst meine Fe-
857 3325 3015 3545 schichte, sonst wär ich ja gar nicht da. Ich
848 3493 3239 3689 hatte es nämlich wirklich total vergessen.Total.
