3464 4168
3060 475 3175 624 15
848 612 3221 823 dumme Blatt Papier schon bei mir habe., sehen Sie
2889 733 3168 820 sage
839 817 3178 969 doch.. Oder warten Sie gnädige Frau, ich
2392 901 2584 988 Le dernier a été entretien
851 916 3134 1131 Ihnen lieber was auf dem Blatt steht. hat aus
898 1053 3308 1267 seiner Westentasche einen zusammengefalteten Brief
857 1249 3159 1429 genommen denn das sonderbare ist, dass gewisse
857 1342 3358 1597 Worte, wenn man sie schwarz auf weiss vor sich sieht
1792 1379 1941 1469 so
888 1556 2951 1746 plötzlich die Macht bekommen zu verletzten.
966 1662 3333 1892 wieder ins Zimmer herein. so lächerlich nichtig
2780 1736 3159 1861 newly.
870 1839 3131 2072 und albern sie auch sein mögen. Dass es irgend¬
929 1966 3237 2215 jemanden gibt, der die Feder in die Tinte taucht
885 2168 2442 2367 und wohlbedacht solche Worte....
876 2230 3212 2525 Kl : hat ihm mit wachsender Erregung zugehört
891 2504 1851 2709 geben Sie doch her.
904 2544 3128 2898 Gand; Nun nun.. lässt die hand mit dem Blatt
910 2879 1289 3001 sinken.
