3512 4184
3019 527 3138 664 12
966 676 2324 862 eben so rasend viel zu tun..
950 847 3171 1030 Gand: Wiessen Sie wie lang ich ihn schon nicht
944 981 3031 1158 gesehen habe, mindestens drei Monate. un
944 1145 3269 1362 vermittelt jetzt hat er wohl seine Ordination?
359 1130 591 1337 l
2391 1243 2605 1331 vrai
1276 1289 3296 1444 in Erregung mein, sie ist schon vorüber.
923 1346 1130 1462 Kl:
292 1389 579 1526 Wm.
2815 1392 3287 1605 jetzt td
935 1490 2796 1599 Gand - So schön? sieht auf die Uhr
3113 1508 3253 1624 terd
366 1480 539 1651 bre
923 1618 3263 1761 w1: Wollten Sie Philipp velleicht sprechenxx
1895 1727 3220 1910 heisst, natürlich möcht ich
969 1779 1907 1977 and; Oh nein. Das
1895 1858 2004 1947 Bue
941 1886 3390 2084 ihn gern wieder einmal sehren.. Man künte vielleicht
926 2029 3369 2257 wie er einmal etwas arangieren. Irgend was fideles
929 2181 3138 2400 Einmal zusammen ins Theater gehn, oder in ein
935 2397 1316 2559 Varieté
984 2495 3269 2717 Kl: Ja da bin ich erin dabei. Schade dass perta
938 2629 3220 2863 nicht mitgekommen ist. Da könnte man gleich was
947 2873 1499 3025 besprevhen.
996 2915 2982 3165 Gand. Das kann man auch so. Oder morgen.
993 3138 1633 3333 Kl: Morgen1.
950 3183 3320 3427 Gand; Oder dieser Tage wenn Sie mr die Ehre er¬
947 3348 3208 3598 weisen gnädige Frau sich zur ersten Sitzung in
