3480 4184
3037 504 3149 667 11
872 610 3206 884 Gand: Ja heiterer sahen Sie jedenfalls aus. Ich
878 776 3161 978 glaube wir waren alle damals viel heiterer, als
875 972 3191 1126 wir je in der grauen Stadt wieder geworden sind.
869 1075 3149 1310 Kl: Das ist doch selbstverständlich. Der Himmel
863 1271 1841 1464 damals, diese Luft.
860 1407 3158 1636 Gand: Und ist es nicht wirklich jämmerlich, wie
881 1567 3309 1739 der Beruf, wie das Leben in der Stadt Menschen aus
936 1678 3209 1902 einander reisst, die sich in der freien Natur
884 1857 2771 2068 so schön zusammen gefunden haben?
915 1956 3197 2273 K1: lächelnd aussinander reisst, das kling
903 2219 1371 2424 so heftig.
909 2300 3254 2530 Gand, wenn im Sommer nicht die paar Ausflüge ge -
912 2442 3251 2663 wesen waren, man hätte überhaupt nichts mehr von
906 2666 1745 2868 einander gewusst.
948 2820 1416 3052 Kl: Oh...
1684 2801 1959 3004 paar
954 2816 3287 3124 Gand: nun, die geenseitigen Höflichkeitsbesuche
918 3022 3221 3315 und die zwei oder drei gemeinsamen Soupers, von
2001 3152 2391 3263 überdie.
924 3133 3167 3411 denen Ihr herr Gemahl übrigens regelmässig weg.
930 3330 3161 3622 geholt wurde, die kann man wohl nicht rechen,
960 3484 3218 3782 Kl: wie scherzend  Ja mein Herr Gemahl hat
