3400 4184
2829 426 2950 685 64
768 635 3106 938 Philipp kommt, im Ueberziehr mit Hut in der
1312 832 1471 903 G.H.
776 891 1377 1035 Guten Ahnd
815 1035 1888 1200 Kl: Schon zu Haus
776 1135 2962 1338 Ph.: Leider nur auf einen Moment. Guten Abend
1879 1268 2221 1374 Mr - not
779 1241 3041 1488 gn채dige Frau, (wir haben uns ja eben gesprochen).
859 1506 1815 1727 reicht ihr die Hand
1674 1524 2274 1703 grade davon
2429 1577 3024 1718 Zeichen zwi
818 1627 2353 1806 Berta Ich habe oben erz채hlt.
785 1829 1335 1997 schen ihnen
785 1968 1662 2091 Stubenm채dchen. ab.
838 2103 2229 2235 Berta: ich danke Ihnen sehr
2344 2109 2668 2238 Wbrigen
779 2191 3021 2418 Ph.: Wie gehts Gandolph, gratuliere (Meine Frau
797 2288 3112 2556 hat mir on Ihren Pildern vorgeschw채rmt./ Ich habe
785 2462 2579 2750 leider noch keine Gelegenheit gehabt.
794 2677 2141 2856 Kl : Du legst gar nicht ab?
809 2732 3179 3021 Ph.: Ich muss ja gleich wieder fort. Was ist denn
815 2897 3027 3168 eigentlich los. Ich telephoniere schon dreimal
815 2994 3182 3282 aus dem Sanatorium und kann absolut keine Antwort
803 3303 1277 3450 bekommen.
859 3359 2385 3609 Kl: Wit wurden nicht angerufen,
