3480 4168
2761 466 2985 673 50 6
865 670 3044 894 Kl.: sehr enerviert aber all das ist doch
865 810 3192 1034 nicht so seltsam. Wir sind spazieren gegangen an
877 976 3137 1194 einem schönen Sommer###med und dann haben wir im
882 1113 3178 1343 Freien zusammen genachtmahlt. Ich weiss noch Sie
874 1252 3137 1491 haben von Makart erzählt. Sie hatten ihn einmal
891 1398 3140 1643 als Knabe besucht mit IhremmOnkel, der ein Bild
885 1596 3154 1771 bei ihm bestellen wollte. Sie behaupteten, sich
882 1727 3230 1951 noch ganz genau an den Duft seiner Havannazigarre
891 1873 3020 2091 zu erinnern. Mein Mann sprach von seiner Nord
947 2007 3143 2228 landsreise. Ihre Frau, erzähte irgend eine Ge-
944 2152 3160 2417 schichte von einer Pantomine, in der sie einml
906 2295 3178 2543 mit gewirkt hatte, als Pierette. Es war so harm
920 2551 1750 2714 los als möglich.
970 2525 3271 2857 Gand: Ja. Diese Hamrlo igkeit war aber auch wie
941 2840 1605 3012 eine Erlösung.
926 2971 2155 3166 Kl: Wie eine Erlösung.?
947 3023 3014 3291 Gand: Denn eigentlich kam man wie aus einem
944 3189 2610 3480 Trau hervor, wie aus einem Traum...
