3480 4200
2640 475 2769 601 47
1442 650 2477 862 mir die Hand gek체sst.
1262 848 1762 984 Gand: Ja.
2497 832 2610 986 r.
1256 922 3094 1127 Klem: Nun, denken Sie, Oshar und Ihr
1447 1117 3094 1283 Frau h채tten solche Briefe bekommen
2071 1200 2417 1322 kaal
1412 1253 3115 1419 wie wir, wie m체sste ihnen das heute
1458 1433 2919 1569 in der Erinnerung erscheinen.
1233 1590 3085 1751 Gand: Die Stimmung dieses Abends war
1467 1686 3064 1917 sehr eigent체mlich -  jedenfalls...
1474 1926 2334 2053 Finden Sie nicht?
1285 2055 3046 2285 Klem: Das scheint uns wol nur heute
1488 2244 1659 2389 80.
1295 2315 3082 2509 Gand: Und aus dem Bild wurde nichts.
1488 2497 3110 2693 Sie konnten sich nicht entschlies
1491 2691 2578 2870 sen, zu mir zu kommen.
1295 2799 3055 3046 Klem: Sie sprachen ja kaum mehr da-
1516 2979 3112 3205 von; es schien Ihnen nicht gar se
1509 3101 3135 3315 viel daran zu liegen... Ausserdem
1516 3253 3025 3472 wussten Sie wel, dass ich immer
1516 3428 3138 3635 bereit war, wenn Sie es nur ernst-
1525 3564 3158 3790 lich verlangten; und da Sie dessen
1567 3741 3145 4011 se sicher waren, haben Sie es vd
