3496 4168
2976 587 3113 685 33
1655 758 2855 863 sich nicht entschliessen.
1449 888 3285 1050 Klem: Hatten Sie denn daran geglaubt.
1408 1041 3152 1166 Gand: Ja, ich für meinen Teil hatte
1653 1207 3129 1310 es allerdings geglaubt. Das ist
1650 1379 3250 1497 ja natürlich. Man vertraut nie den
2018 1461 2340 1561 de Gud
1637 1543 3056 1655 Frauen, die Andern gehören.
1630 1673 3168 1774 Denken Sie doch, Klementine, was
2588 1760 3182 1881 erfährt.. was
1611 1840 3070 1947 man als junger Mensch hört una
2198 1915 2577 2036 geschrieben
1632 1933 1833 2020 men
1643 1997 2534 2159 auch selbst erlebt.
1411 2134 3052 2333 Klem: Aber es giebt doch eine Art
1618 2328 3070 2492 ven innerer Sicherheit, die un-
1609 2463 2607 2655 trüglich sein sollte.
1408 2543 3141 2796 Gata: Ja. Es giebt gewiss Fälle, wo
1586 2778 2979 2972 man unbedingt vertrauen darf.
1390 2940 3164 3129 Klem: Im Institut, da war ein junges
1575 3113 3093 3264 Mädchen - ein halbes Kind, drei¬
1582 3230 3045 3424 zehn Jahre —, das an der Manie
1575 3376 3061 3579 litt, anonyme Karten und Briefe
1575 3554 3136 3739 zu schreiben. Und durch einen Zu-
1575 3727 3150 3924 fall ist man erst erauf gekommen.
