3480 4232
377 423 568 694 r
872 667 3200 806 üben begann über uns alle. Erinnern Sie sich dch
863 797 3191 1044 nur Klementine. (Als ich Ihnen die Hand küsste an
891 981 3055 1174 jenem Abend, xxx wir den griechischen Weinge
863 1096 3140 1295 trunken haben; als ich damals am Ufer stand und
860 1232 3191 1461 Sie mich vom Schiff aus ein letztesmal grüssten,
872 1377 3143 1609 und im Klavierzimmer am See, während Sie Chopin
878 1552 3073 1709 spielten.. und durchs offene Fenster die warme
860 1700 3100 1857 Nachtluft herein kam, diese beraachende.. und
906 1823 3161 2017 jetzt Klementine.. ja ist sogar nicht in diesem
860 1986 3179 2198 Augenblick, während Sie vor Angst und Eifersucht
875 2128 3221 2315 um Ihren Gatten verzehrt werden.. ist nicht sogar
872 2270 3040 2478 in diesem Augenblick eine Regung in Ihnen,
875 2469 3155 2660 irgendwo in der Tiefe Ihrer Seele, eine Regung,
875 2632 2059 2798 die nicht ihm gehört.. -
857 2759 3106 2940 Kl:- Mir scheint ahrhaftig, dass in jedem Mann
869 2871 3299 3118 auch im klägsten ein Stück von einem Gecken steckt
933 3046 3064 3248 Gand: Ach Klementine (missve stehen Sie mich
915 3206 3179 3414 doch nicht. Ich weiss, dass Sie mich nicht lie
875 3315 3152 3523 ben. Ich liebe Sie auch nicht. Aber auch davon,
884 3438 3161 3701 dass die beiden andern sich lieben steht nichts
