3448 4184
3050 550 3201 683 62
865 649 3028 847 Gand: Du hast heute wieder Deinen Tag, erta.
874 825 3019 1038 perta: Ja es kommt vorm dass ich Unsinn rede.
850 955 2979 1165 Aber was ich Dich bitten wollte, Klementine.
834 1156 3319 1329 Wenn Du so gut sein wolltest Deinem Stubenmädchen zu
844 1282 3229 1468 klingeln, der Volant da ist abgerissen, die Leute
844 1384 3155 1625 sind vonneiner Ungeschicklichkeit von einer Bru
902 1594 1786 1792 talität geradezu.
881 1752 1919 1947 Kl: hat geklingelt.
850 1835 2787 2101 Gand: Warum findest Du die Leute brutal?
868 2095 1205 2318 Perta:
908 2284 3105 2577 Stuben mädh ne(kommt.) Klementine sagt ihr ein
859 2549 2265 2750 paar Worte, Stubenmädchen ab.
874 2626 3158 2827 Berta: abgetreten hat ihn mir einer. Nicht etwa
874 2781 3133 3010 ein Arbeiter oder so wer, nein, ein sogenannter
874 2911 3062 3204 elreganter Herr. Und glaubst Du er hätte sich
874 3071 3244 3303 entschuldigt. Dein Gatte wolte ihn schon stellen.
1737 3081 1842 3164 ne se
871 3195 3266 3476 Reminiszenzen aus der Studentenzeit.Ich hab m ein
887 3316 3275 3594 Haustor müssen, der Doktor war so freundlich beim
908 3569 2926 3751 Prtier um eine Sicherheitsnadel zu bitten.
683 3856 776 3980 G.C.P
