3528 4152
695 379 2912 626 Mäderl (will weinen, aber beruhigt sich rasch.
2864 670 3066 771 l'autreur de
689 610 1777 847 Frl: Kinder kommt jetzt
1770 699 2023 850 Berlin
740 812 2102 964 Bub: Bis die Jause oa kst,
686 901 2776 1138 Diener bringt Rock und Uut für, den Doktor
680 1024 3041 1258 Ph: Also um halb sieben bin/im Sanatorium an
683 1217 3202 1451 zurufen und von halb acht an in der Gesellschaft der
673 1448 999 1584 Aerzte
1005 1457 1337 1653 Höchelnd
711 1416 3250 1739 Kl: :/Nun hab ichs nicht geagt; vy neun bist Du nicht
683 1748 1087 1932 zu Haus.
733 1815 3145 2083 Pub.: Darf ich heut aufbleiben bis der Papa kommt?
680 1988 3076 2184 Ph: Na ich werd mich beeilen.
730 2146 3243 2399 (zum Mädel) Na Du Fratz warum sagst Du mir denn nicht
683 2390 1008 2535 adieu?
686 2463 3212 2722 Madel : Du hast den Fritz gar nicht ausgezankt, dass
689 2643 1625 2842 er geboxt hat, Papa.
730 2747 3272 2975 Ph: Ja richtig. Also, Fritz Du bist    zum Mäderl nam
695 2956 2001 3120 was soll ich ihm den sagen
737 3044 2390 3281 Mäderl: Sag ihm er ist ein Kameel.
2346 3199 2918 3360 zum Mädetl
680 3224 2292 3408 Ph: Fritz, Du bist ein Kameel.
673 3345 3022 3547 bist Du jetzt zufreiden? Also adieu.
695 3515 1511 3737 Mäderl (sorglt)
