3464 4184
2982 527 3128 665 13
899 610 2216 848 meinem Atelier einzufinden.
841 777 3253 1061 Kl: Wie lang ist es nur her, das ich mit Philipp
854 997 1835 1171 in Ihrm Atelier war?
851 1113 3055 1326 Gand- Anfangs September war es. Ja. Bei dieser
857 1232 3125 1488 Gelegeneit sah ich Philipp auch zum letztenmal -
848 1396 3305 1649 Kl: Sie waren gerade daran Ihre mrau zu malen, als
863 1622 1835 1790 schwedische Bäuerin.
921 1729 3223 1988 Gand: Ja sie hat manchmal solche Einfälle. Ich
863 1878 3223 2067 habe das Kostüm aus Göt dor mitgebracht vor drei
857 2006 3043 2259 Jahren. Auch als Japanerin existiert sie. Sie
863 2162 3101 2399 kennen ja die Aquarellskizze. Sie gnädige Frau
869 2332 3107 2579 möchte ich am allerliebsten in schwarzem Sammt-
872 2479 2259 2704 kleid malen, mit freiem Hals.
881 2588 3152 2851 (die Uhr schlägt, dreiviertel sechs, steht auf
881 2774 3104 3021 nun will ich aber nicht länger... also, bleibt
1000 2921 3271 3146 es bei morgen, gnädige Frau? Morgen elf Uhr vor-
915 3061 3113 3332 mittags. Berta wird sich auch riesig freuen.
954 3177 3329 3521 w1: Sie wollen schon gehen? Ein so kurzer Besuch,
912 3341 3137 3631 nachdem man sich so lange nicht gesehen hat?
