3496 4232
2940 572 3069 695 58
905 707 3204 862 mirs nur vorher schreiben, damöt ich meine klei
911 902 1885 1017 ne Nichte dazu lade.
1190 1026 3144 1216 zum Diener, der auf ihr Klingeln herein
899 1069 1150 1216 Kl:
865 1181 3109 1339 gekommen ist. Lassen Sie Tee aufgiessen. Und
862 1356 1983 1483 bringen Sie eine Tasse.
854 1523 1371 1641 Diener (ab.
902 1609 3115 1776 Berta- Danke, danke ich trnke keinen Tee mehr.
862 1759 3170 1943 ich hab nämlich schon eine Schokolade getrunken.
865 1992 1923 2109 Beim Demel natürlich.
891 2032 3175 2236 Gand: Ja sie muss immer etwas zu Naschen haben.
848 2213 3101 2489 Berta¬ ihn unsicher ansehend Bist Du schon
851 2446 1604 2618 lang da, Franz?
888 2552 3138 2756 Gabd: Nein, eine halbe Stunde. Im übrigen ist
848 2716 3130 2931 mir in dieser halben Stunde etwas gelungen wo -
848 2879 2310 3078 nach ich bisher vergeblich...
925 2986 3204 3213 Berta!! oh Thr seid ja nette Leute. Jetzt weiss
1216 2997 1609 3121 lacheur
854 3115 2923 3325 ich warum er mir früher davon gelaufen ist
1014 3328 2874 3543 sie nimmt ein Caike und knuspert dran.
859 3380 3081 3713 Kl: Dein Mann will die Freundlichkeit haben
911 3681 1618 3882 mich zu malen.
