3496 4152
2902 492 3064 666 G.C.F.P.
1681 619 1797 722 V. P.
2649 619 2778 729 20
1451 718 3014 907 zwei kleinen Klaviersessel. Nach
1417 888 3059 1026 einer kleinen Pause:  Sie wollten
1445 998 2883 1144 der Aufforn diese Brete Eige Gestre¬
2460 1049 3023 1223 Plønnter
1430 1090 1982 1232 hingehen...
1247 1178 2976 1359 Klem: :am Klavier lehnend:  Nein.
1380 1346 3092 1496 Wenn Man das täte, so hätten ja die
1335 1481 2797 1675 Leute Recht, die solche Briefe
1391 1683 3090 1825 schreiben. Es wäre entwürdigend und
1391 1832 3021 1987 unsinnig. Ich kenne meinen Mann.
1367 1937 3036 2152 Mein Mann liebt mich - und ich lie-
1761 2098 2421 2210 hein ham iit.
1370 2141 2973 2309 be ihn.) Wir haben ni. Geheimnisse
1335 2283 3012 2436 vor einander gehabt, von dem Moment
1320 2436 2976 2589 an, da wir uns verlobten. Das sind
1359 2599 2999 2836 jetzt sieben Jahre her.- und jetzt
1339 2754 3053 2956 haben wir zwei Kinder. Das bedeutet
1314 2894 2881 3102 doch auch etwas. Ich kenne jeden
1346 3085 2948 3210 Schritt, den mein Gatte tut. Wenn
1354 3184 3042 3393 er von Hause fortgeht, so weiss ich
1348 3369 2961 3567 in jeder Stunde, wo er sich befin-
1352 3522 2978 3715 det. Das muss ia sein, weil im-
1337 3679 3001 3833 mer die Möglichkeit vorliegt, dass
