3496 4184
926 662 1531 881 Gand: Woeso
908 837 2763 1071 Kl: Nun, Gesellschaft und Theater...
920 1009 3119 1160 Gand: Oh nicht so sehr. nicht schr. Ich
890 1166 2448 1371 arbeite sehr viel gnädige Frau
1036 1297 3321 1505 1 -- als erinnerte sie sich plötzlich Ic. war
914 1466 3143 1597 ja vorgestern im Künstlerhaus.Ich wollte Ihnen
967 1602 3255 1757 eigentlich gleich schreiben. Die Portsterits sind
905 1760 1884 1938 wirklich entzückend.
908 1926 2611 2104 Gand; La Maben sie Ihnen gefallen?
941 2056 3146 2243 Kl. Ausserordentlich. Und wissen Sie welches
914 2202 3229 2416 am besten.. der alte verr.. der Alte Herr im Gar
950 2359 3030 2558 ten, auf der weissen Bank, mit diesen eigen
914 2516 2122 2703 tümlich hellblauen Augen.
926 2662 2576 2843 Gand: Haben Sie den nicht erkannt?
953 2769 2528 3021 K1: Ich wüsste wirklich nicht..
2137 2896 2433 3003 werker.
959 2923 3347 3134 Gand: Nun es ist auch kein Portrait, sondern eine
938 3086 3306 3270 Studie nach der Erinnerung, Denken Sie doch einmal
923 3238 1896 3475 nach, gnädige Frau.
959 3353 2211 3597 Kl: zuckt die Achseln
979 3582 3134 3733 Es ist doch der alte Herr, der heuer im
