3448 4184
2898 437 3026 561 10
2947 535 3098 613 my
859 581 3173 836 Frühjahr in Territée bei der t/able d'hote Jhnen
850 752 3023 978 gegenüber sass. Ihr Herr Gemahl sprah manch -
865 917 2569 1108 mal mit ihm. Erinnerw Sie sich nicht,
894 1041 3083 1293 Kl: Der Alte, dem seine Nichte im Park vorzu
868 1169 3057 1440 lesen pflegte? Aus einem riesigen Folianten.
879 1386 1782 1571 Gand; Ja. Derselbe.
897 1493 3017 1767 Kl Freiich, freilich. Jetzt ist mirs sogar,
874 1623 3046 1880 als, wenn ich die Pank wieder erkannt hatte und
876 1897 1331 2074 den Bauh.
911 1935 3228 2245 Gand. Und jetzt bin ich neugierig gnädige Frau,
931 2083 3141 2337 wann Sie sich endlich entschliessen werden,mir
885 2247 2956 2522 zu dem oft besprochenen Portrait uu sitzen.
885 2435 2285 2696 Kl: Nun ich hinndoch schon;
900 2545 3026 2864 Gand. Ach die Skizze, die ich damals am See
914 2661 3179 2959 gemacht hab, die gilt nichts. Das x sind über.
917 2843 3083 3098 haupt nicht Sie. Das ist eine ganz andre, die
920 3072 2054 3269 ich damals gemalt habe.
931 3081 3234 3465 Kl: Schon möglich, Vielleicht liegt es auch nur
934 3248 3266 3555 daran, dass damals Frühling war. Im Frü Hling seh
943 3529 2005 3775 ich immer anders aus.
