3416 4232
2880 536 3017 646 60
777 679 3000 920 Du bist mir nicht bös. Ich hab nur Besorgungen
789 849 2860 1081 in der Stadt gemacht und bin also bei Demel
783 971 3059 1206 gewesen, auf einen Sprung ar ich übrigens auch
789 1150 3184 1352 bei der Mama vorher, sie lässt Dich grüsen Franz..
801 1293 3020 1495 und dann wollt ich in die Magdalenenstrasse zu
801 1406 3056 1689 Jäger, wegen der Petiere in Deinem Schlafzimmer
801 1597 3190 1850 weiss Du und auf dem Weg hin traf ich den Doktor,
801 1766 2994 1957 Das heisst er fuhr im Wagen an mir vorbei. Da
819 1865 3217 2166 fiel es mir erst ein. Sonst hätte euer Tete à tete
822 2034 3101 2323 bis in alle Ewigkeit dauern können. Aer es gibt
834 2264 1847 2452 Winke des Schicksals.
837 2422 1811 2654 Gand: Ja zweifellos.
828 2463 3113 2785 Kl: Vorübergefahren? Hat er Dich auch gesehen?
900 2603 3122 2919 Berta: Natürlich wir haben uns auch gesprochen
867 2788 3068 3029 Er hat den Wagen halten lassen. Und ist ausge-
873 2860 3107 3166 stie en. Und hat mich begleitet.Und hat den Wa
885 3154 1957 3336 gen nachfahren lassen.
891 3283 1769 3482 Gan: Bis zu Jäger,
900 3321 3107 3679 Berta: Nein, ach nein. Ich bin auch nicht mehr
906 3542 2940 3765 hingegangen. Als mir einfiel dass wir ja.
