3512 4168
2974 460 3093 689 2
669 589 2960 841 Im Hause des Arztes Dr. Godeck. Kleiner Salon.
583 752 3238 967 2 Fenster rückwärts mit Blick auf die Strasse. Klavier
1003 934 1212 1033 vorn
666 937 3248 1106 links hinten. Vorne rechts Kamin davor kleiner Tisch
666 1070 3146 1245 und Sessel. Divan am Klavier. Zwischen den Fenstern
699 1179 3136 1414 grosse.Spiegel, darunter Marmerkonsole französische
2099 1351 2268 1450 vor
649 1417 2861 1599 Uhr und Armleuchte. Türe links ins Vorzimmer,
642 1490 2997 1715 Linsk hinten und rechts hinten gleichfalls Türen.
2609 1563 3126 1732 wohl zu R.S.
907 1656 1871 1755 lückt zu Philipp, Admel.
685 1702 3129 1848 Klementine am Klavier spielt eben irgend etwas von
1172 1818 2543 1940 thil. Godcet (31 Jans seinen Ei immer
599 1828 990 1947 The man.
642 1805 3083 2073 Chopin,. Dr. kommt von links hinten. Unbemerkt von
2897 1937 3020 2030 l
2159 1947 2560 2063 hinte chr
632 1987 3036 2222 seiner Frau. Bleibt eine Weile/stehen. Endlich
632 2103 3212 2351 rührt er ihre Stim. seine Hand auf die Haare
798 2305 1119 2427 apent)
669 2275 3258 2540 Kl: Ich hab Dich ja gar nicht eintreten gehört. Schon
626 2477 1583 2715 aus, die Ordination?
639 2553 2103 2831 Philipp: Ja, mein Kind.
613 2732 3103 2970 Kl: Trinkst Du noch den Tee mit mir? I aufstehend
1308 2897 1894 3023 (hast april S. Uhr)
613 2954 3106 3146 Ph: Danke Schatz, ich bin heut hoffentlich früh zu
616 3152 944 3334 Hause.
649 3209 3139 3477 Kl.: Das sagst Du so. Dann wirds doch wieder neun.
675 3368 3050 3636 Ph:  Was machst Du denn heute noch? Eigarette
