3480 4152
433 657 3155 863 Diener (tritt ein) Herr Gandolffrägt ob die gnädige Frau
856 816 1716 1005 zu sprechen sind.
2752 870 2935 961 met
2166 897 3294 1097 Herr Gandolf? Und Frau
1225 965 2109 1117 höchst überrascht
850 978 1053 1120 Kl:
904 1144 1330 1317 Gandol pl?
856 1256 2573 1479 Diener ; Nein, Herr Gandolph allein.
897 1408 2055 1628 K1: Ich lasse bitten.
856 1611 1368 1818 Diener (ab.
914 1645 3334 1943 Kl: (Das ist doch) sonderbar. verbirgt den Brief
860 1879 1885 2112 rasch in der Blouse.
917 1997 3114 2265 Gandolph (tritt ein. etwa 33 Jahre, sichtlich
870 2139 3206 2390 erregt, beherrscht sich, spielt den Unbefangenen
911 2370 1290 2573 eitern.
921 2451 3155 2667 Gand: Guten Abend, gnädige Frau. Ich störe
883 2613 3104 2857 Sie hoffentlich nicht. nimmt i###re Hand.be
883 2684 3304 3016 merkt den Hut auf dem Klavier. Oh, Sie wollen fort
941 2975 3175 3311 Kl: ich hein. Ich hab ihn eben probiert, Bitte
883 2979 1344 3172 gehen.?
907 3158 3317 3429 setzten Sie sich doch. Dass man Sie endlich wieder
911 3429 1571 3588 einmal sieht.
