3480 4168
3094 490 3184 586 8
883 624 3184 862 Gand: setzt sich an den Kamin Ja... nun wie
862 806 2925 1020 gehts Ihnen ###nädige Frau? wie gehts Innen?
865 930 3112 1177 K1: hat sich auch gesetzt Danke, gut. Und
874 1073 3201 1338 Ihnen? Was treiben Sie denn immer? Und wie gehts
874 1305 1195 1442 Berta?
927 1376 3252 1605 Gand. Sehr gut. Ich bringe Ihnen Grüsse von ihr.
913 1546 3273 1772 Eigentlich hatten wir die Absicht zusammen herzu
868 1778 1243 1929 kommen.
907 1792 3302 2099 K1: So? sich beherrschnd warum ist sie nicht
877 2063 1540 2238 mit Ihnen da?
948 2143 3118 2390 G.and: Ich war einwenig upünktlich, Ich habe
880 2286 3184 2521 mich im Atelier verspätet und... als ich hinunter
877 2417 3121 2684 kam fand ich Perta nicht mehr zu Hause. Sie hat
892 2654 2066 2839 also offenbar vergessen.
892 2717 2883 2952 Kl: Nicht sehr schmeichelhaft für mich.
942 2868 3210 3157 Gand : Ach es war so beiläufig mittags davon die
2574 2967 2851 3082 später
895 3065 2883 3299 Rede. Vielleicht kommt sie auch nach her.
898 3145 3264 3409 Kl. Sie war schon so lange nicht bei mir. Vier;
916 3323 3198 3588 zehn Tage mindestens. Sie sind wohl sehr in An
936 3528 2051 3769 spruch genommen leide?
1263 3742 1406 3864 dans le
