3464 4200
2999 493 3129 605 37
1581 650 3149 786 der sie empfängt, zu einem gemei-
1561 818 3188 963 nen Menschen! Alles wiihlen sie in
1593 986 3140 1102 einem auf, man entdeckt Dinge in
1570 1124 3192 1322 sich, von deren Vorhandensein man
1568 1299 2972 1436 nichts geehnt hat: Mistrauen,
1564 1463 2486 1602 Angst, Rachsucht.
1261 1606 3046 1752 Klem: Sie sollten hingehen... Nun
1577 1756 3062 1879 ja. Wenn Sie's heute nicht tun,
1528 1913 2737 2065 gehen Sie ja doch morgen.
1378 2050 3035 2220 Gand: Nein. Ich werde weder heute
1557 2206 3091 2341 noch morgen dorthin gehen. Aber
1564 2372 3042 2529 keineswegs wera' ich zu Bertha
1570 2556 3073 2657 eine Silbe von diesem Briefe re-
1561 2652 2845 2804 den - und auch Sie sollten
1564 2845 3087 2997 schweigen, Klementine... vorläu-
1564 3037 1770 3205 fig.
1362 3080 3078 3304 Klem-: ich habe meinen Gatten noch
1555 3320 2876 3456 niemals etwas verheimlicht.
1331 3488 3134 3631 Gand: Dies ist aber ein ganz besonde
1564 3595 3167 3837 rer Fall, und damit, dass Sie von
