3496 4168
2952 470 3087 594 49
1608 614 3042 789 .. oder eines Schurken - - Es
1573 804 3173 972 ist nicht wahr, dass etwas in uns
1571 959 3168 1082 geschlummert hat - wie Sie früher
1608 1084 3057 1252 sagten- Ahnungen, Mistrauen...
1558 1230 3070 1401 All das ist von diesen schmähli-
1569 1377 2963 1599 chen Worten hineingetragen.
1368 1602 2974 1696 Gand: :als beachtets er all kas
1549 1735 3007 1864 nicht im geringsten. Mit einer
1549 1905 3166 2030 Handbewegung, die alles, was Klem
1560 2012 2967 2181 eben gesagt hat, wegzuwischen
1547 2128 3149 2395 scheint: Und das Seltsamste von
1547 2362 3022 2524 allem war ein Abend im Hochsem-
1534 2489 3022 2648 mer.... ein sehr schwüler, bei-
1527 2668 3146 2808 nahe Mumpfer Abend, an dem wir im
1523 2834 3111 2948 park von Neuwaldegg spazieren ge-
1540 2976 2707 3164 gangen sind -(wir alle)
1337 3164 2030 3293 klem: :nickt :
1289 3275 3044 3435 Gand: Wissen Sie noch?... Ueber der
1527 3463 3101 3607 Wiese zu unserer Rechten lag ein
1540 3572 3039 3808 grauer Dunst, wie ein Teich sah
