3416 4168
2808 470 2941 609 63
863 675 3114 802 Und im Haustor hah ich mir den Volant notd체rfit
1455 756 2170 875 (Aes heb ik was en)
863 785 1963 987 fest gesteckt.. Ach Gott.
857 958 3054 1129 Stubenm채dchen kommt mit Nadel und Zwinn, kniet
843 1114 2398 1313 sich zu F체ssen(Bertas und n채hnt)
2615 1235 2906 1411 Rein
903 1296 1596 1460 Kl: Was denn.
903 1351 3210 1556 Berta: Nicht bei Demel hab ich Frau gesehen.
846 1559 3059 1758 nein, dort, gerade wie ich aus dem Haustor he-
898 1671 3126 1847 raustrat, da ist sie ehen vorbei gegangen. Ach
849 1789 3022 2038 ick dank Ihnen sahr, ich dank ihnen sehr, nur
854 2029 1723 2196 ein paar Stiche...
828 2064 3155 2401 Blick zwischen Klementi###e und Gandolk, Gandolf
2248 2231 2612 2329 verselt
1755 2274 1931 2375 not
846 2321 2577 2569 gibt ihr ein Zeichen ruhig zu sein.
