3496 4184
2834 461 2970 603 53
901 612 3298 826 wir haben nichts gehört. Es könnte sich vielleicht
862 790 3045 980 gerade an diesem Abend entschieden haben, oder
868 950 2912 1131 es war bereits entschieden an dkesem Abend.
862 1103 1758 1290 Kl: Nei n, nein...
871 1227 3157 1459 Gand: Warum nicht? nichts, gar nicht wissen wir
874 1315 3304 1595 von den andern.. wir wissen ja kaum etwas von uns..
859 1523 3078 1731 Und wenn es auch zufällig nicht wahr ist, dass
874 1670 3223 1893 in diesem Augenblick hinter einem gewissen Fenser
886 1824 3033 2056 mit gelben Vorhängen ein Licht schimmert oder
886 1978 3099 2213 verlöscht ist, dass in einer halben Stunde ein
898 2089 3130 2358 Herr mit heraufgeschlagenem Krage und eine ver-
914 2294 2979 2521 sch leierte Dame aus einem Haustor treten.
926 2421 3142 2671 wer sagt uns, dass nicht anderes wahr sein mag.
971 2551 3127 2825 irgendwas das in keinem Briefe steht, ja dass
950 2665 3353 2955 in keinem Brief geschrieben sein kann.. und beinahe
986 2819 3145 3127 glad so viel bedeutet, oder mehr, als ein Zu
959 2967 3096 3256 samensein hinter xxx. herabge
956 3244 1893 3437 lassenen Vorhängen.
986 3196 3268 3579 Kl: Warum sprechen Sie so (Weil) ich es geradeso
1007 3404 3244 3721 weiss wie Sie, dass irgend etwas seine Macht zu
