3384 4120
2895 474 3019 639 66
2966 627 3172 744 ich
806 665 2872 815 Ph-- Gew.n. zündet sich eine Eigarette an
818 803 3019 992 darf doch? offeriert vorher Sandolf eine und
877 1012 1624 1171 gibt ihm Feuer.
868 1100 3016 1301 Berta: Wissen Sie schon was die zwei da unter
2180 1198 2419 1306 en dolf
821 1230 3034 1474 dessen ausgehe### haben.. Fränz wird Klementine
821 1477 1530 1665 portraitieren.
871 1621 1289 1768 Ph- So?
877 1683 2945 1910 Gand: Ja ich habe die gnädige Frau gebeten.
824 1810 3060 2051 Ich hoffe Sie werden Ihre Zustimmung nicht ver
892 2119 3260 2366 Berta: Ihr sagt euch noch sie. Nein diese Männe
839 2110 1254 2304 weigern.
862 2227 3101 2542 sind so was schwerfälliges. Wir haben schon in
844 2425 2410 2651 Territet Bruderschaft getrunken.
865 2510 3034 2831 Gand: Und übermorgen werden wir zwei es tun.
874 2801 1948 3007 Ph- Ja einverstanden.
871 2895 1804 3107 Die kinder herrein.
933 3034 3143 3249 Puh- Ich habs ja gewusst, dass der Papa da ist
883 3178 2763 3440 Ph- (er bleibt aber noch nicht zu Haus.
897 3266 3207 3616 Berta: Na Fritzel wie gehts Dir denn? raschzu
897 3546 2160 3728 Philipp sie ahnen nichts.
