3416 4200
1629 295 1735 407 G.M.
1571 389 1957 520 de votre remercier
1632 474 1732 562 " "
3042 553 3182 665 26
848 726 3172 909 Kl.: Un heute wollten Sie mit ihr zu mir. kommen?
869 878 2495 1061 Gand Ja ich sagte es ihnen schon.
851 1036 3057 1209 Kl :- Und sie war fort, als Sie aus dem Atelier
851 1191 2164 1328 hinunter kamei Sie abholen.
851 1291 3148 1547 Gand: Ja sie geht häufig schon um vier vom Hause
848 1453 3133 1632 weg. Und dann wir bei Tisch nur beiläufig davol
1437 1583 2793 1680 ist es sehr möglich, dass né
848 1595 3224 1762 sprachen so hat sie wahrscheinlich vergessen hat.
845 1753 3288 1933 UebHigens auch, wenn wir uns nicht irgendwo treffen
2203 1851 2723 1975 genesen ist
851 1908 3030 2082 erzählt sie mir abends wo sie war. Ueber jede
851 2063 3121 2255 Viertelstunde gibt sie mir Reschenschaft. Nicht
845 2227 3209 2398 als ob ich sie fragte. Es ist wie eine Gewohnheit
854 2388 3036 2635 zwi sczen uns geworden. Und das kann ich Ihen
860 2507 3106 2726 schüwren solange ich Ber a kenne, keine Lüge...
899 2650 3121 2905 ach Lüge will ich lieber gar nint sagen, keine
860 2796 3081 3060 Ausflucht, keine Ungenauigkeit hat sie sich je
866 2942 3087 3179 zu Schulden kommen lassen. Unsinnig sind diese
878 3078 3014 3361 Briefe. Und der der sie geschrieben hat häte
884 3264 3139 3492 seinen Spass daran, wenn er Sie oder mich, oder
887 3425 3160 3677 uns beide in der Waaggasse herumspazieren sähe,
890 3646 1486 3801 heute Ahend.
