3432 4200
2816 416 3052 673 45 a
1005 652 3017 856 Bei Ihrem ersten Besuch sprachen Sie gar
795 705 938 795 Kl
845 743 2741 952 nicht davon. Es fiel mir ein wenig auf.
804 947 3102 1098 Gand: Nein, von dem Pild wurde nicht gesprochen,
848 1083 2977 1276 auf diesem Tag. Ich glaube wir alle ein wenig
804 1215 2656 1404 befangen bei diesem ersten Wiedesehen.
1081 1360 3067 1549 Ja, wenn man sich nach alchen Tagen eines
786 1456 987 1590 Kl:
804 1552 2991 1704 unserwungenen Beisammenseins auf dem Land zum
804 1698 2974 1858 er stenmal wieder dahcem bege net,.. man muss
2662 1777 2831 1879 ev
801 1800 3084 2039 sich wahrhaftig hineinfinden, allmählich Sie wa-
801 1986 3146 2208 ren geradezu ein anderer anfangs als am Gefersee.
