3528 4168
727 640 2216 762 Gehst Du vielleicht spazieren.
1001 820 1386 921 Mein..-
672 820 820 917 the
643 820 3236 1076 Aus dem Vorzimmer die beiden Kinder, mit dem Fräulein
656 1111 1166 1266 Sehr laut.
720 1166 2997 1392 Die Kinder. Guten Abend Papa, guten Abend Mama.
678 1386 2103 1541 Ph: Wo wart ihr denn Kinder?
724 1499 3030 1686 Bub: sech's Jahre Jm Volksgarten waren wir.
659 1731 1864 1848 K1: Ists schongewesen?
672 1731 3236 2003 Pub: O ja. Und den Maxl haben wir getroffen und die
682 1961 2484 2167 Berta, aber sonst lauter fremde Leut.
672 2048 2881 2326 Ph:  zum Fräuleip sind sie brav gewesen?
714 2154 930 2238 at
720 2271 3107 2468 Mäderl: funf Jahre ich bin brav gewesen, aber
727 2503 1508 2623 der Fritz nicht.
682 2590 2051 2778 Ph: Was hat er denn getan?
685 2775 2245 2988 Maderl: er hat den Maxl geboxt.
698 2742 3104 3078 Bub: Was erzählst Du denn das? Der Maxl hats sehr
675 2985 3214 3266 gern, wenn man ihn bort. So hab ich ihn geboxt.
694 3269 1754 3463 boxt seine Schwester '
727 3236 3207 3556 Das Fräulein(hat den Kindern die Ueberkleider ausge-
688 3614 1050 3815 zogen.
