3480 4232
3061 478 3199 604 56
871 637 3202 778 nicht es kann ja vergessen sein wie ein Traum
2598 724 2854 829 ine de
856 763 3055 988 Gut denn es hat uns alle gestreift, dieser Flü
871 949 3151 1099 gelschlag irgend eines Vogels hoch über uns Es
877 1111 3289 1235 braucht doch nicht mehr zu bedeuten, als das Wehen
862 1244 3232 1418 eines Winds. Längst ist die Luft wieder ruhig, un
877 1358 3094 1553 bewegt, vielleicht auch über ihnen den andern
859 1535 3154 1733 Gand: Wir beginnen zu gleiten ohne e a wissen
874 1700 3157 1859 und zu lügen ohne es zu wollen. Ein Zufall kann
883 1841 3145 2031 ja aufhalten auf dem abschüssigen weg, aber das
877 1982 3064 2163 Gesetzt heisst: weiter gleiten. (Nicht weil es
883 2136 3199 2331 in diesem Briefe steht kann es wahr sein, nein,-
406 2088 823 2304 ne toutes
892 2265 3196 2496 weil alle jenen andern Dinge geschehen sind, die
369 2271 685 2427 sul
384 2373 817 2541 de vrais
886 2433 3145 2640 wir kaum fassen können. Nein, auch wegen dieser
889 2538 3151 2787 andern Dinge nicht, sondern weil er ein Mann ist
255 2553 565 2739 Sie seu
892 2682 3277 2938 und sie ein Weib, wie wir, und beide jung, wir wir
303 2715 619 2905 n ou
895 2887 3259 3103 und weil es einen Augenblick gegenben hat, in dem
910 3052 3190 3262 sie beide unbewacht, unbehütet, unbesorgt waren
904 3154 3238 3454 wie wir, darum ist es wahr, was in diesem Briefe
919 3325 3121 3580 steht, auch wenn jede Silbe darin gelogen ist.
916 3541 2415 3740 Es schlägt dreiviertet sieben.
