3448 4200
2859 522 2977 747 27
1105 725 2379 938 Wer kann es denn nur sein?
819 819 977 1005 Kl:
826 862 3081 1165 Gand: Wie soll man das wissen. Irgendein Schuft,
862 1026 3102 1223 irgendein.. vielleicht einer, der weiss, dass
1524 1190 1863 1299 were
819 1187 2999 1481 wir in Herritet zusammen gewesen sind, Oder
829 1305 3272 1566 einer der uns im Sommer begegnet ist, uns vieren...
835 1518 2989 1724 Oder irgend einer, der unsbeneidet, mich oder
871 1627 3229 1885 Ihren Mann, Vielleicht eine Frau, deren Namen wir
832 1806 3008 2021 nicht einmal kennen, in Kollege von mir oder
841 1952 3169 2191 von Philipp. Oder irgend eine Freundin von Ihnen
898 2118 2100 2395 oder meiner Frau. Oder...
1150 2225 3114 2464 ihn unterbrechend 1m Institut wo ich er
886 2392 3169 2625 mogen wurde, da war ein junges Mädchen in meiner
835 2386 1135 2501 Kl:
850 2522 3002 2768 Klasse, ein halbes Kind, dreizehn Jahre,
914 2677 3305 2953 das an der Marie litt anonyme Briefe zu schreiben
877 2804 3044 3087 Und durch einen Zufall ist man dauf gekommen.
