3544 4152
2910 560 3029 664 21
1368 600 3137 841 er geholt wird. (:Lächelnd:) Ich
1472 874 3064 1063 wüsste wahrhaftig nicht, woher er
1467 1030 3093 1167 zwei Stunden Zeit nehmen sollte...
1465 1136 3175 1352 Nein, nein. Gerade als ich nach Haus
1496 1352 2985 1540 kam, war or fort gegangen. Dann
1463 1394 3058 1659 macht er seine Besuche.) Jetzt ist
2813 1560 3122 1679 Virekte
1635 1577 2131 1699 in the Gasse
1478 1655 3071 1794 er (nochst wahrscheinlich) bei Berg-
1408 1769 3087 1928 mann — Leute, die Sie nicht kennen.
1405 1966 3106 2138 Die Frau hat Langsnantzlimaung. (Bei
1454 2078 3060 2312 Tisch hat er daen gesprochen.) Von
1454 2272 3062 2449 dort geht er (jedenfalls) zum Baren
1441 2403 3168 2592 Morpurge; das ist ein alter Herr von
1452 2577 3058 2782 dreiundachtzig Jahren, den er täg-
1447 2705 3139 2892 lich besucht. Im halb sieben ist er
1441 2897 3016 3029 im Sanatorium, um acht in der Ge-
1405 3042 3069 3179 sellschaft der Aerzte. Und um neun,
1454 3170 3113 3336 spätestens halb zehn kommt er nach
1432 3307 3049 3504 Hause. Tag fiir Tag ist das se.) Er
1430 3468 3087 3638 macht fünfzehn bis zwanzig Besuche
1463 3618 1906 3817 teigled
