3480 4152
2964 493 3050 662 6
662 669 2791 851 Bub (an der Tür) Also dürfen wir dann kommen?
2821 772 2940 924 nt
2175 778 2778 1026 Frl. Runde
623 811 2182 987 Kl :. Ja, ich hol euch schon.
623 964 2930 1199 Kl: (allein liest weiter, lässt dennBrief sinken)
642 1162 3301 1354 steht auf, will in ihr Zimmer, Rein was will ich denn..
2308 1242 2626 1338 Corverle
642 1281 3285 1477 es ist doch vollkommen. (sieht auf die Uhr, halb sechs,
636 1464 3070 1666 liest nochmals am Fenster, betrachtet das Kouvert.
2139 1503 3285 1685 wendet es nant alle dat
629 1603 1887 1788 Es ist ja... (sie klingelt)
662 1768 1285 1964 Diener (kommt
646 1864 3146 2083 Kl.: (harmlos) in Dienstmann hat den Brief gebracht?
1368 2043 2036 2252 gnädige Frau:
609 2123 1162 2248 Diener. Ja.
1719 2106 2513 2285 worde ist, heil
848 2209 1295 2315 Tis we'n a
599 2169 2927 2397 Kl: Wer ihn geschickt hat, sagte er nicht
656 2368 2672 2563 Diener. Nein, er sit gleich wieder fort.
593 2513 1573 2755 Kl:-So. Gut. Danke.
606 2679 1149 2894 Diener (ab.
599 2778 2891 3056 Kl: Es ist doch... nein; (sie geht rasch in ihr
2374 2851 3146 3017 Lentt vant, de Hu
603 2970 3152 3219 Zimmer und kommt mit ihrem Hut zurück. legt ihn dann
623 3076 3235 3328 wieder ab aufs Klavier.) Nein, was mach ich denn, Ich
619 3281 3040 3424 bin ja verrückt. Da hätten ja die Leute recht, die
672 3255 3288 3579 solche Briefe schreiben. (Sie will den Brief zerriasen),
