3480 4168
2966 250 3051 400 57
958 305 1543 539 auf die Hire
666 390 3278 676 flüchtig adneu Schatz (ab.) kl. (schlut auf die Linsau
669 604 2869 841 Bub (zum Mäderl) Wenn ich ein Kammeel bin bist
656 799 1439 984 Du ein Drometlar
663 767 3151 1131 Mäderl: Eine Dame kann ja kein Dromadar sein. Eine
666 1046 2596 1283 Dame kann höchstens eine Elster sein.
669 1170 2810 1465 Fr:  kommt Kinder euer Cacao wartet.
682 1407 2138 1598 Bub. Warten auch die Biskoten?
659 1511 2599 1728 Mäderl:.Mama kommst Du mit uns hinein.'
656 1660 2862 1862 Kl:- Jetzt trinkt euern Kakao dann komm ich.
669 1774 3106 2092 Bub: Oder wir kommen in den Salon und Du spielst
682 1965 2053 2180 uns Klavier vor, wie gestern.
669 2115 3047 2417 Diener (tritt)ein, bringt einen Brief. Ein Dienst
669 2333 1810 2518 mann hat ihn abgegeben.
669 2502 1754 2648 Kl: Ist eine Antwort.
679 2573 2846 2797 Diener. Nein gnädige Frau, er i't schon fort
728 2693 2826 3005 Kl:- betrachtet harmlos das Kouvert, offnet
737 2966 1572 3145 Fr: Kinder also.
689 2979 3184 3307 Die winder (stehen noch bei ihrer Mutter) Klementine
718 3161 2251 3457 (liest, ihre Züge verändern sich.)
744 3297 3080 3577 Fr.: Also Kinder. (mit de Rende bei der Hand
747 3479 2872 3723 Das Fräulein mit den vinder ab. zur Theil
2160 3616 3005 3850 wil et vers
