3464 4200
2927 477 3058 636 48
844 663 2244 915 Bub und Mädel stürmen herein.
844 876 1480 1012 Mädel: Mama
894 924 3096 1143 Bub. was ist denn Mma Du hast uns doch gesagt,
897 1146 2072 1305 dass Du uns holen wirst?
847 1228 2969 1477 Kl: Nun könnt ihr nicht guten Abend sagen?
858 1456 1797 1622 Kinder: Guten Aben.
858 1598 2448 1773 Gand: Kensst Du mich noch Fritzl?
861 1752 2412 1930 Bub— Ja Söe sind Herr Gandolph.
864 1888 2688 2164 Gand: Tante Derta lässt euch grüssen.
864 2039 2475 2247 Bub Warum ist sie denn nicht da?
935 2152 2702 2436 Gabd: ktwird recht bald wiederkommen..
867 2273 3256 2631 Kl: Nun Kinder geht in euer Zimmer, ich ruf euch
888 2590 1166 2714 schon
926 2682 1486 2859 Kinder (ab.
944 2821 2045 3040 Es schlägt halb sieben.
915 2981 1696 3223 Gand: steht auf.
903 3031 3052 3312 Kl: Aber kommen wir zur Besinnung. Es sind
1883 3001 2149 3155 doch
918 3191 3259 3454 anonyme Briefe, Briefe von der Hand eines Kindes.
