3512 4152
680 303 1034 427 Mais elle est eu de ses ami
2830 464 2992 661 19
1384 701 3074 886 zeugt bin, dass dies mit Ihrem Ein¬
1316 879 3013 1039 verständnis geschleht, habe ich es
1398 1013 3142 1198 für richtig gehalten, von diesem bä-
1337 1180 2983 1360 stand in Kenntnis zu setzen.“...7
1433 1353 3049 1529 Sie lässt die Hand mit dem Brief
2171 1435 2279 1545 k
1386 1508 3046 1637 sinken, schaut Gændelph gerade ins
1864 1609 2087 1714 Rey
1388 1665 2476 1815 Gesicht: Nun und — 7
1198 1822 3084 1991 Gand: Vor einer Stunde hab' ich ihn er
1332 1979 3023 2136 halten.... Nun, was sagen Sie, gnä-
1388 2103 3114 2303 dige Frau? - Das Interessante an der
1391 2307 2910 2439 Sache ist ja nur, dass es Leute
1346 2436 3100 2603 giebt, die fähig sind, solche Briefe
1393 2598 2057 2772 zu schreiben.
1243 2730 3046 2905 Klem: Und was das Allermerkwürdigste
1391 2889 3072 3088 ist: die gleichen in doppelter Fas-
1358 3070 2910 3238 sung, mit kleinen Veränderungen.
1259 3238 3098 3384 Gand: :nimmt den Brief, den ihm Klem.
1351 3360 3056 3539 reicht: "Werte Frau! Falls Sie...
1447 3510 3100 3684 :Durchfliegt den Brief: Wörtlich
1407 3621 3119 3818 das selbe! :Er sitzt auf einem der
