3336 4120
2842 370 2960 538 67
742 606 1553 813 absoklut nichts.
793 801 1718 952 Ph-- Gott sei Dank-
754 864 3082 1112 Ph— Also auf Wiedersehen. Adieu Gandolph, adieu
760 1003 3094 1292 Schatz., adieu gnädige Frau. er geht vom Buben
763 1281 1426 1491 begleitet.
772 1334 2538 1650 Berta ist mit dem Mäderl beschäftigt.
784 1485 2609 1715 Gand: zu Klementine Morgen um elf.
769 1704 1999 1878 Kl: Ja- Seien Siedlein.
793 1760 2810 2070 Gand: (nimmt ihre ward und will sie küssen).
790 1952 2694 2265 Berta (wendet sich nach ihnen um. ) Oh...)
796 2194 1931 2443 Gand: 1. (lacht kurz auf.
813 2339 1887 2555 Kl :: bleibt unbewegt.
813 2369 3040 2674 Berta: nun geniert euch nicht, ich habe nichts
825 2517 3040 2836 gesehen. Ich werdes Philipp nichts sagen. Aber
834 2662 3218 2984 seid vorsichtig. Er ertrüg es nicht. ich kenn ihn
896 2984 1346 3209 sie geht.
