3528 4136
2917 524 3172 685 18b
1319 739 3070 941 überzeugt bin, dass dies mit Ihrem
1299 879 3108 1117 Einverständnis geschieht, habe ich es
1288 1058 3073 1247 für richtig gehalten, Sie von diesem
1319 1189 3050 1365 Umstand h###te in Kenntnis zu setzen.
1263 1347 3088 1526 Umsomehr als Sie heute vielleicht das
2459 1511 2635 1600 all
1306 1536 2978 1677 letzte Mal Gelegenheit haben, sieh
1263 1651 3321 1858 persönlich von der Richtigkeit dieser
1232 1784 2909 1989 Mitteilung zu überzeugen. Denn die
2007 1945 2462 2053 begonnbete
1230 1996 3034 2124 beiden, in der richtigen Ahnung, dass
1212 2129 2942 2308 man ihnen auf der Spur ist, treffen
1207 2285 3006 2454 heute zum letzten Male am angegebenen
1209 2423 2945 2597 Orte zusammen, und es ist mir bisher
1191 2610 2855 2776 unbekannt, wohin das Pärchen seine
1227 2735 2894 2904 fernern Zusammenkünfte zu verlegen
1173 2889 2927 3065 gedenkt. In vollkommener Hochachtung
1541 3050 3021 3223 Jemand, der es Ihnen gut meint."
