3448 4200
2991 543 3117 696 61
846 659 3090 901 dass Du mich sicher bei Frau Klementine u warten
843 877 3258 1070 wirst.Der Doktor lässt Dich übrigens schongrüssen.
889 1011 3022 1198 Und wir sollten bei der Gelegenit wieder mal
1532 1156 1983 1275 Einen Abend
846 1143 3034 1370 was besprehcen. Ein Theater, oder Restaurant,
898 1303 3304 1520 oder besser noch xxxe uns, wenn es euch bequem ist.
852 1425 3322 1723 Kl: Es ist wirklich unglaublich wie wenig man sich
864 1689 1168 1867 sieht.
913 1781 2844 1977 Gand: Das muss aber jetzt anders werden.
910 1897 3007 2155 Kl: Wir haben uns heben an die schönen Tag
874 2149 1882 2302 in Territet erinnert.
889 2167 2991 2461 Perta:-Ach ja, wundervoll war das. Wir wälen
886 2345 3289 2618 übrigens nach Ragusa heuer im Frühjahr. Da misstet
886 2593 1254 2771 ihr mit
941 2618 2930 2906 Kl: Mein mann wird wohl diesmal nicht so
901 2811 2121 3050 leicht wieder weg können.
956 2915 3093 3227 Berta: Aber es muss gehen. Gott dass ist er
962 3050 3246 3329 doch sich und Dir und den Kindern schuldig. Man
910 3237 3065 3537 ist doch nicht nur da, um den LeutenArme und
944 3442 1916 3669 Beine abzuschneiden
