3496 4168
2891 471 3090 613 22%
830 489 935 661 De'
842 616 3045 785 Ich darf jeden Brief öffnen, der an ihn kommt
1346 733 1786 866 a verlant
851 775 3120 932 vielmehr ich, muss es tun. Zuweilen begleit ich
884 951 3030 1135 ihn, Sie wissen es ja, wart auf ihn im Wagen
833 1056 3069 1270 während er bei seinen Kran###n ist. Er ist so zu
839 1234 3096 1424 mir, wie immer. Nichts hat sich zwischen uns ge
890 1394 3024 1566 ändert. Beim Nachtmahl plaudernwir über tau
845 1548 3183 1753 send Dinge, ber alles. Der xxxn sitzt schon manch-
839 1660 3165 1895 mal mit dabei, wenns nicht gar zu spät wird. Das
833 1841 3259 2043 wird heute sein wie gestern und wie es seit Jahren
839 1989 3078 2203 ist. Nichts hat sich geändert in diesen sieben
854 2112 3087 2375 Jahren unserer Ehe, so gut wie nichts. Und ein
860 2284 3075 2502 solcher nichtswürdiger Brief sollte die Macht
869 2411 3244 2658 besitzen diese sieben ungetrübten Jahre zu einem
899 2556 3292 2791 Traum, zu einem Wahn, umzuwandeln, mich aus meinem
863 2704 3196 2951 Haus zu jagen, auf Wege die ich niemals gegangen
887 2830 3238 3084 bin? Nein so tief werde ich mich niemerniedrigen.
1829 2993 2326 3099 men sie
917 2999 3168 3220 Niemals. Aber es scheont ja, Sie hatten Lust zu
875 3144 3238 3383 diesem Spaziergang, ich halte Sie nicht auf. Oder
2091 3283 2378 3383 dap
881 3310 3084 3521 wollten Sie mich vielleicht abholen zu diesem
893 3446 3199 3660 Spasiergang? Es scheint beinahe. Nun, ich danke.
2028 3600 2161 3763 toutes
884 3615 1925 3847 Gehen Sie nur allein.
