6952 4840
4348 59 4618 269 voors
3880 244 5725 450 bescheidt
3658 336 6626 757 Tm accosk kan an giunt jn d Resnts
3643 709 5958 997 Postici et Latirales Remorens
3625 919 6511 1366 thyr at iut et atrops aarh hvosnand
3643 1163 6434 1735 der gleichseit Rei; bei junge Händen Bleibt
3621 1469 5792 1857 der Stimme und in Wachstheim zurück
3617 1801 5039 2122 Inberangt Nei.
3610 2034 5448 2385 Cricolhyr Len. sup.
3636 2252 6271 2628 Theer - go is any - up Rennbert O
3684 2521 6541 3008 Gemo Cpiglott atropt van schrifft
3713 2850 6401 3304 it. Lar. sup. Laing, Rpharyra
3739 3156 5563 3610 in Rphar hygrylossi
