6920 4760
3937 180 5812 495 Fürst des Presseurs
3895 410 6330 828 Rinaientum et Restkorfs.
3711 690 4558 1089 Garel (Lym)
3719 797 6422 1303 Dit 6. d. f. Z. Gel. für. bl u. Lar. T.H T. H.
3527 1139 6609 1599 i 7 y. Krecker apopl. Anfall. Sterlust den Bernfst
3638 1449 6460 1833 seins. R. S. Hemplegie R.S. Fac. paralye.
3703 1702 4378 1940 lephane.
3707 1725 6621 2101 Miederkeit des Berustheins; grausend Lant
3677 1963 5896 2308 par: Envers lös. et l. Stimb.
3696 2258 6621 2584 blo. U. a. Eweichmehrd in der Gegend des Fußes
3673 2496 6552 2898 d. 3 Stimmung nach der Furch, welche die
3650 2783 6613 3117 letzre non et Convolutio franstal as cen
3669 2983 6218 3374 trennt. Auch die Kinderhebt
3650 3236 5754 3730 beschränkt bleiben.
