6936 4712
3878 238 5987 655 Fructionen des Recuivers
3643 510 6267 1001 N. Frank Nonaldson juni (Baltimore,
3684 778 6229 1239 Acht Jahressers. d. Am. Car. Gesellst
3624 1053 5645 1429 Stiladelpt a lui 1886,
3613 1228 6389 1630 F. d. Res. nach exp. Stunden in Joh.
3617 1541 5295 1894 Hopkins Anversily
3624 1667 6445 2110 Ermühung u Ausgang von den Kooper schon
3643 1983 4666 2296 Espermenten
3647 2047 6464 2460 D. erhielt unter 5 Ap. proll bei tiefer al¬
3580 2393 6486 2705 beileichter Nariose u bei fast volchtet
3595 2523 6505 2914 ferenz Seniori um regelmäßig Adi
3628 2776 6575 3126 der Stimbder, wie als König in jediction
3647 3029 6639 3424 strom von 10 cm Rollen also applic. wurde
3595 3223 6397 3539 In einen Fall bei aufgehobenen Bewertsen be¬
3613 3424 6516 3751 leichter Rügen Abd. bei starken Adduction
3662 3613 6248 3956 ge schließt, daß die Constrictoren bei
