6792 4744
3606 204 5799 499 Dèe huict des Nveuvriers
3357 427 5152 862 F. Abraham p. 1 Ballinore
3360 533 6320 1134 Intern. J. of the Md. Secerce Jd 1688
3391 888 6305 1346 - Reizyte Res. - ob da Ihre närcolis war
3410 1115 6150 1493 Od miss Mr Abe bei packen, Add le
3379 1334 6142 1773 schwachen Kromen. — Ein bedeutzvolle Ep¬
3410 1546 6343 1943 bestendenen Std. v.Applie der Kronis ein 3 an¬
3406 1814 6347 2211 langes Stück aus dem v. Reg. ausgeschnitten
3379 2087 6161 2438 die Hand tief aetterisirt; wie sind
3398 2306 6248 2710 das abgeschnitten Stuck in eine Maße
3349 2548 6093 2964 ertzündl Gewebes eingebettet. Be¬
3372 2816 6415 3190 Umwird einer schwache Kreue das u. Stunde
3368 3039 6131 3387 stark abdas. - dasselbe Resultatte
3338 3292 6173 3602 jeder Stromstärke. Erholung von der
3391 3489 5874 3973 Narcose - selber Resultat
