6920 4792
3887 163 5884 485 Sr.Tinct des Novembres
3605 456 6269 882 Sind die Posticus Jahre der Rec. immer
3509 756 5124 1093 die ersten ergriffener
3561 997 5213 1286 Charagac 1 Pouluse.
3561 1071 6387 1619 Sitzyber d. Franz Geb. f. blolop a Laryszol.
3642 1419 6447 1771 1886. Some 14 said. - Hist. Einleit.
3572 1626 6517 1986 Tall is in lepten kropf. Einseitige den abgre¬
3564 1852 6543 2216 der Stmertzen schließe als Folg am Compess¬
3553 2086 6058 2438 der Rec. (2) - Vereiniget oben
3561 2371 4909 2712 gefüllte Frage!
