6936 4984
367 594 3091 751 freien. Gesuche um Befreiung können von Jedem des Jahresbeitrages und beantragt dieselben, als
1759 669 3101 751 durch den heutigen Beschluss bezüglich des Jahres-
1759 710 3087 822 beitrages pro 1895 erledigt, zur Kenntnis zu nehmen
374 710 903 812 eingereicht werden.
489 727 1681 846 Bei der hierauf vorgenommenen Abstimmung
1759 795 2208 873 (Angenommen.)
384 798 1681 914 werden die Anträge des Referenten mit Ausnahm
1875 771 3087 910 Präsident dankt den Kammermitgliedern
404 863 1702 954 des auf die Erhebung über die Nachsichtsgesuche
1763 873 3091 971 für ihre im abgelaufe nen ersten Verwaltungsjahre
394 917 1708 998 durch die Obmänner der ärztlichen Vereine bezug¬
1766 924 3084 1015 angewendete Mühe und Thätigkeit im Interesse de
384 968 1691 1073 habenden Antrages angenommen, alle übrigen Anträge
1773 975 3097 1070 Aerztestandes. Die Kammer habe in der kurzen Zeit
1776 1032 3087 1128 ihres Bestehens viel geleistet, denn sie habe ir
523 1049 815 1117 abgelehnt.
530 1039 1705 1175 Hierauf referirt Dr. Teleky über den Antrag
1776 1087 3087 1182 diesem halben Jahre dieselben Aufgaben erfülle
397 1124 1715 1219 des Vorstandes bezüglich des Modns der Zahlung
1769 1134 3091 1233 müssen, wie die anderen Aerztekammern in vie
1769 1189 3114 1287 längerer Zeit. Der Präsident gibt der Zuversicht
401 1189 1712 1280 des Jahresbeitrages jener Aerzte, welche im Laufe
394 1236 1722 1328 des Verwaltungsjahres der Kammer beitreten, bezw.
1769 1240 3087 1352 Ausdruck, dass die Kammer auch fernerhi
1783 1304 3108 1386 durch einiges Zusammenwirken eine erspriessliche
394 1311 1311 1406 aus dem Kammersprengel scheiden.
506 1321 1491 1426 Der Referent stellt folgenden Antrag:
509 1348 3094 1477 Ein neueintretender Arzt hat künftighin jene Thätigkeit entfalten werde und wünscht den Mit
1899 1399 3077 1491 dern der Kammer ein «gutes neues Jahr». (Beifall
404 1447 1719 1525 Quote des Jahresbeitrages zu bezahlen, welche auf
1895 1464 3080 1549 Ueber Antrag des Dr. Teleky wird sodan
1769 1508 3114 1613 dem Präsidenten und über Antrag des Dr. Hans
397 1522 1572 1596 die dem Eintritte folgenden Quartale entfällt.
520 1542 1715 1651 Ein Austretender hat das Recht auf die Restitu¬
2540 1555 3087 1644 dre Thätigkeit im abge¬
414 1579 2557 1698 tion jenes Theiles des Jahresbeitrages, welcher auf
1790 1623 3087 1712 laufenen Jahre der Dank der Versammlung ausge
397 1671 1634 1780 die seinem Austritte folgenden Quartale entfällt.
1790 1681 2955 1797 sprochen und die letztere sodann geschlossen.
649 1735 917 1814 genommen.)
744 1729 1715 1892 e k y referirt ferner über das Prälimi¬
397 1827 754 1926 nare pro 1893
2065 1834 2829 1973 Hauptversammlung
523 1854 1355 1987 Nach dem Vorstandsantrage sind
564 1960 1566 2051 die Ausgaben mit fl. 6950k-
2170 1943 2717 2065 am 25. Februar 1895
560 2000 1583 2106 die Einnahmen mit... fl. 6300 —
1878 2031 3118 2140 1. Der Vorsitzende Dr. Gauster eröffnet die
411 2089 1735 2170 veranschlagt. Der Abgang wäre aus dem Cassenreste
1780 2106 3125 2194 Sitzung und gedenkt des grossen Verlustes, den Se.
418 2146 1722 2245 des Jahres 1894 zu bedecken. Der Jahresbeitrag
1783 2167 3111 2248 Majestät der Kaiser, das Kaiserhaus und das Vater¬
516 2201 1304 2286 pro 1895 mit 5 fl. beantragt.
520 2211 3111 2333 Die Vorstandsanträge werden in getrennter Ab- I land durch das Ableben Sr. kaiserl. Hoheit des Erz-
418 2282 2551 2391 stimmung über das Erfordernis und üner den herzogs Albrecht erlitten.
1899 2306 3114 2405 Die Kammerversammlung, welche diese Kund¬
397 2354 1715 2442 Jahresbeitrag en bloc einstimmig angenommen
1797 2371 3111 2445 gebung stehend angehört, spricht über Antrag des
560 2408 1698 2493 Dr. Herz interpellirt den Vorsitzenden, i
2238 2428 2897 2506 liefes und ehrfurchtsvolles B
1800 2442 2140 2523 Präsidenten i
560 2466 1735 2554 nem Studium sich die Berathung über den Be¬
2238 2483 2911 2557 Präsidium, dasselbe im!
1820 2503 2140 2574 und beauftrag
428 2520 1722 2605 richt des Comites über die Frage des ärztlichen Re
1820 2537 3111 2639 Excellenz des Herrn Statthalters zur Allerhöchster
425 2568 1732 2663 clamewesens befinde und warum er als Referent des
1783 2612 2323 2693 Kenntnis zu bringen.
418 2625 1725 2710 Comités zu den diesbezüglichen Berathungen nicht
1899 2619 3125 2717 2. Ein Begrüssungstelegramm des in Abbazia
533 2693 3135 2815 Der Präsident theilt mit, dass der Vorstand weilenden Schriftführers Dr. Karl Kohn wird beifällig
435 2686 924 2778 beigezogen wurde.
1797 2765 2418 2860 zur Kenntnis genommen.
425 2768 1732 2890 sich bereits in zwei Sitzungen mit dem vom Comité
1909 2758 3135 2880 3. Nach Verificirung des Protokolles der letzten
421 2839 1746 2921 ausgearbeiteten Berichte beschäftigte und dass das
421 2849 3125 2972 Mitglied des Comités, Prof. Dr. Hofmokl, hiebei als  Kammerversammlung theilt der Vorsitzende die seit
1810 2911 3135 3002 der letzten Versammlung vorgekommenen Einläufe
435 2948 1749 3029 Referent das Comité vertrat. Zu den weiteren Be¬
1807 2965 3131 3080 und Erledigungen mit. Dieselben werden zur Kenntnis
421 2995 1735 3084 rathungen des Vorstandes, in welchen es sich um
1888 3040 2119 3101 nommen.
418 3053 1729 3128 die Stellung bestimmter Anträge handeln werde
1892 3033 3135 3159 Die Einladung des ärztlichen Vereines des III. Be-
428 3111 1739 3220 werden auch die Mitglieder des Comités eingeladen
1814 3118 3125 3209 zirkes zur Theilnahme an der am 11. März 1895 statt-
523 3175 3125 3288 Dr. Jellinek stellt den Antrag, die Kammer   findenden Feier des 25jährigen Jubiläums des Dr.
438 3175 683 3264 werden.
1824 3237 3128 3328 Karl Reitter wird dem Vorstande zur entsprechen¬
438 3260 1729 3345 solle iedem neuen Mitgliede, resp. jedem in di
435 3301 2574 3406 Praxis tretenden Arzte einen «Führer», der ihm zur | den Veranlassung zugewiesen.
1915 3332 3135 3410 4. Der vom Vorstande schriftlich vorgelegte Jah-
435 3362 1752 3451 Orientirung in der Praxis dienen soll, einhändigen,
1824 3386 3142 3474 resbericht für das I. Verwaltungsjahr 1894
465 3420 1739 3508 es Nach Befürwortung dieses Antrages durch
1824 3451 3131 3532 wird nach dem Antrage des Dr. v. Khautz ein¬
438 3468 1739 3569 Dr. Scholz, Dr. Heinrich Adler und Dr. Gauster
1807 3495 3046 3586 stimmig zur genehmigenden Kenntnis genommen.
452 3535 1746 3644 wird derselbe dem Vorstande zur geschäftsordnungs¬
1919 3539 3121 3631 5. Zu der vom Vorstande geschäftsordnungsmäs
435 3603 1308 3688 mässigen Behandlung zugewiesen.
1831 3597 3138 3685 sig vorgelegten Jahresrechnung für das Verwaltungs¬
554 3627 1627 3719 Dr. Glattauer stellt folgenden Antrag:
1817 3658 3142 3756 jahr 1894 berichten die von der Kammer gewählten
543 3688 1756 3773 Der Vorstand wird ersucht, Vorschläge zu
1807 3722 3138 3783 Revisoren Dr. v. Hebra und Dr. Kornfeld, dass
445 3753 1763 3834 machen, in welcher Weise bemittelten Personen der
1831 3766 3142 3848 sie eine eingehende Revision der Rechnungen und
431 3800 1756 3875 Zutritt zur unentgeltlichen Ordination an den
435 3831 3138 3953 Kliniken, Poliklinik, Ambulatorien etc. verwehrt  Bücher vorgenommen und dieselben in bester Ordnung
1824 3899 2235 3970 befunden haben.
1939 3889 3125 4014 Die Revisoren beantragen, dem Vorstande da
442 3929 829 4008 werden könne.
560 3906 1766 4052 Dr. Hans Adler stellt den Zusatzantrag, es
1831 3977 3142 4065 Absolutorium zu ertheilen, ferner dem Vorstande
445 4018 1769 4092 sei als Princip festzusetzen, dass in den Spitälern
1831 4045 3142 4113 und dem Cassadirector insbesondere den besten
591 4072 1756 4150 Arme aufgenommen und behandelt werden sollen
588 4092 3138 4208 Es wird beschlossen, beide Anträge einem fünf¬ Dank für die zweckentsprechende Einrichtung der
465 4147 3138 4266 gliedrigen Comité zuzuweisen und die Wahl der Bücher und die übersichtliche und klare Rechnungs¬
1844 4205 2292 4293 legung zu votiren.
465 4239 1786 4357 Comitémitglieder in der nächsten Kammerversamm-
1949 4218 3050 4327 Dieser Antrag wird einstimmig angenommen.
1926 4283 3142 4378 Der Rechenschaftsbericht, sowie Separatabdrücke
458 4303 927 4398 lung vorzunehmen.
560 4300 1769 4415 Dr. Teleky referirt über die Resolutionen
452 4361 3162 4497 mehrerer ärztlicher Bezirksvereine über die Höhe  äber die Verhandlungen der Wiener Aerztekammer aus
4996 357 5247 472 11 —
5084 455 6426 560 dem Publicum zur Consultation empfehlen. Eine solche
3678 458 5020 618 dem officiellen Kammerorgan werden allen kammer¬
5091 547 6252 638 Veröffentlichung kommt einem Inserate gleich.
3831 581 4704 669 hörigen Aerzten zugesendet werden.
5342 605 6157 730 ad B) Die versteckte Reclame.
3828 594 5023 723 6. Zur Berathung des Antrages der Herren Dr.
3692 693 5023 778 Glattauer und Dr. Hans Adler, betreffend die
5172 669 6429 785 a) Die Mittel, sich auf indirectem Wege, nämlich
3712 754 5030 839 Hintanhaltung der Ordination für Be¬
5084 751 6409 839 nicht durch einfache Anpreisung den Ruf eines seh
3692 805 5016 880 mittelte in den Ambularien, Kliniker
5084 805 6392 897 befähigten Arztes zu verschaffen, sind sehr mannig
3712 856 5026 941 u. s. w. resp. Beschränkung der Spitalsbehandlung
5091 859 6382 954 faltig. Man kann es als einen Grundsatz ausspreche
3712 917 5020 1002 blos auf Arme wurde ein Fünfer-Comité, bestehenc
5074 914 6416 1012 dass jede Verständigung des grossen Laienpublicums
3705 961 5016 1049 aus den Kammermitgliedern Dr. Glattauer, Dr
3712 971 6412 1131 Kornfeld, Dr. Schaute, Dr.. Schopf und Dr. I über Grossthaten auf dem Gebiete der wissenschaft
5074 1026 6409 1124 lichen und praktischen Medicin bis auf das Unver
3885 1077 6409 1209 Dr. Herz erstattet sodann namens des I meidliche einzuschränken sei, weil die Erfahrung ge
3688 1087 4198 1175 Schum eingesetzt.
5098 1138 6293 1223 lehrt hat, dass die Popularisirung der Medicin
3712 1162 5030 1257 Comités zum Studium der Frage des
5098 1195 6293 1280 wie diejenige anderer Wissenschaften zur Hebun
3712 1229 5037 1355 ärztlichen Reclamewesens nachstehendes
5098 1236 6416 1328 Allgemeinbildung, sondern nur zum weitestgehender
5098 1294 6439 1386 Missbrauche ihrer Lehren geführt hat; abgesehen davon,
3702 1314 3862 1406 Refert.
3845 1304 5033 1426 «Jede ärztliche Reclame ist verboten
5098 1345 6412 1433 dass das Ansehen des ärztlichen Standes wiederhol
5091 1409 6419 1491 durch die trügerischen Hoffnungen, welche auf solche
3722 1389 5023 1498 und wird nach § 12, al. 1 K.-G. ehrenräth
5098 1457 6416 1552 Art angeregt wurden, auf das Tiefste erschütter
3838 1464 4208 1542 le behandel.
3855 1471 5043 1593 Unter ärztlicher Reclame ist jede Massnahme von
5108 1528 5414 1623 worden ist.
3705 1552 5033 1657 Seiten eines Angehörigen des ärztlichen Standes zu
5196 1525 6412 1637 b) Vollständig verwerflich aber ist das leider seh
3722 1603 5023 1695 verstehen, welche den Zweck verräth, die Aufmerk
5108 1613 6436 1705 übliche Verfahren, Dingen von blos specialistischer
3722 1661 5033 1759 samkeit des Laienpublicums auf seine Person zu lenker
5105 1674 6412 1763 Bedeutung ein allgemeines Interesse zu vindiciren
3719 1712 5033 1810 und es zur Inanspruchnahme seiner persönlichen Hilfe
3712 1729 6426 1868 soder einer von ihm zu Erwerbszwecken veranstalteten  um sie unter diesem Vorwand zu Reclamezwechen vor
5108 1776 6436 1868 die Oeffentlichkeit zu bringen oder auch nur zu dulden,
5101 1837 6432 1915 dass solches geschehe. So erscheinen häufig in den
3712 1851 4473 1922 Unternehmung zu veranlassen.
3831 1858 5037 1953 Es kann dies durch Veranstaltungen bewerkstellig
3715 1882 6436 2034 werden, welche dem Namen des Betreffenden eine Tagesjournalen Berichte über medicinische Vorträge,
5101 1936 6436 2034 abgegebene Gutachten, Erfindungen, Operationen, De¬
3719 1983 5043 2075 möglichst grosse Verbreitung zu verschaffen suchen,
5118 1994 6449 2082 monstrationen und ähnliche Publicationen, zwischen
3729 2038 5040 2126 ferner durch solche, welche seine Person mit dem
5101 2045 6426 2146 deren Zeilen man deutlich die Absicht lesen' kann
3746 2095 5037 2187 Scheine einer besonderen praktischen oder wissen¬
5115 2095 6426 2184 die Person des angeblichen Forschers oder Heil
3729 2140 5037 2245 schaftlichen Befähigung umgeben sollen, und endlich
3729 2146 6439 2279 durch directes öffentliches oder geheimes Anbot seiner, künstlers mit dem Nimbus der Wissenschaftlichkei¬
5101 2208 6432 2320 oder besonderer praktischer Tüchtigkeit zu umgeben
5217 2259 6439 2337 c) Daran schliesst sich jene eigenthümliche Art
3719 2275 3943 2364 Dienste.
3838 2265 4863 2411 Daraus ergibt sich folgende Eintheilung
5122 2309 6436 2405 medicinischer Reclame-literatur, welche in der popu¬
3841 2347 5064 2445 4) Blosse Publication des Namens eventuell mit
5122 2367 6456 2466 lären Behandlung eines Capitels der Therapie oder in
5125 2418 6460 2506 der Anpreisung einer meist von dem Verfasser selbst
3729 2422 4799 2527 Angabe der Wohnung und Ordinationszeit.
3824 2422 5057 2551 B) Die versteckte Reclame, welche darin besteht,
5115 2472 6439 2581 herrührenden oder ausgeübten Heilmethode besteht
3736 2520 5047 2615 dass scheinbar ohne Hinzuthun des Betreffenden Nach¬
5210 2527 6449 2612 d) Genau dasselbe gilt von den Heilmitteln, aut
3743 2571 5067 2663 richten über seine praktischen oder wissenschaftlichen
5122 2581 6463 2693 denen der Name eines ärztlichen Erfinders angemerkt
3729 2639 4731 2734 Erfolge im Publicum verbreitet werden.
3848 2629 5268 2765 C) Oeffentliche Bekanntmachungen, in welchen der wird.
5227 2652 6453 2768 e) Ein sehr beliebtes hiehergehöriges Reclame-
5125 2744 6460 2843 mittel ist auch der öffentliche Dank oder die rüh¬
3746 2737 5054 2839 Arzt ohne weiteren Zusatz oder unter Anpreisung seine
3726 2785 5060 2873 eigenen Fähigkeiten beziehungsweise der Trefflichkeit
5132 2802 6463 2894 mende Anerkennung von Seiten behandelter patienten
3743 2849 5067 2931 seiner Veranstaltungen oder unter Versicherung einer
5132 2849 6463 2938 oder ihrer Angehörigen. Es ist nicht nur verwerflich,
3746 2894 5057 2989 ausnahmsweisen niedrigen Honorarforderung oder in
3743 2907 6463 3050 einer den Anstand verletzenden Weise das Publicum bei einem Laien Dankschreiben zu bestellen sowie von
5128 2958 6463 3046 diesem spontan verfasste selbst zu veröffentlichen,
3743 3019 4609 3108 auffordert, sich an ihn zu wenden.
5132 3016 6466 3114 sondern es ist Pflicht, den Kranken von einer derartigen
3895 3067 4914 3203 ad 4) Blosse Publication des Namens.
5135 3087 5733 3182 Publication abzuhalten.
5295 3108 6310 3260 ad C) Das Feilbieten ärztlicher Hilfe.
3817 3155 5057 3260 a) Es ist nicht als eine Reclame aufzufassen
3753 3223 5054 3305 wenn nach erfolgter Niederlassung oder Wohnungs
5227 3199 6466 3339 a) Das Inseriren in Tagesblättern ist
3760 3281 5057 3376 änderung oder nach längerer Abwesenheit ein Arz
3739 3274 6466 3427 einmal oder in den beiden ersten der genannten Fälle ein des ärztlichen Standes unwürdiges
5139 3342 6456 3434 Verhalten. Dieser Satz beansprucht die allge
3743 3379 5074 3464 auch zwei- bis dreimal seinen ständigen Wohnort und
5125 3396 6466 3478 meinste Geltung. Ein Inserat ist nicht erst dann un¬
3760 3437 5067 3535 die Zeit seiner Ordination und eventuell seines Special¬
5145 3447 6456 3542 statthaft, wenn es durch seinen Inhalt öffentliche
3753 3495 5084 3617 faches dem Publicum durch Veröffentlichung in einem
5139 3505 6480 3597 Aergernis erregt oder durch Aufzählung schön klin¬
5145 3546 6473 3654 gender, meist aber nichtssagender Titel oder durch
3899 3559 4483 3644 sjournale bekannt gibt.
3892 3569 5081 3699 Eine Veröffentlichung.der hier in Betracht
5162 3607 6470 3699 Versprechungen, welche zu halten unmöglich ist, die
3753 3658 5077 3746 kommenden Art soll auch in der Form alles Markt-
5156 3665 6473 3756 Moral und das Ansehen des Standes schädigt, sondern
3760 3709 5077 3804 schreierische meiden und wenn möglich nur im Text
5149 3722 6466 3807 es haben überhaupt die Namen von Aerz
3756 3763 5084 3862 theile von Tagesjournalen erfolgen. Grosse auffallende
5145 3770 6470 3865 ten aus dem Inseratentheile der Tages
3763 3817 5067 3909 Annoncen, wie sie hie und da zu diesem Zwecke be
3756 3821 6466 3963 nützt werden, ferner Placatirungen, an öffentlichen journale zu verschwinden, sie mögen darin
3753 3885 6480 4028 Orten angebrachte Clocks und Flugblätter sind un- unter welchem Vorwande immer figuriren
5240 3940 6483 4028 b) Von diesem Standpunkte aus ist auch das
3855 3991 6490 4116 c) Eine besondere Kategorie bilden die von Reclame-   Annonciren von Heilanstalten in nicht medicinischen
3749 4011 4025 4096 statthaft.
5156 4042 6490 4133 Journalen mit Angabe ihres ärztlichen Inhabers oder
3766 4086 5091 4188 unternehmungen veranstalteten Collectiv - Anzeigen,
5149 4092 6473 4191 Leiters zu verbieten, denn es darf durch derartig
3770 4147 5088 4235 welche unter dem Titel «renommirte» oder «em¬
5149 4164 6490 4252 Ankündigungen nicht dem kranken Laien die Wahl
3800 4211 5057 4286 pfehlenswerte» Aerzte gegen Bezahlung
5149 4208 6490 4289 einer Anstalt nahegelegt werden, sondern es muss die
3766 4249 5057 4357 Fremdenführern, Eisenbahncourieren, Familienkale
3770 4259 6497 4432 dern eine Liste von Medicinalpersonen bringen und  Sache eines primär consultirten praktischen Arztes sein,
