6952 4840
4073 116 4650 273 Kammer
5866 225 6338 446 du feuilleur en
5447 221 5777 431 de Votre
3938 213 4346 416 V. très
3654 416 6559 696 Ewers Resultate in betreff ver Juncavation
3605 640 4612 906 des Lager.-
3587 648 6432 1153 E. fand 1. durch Reizg etc an leld Thien heraus
3598 1026 4560 1295 pralp Nerven
3613 1048 6619 1411 2. Dort die Ergebnisse der Depuer versinsam Kameriss
3628 1370 6552 1625 3. durch die mierose Verfolg der Neuern an man sehl
3601 1520 4500 1804 Rehlkäfen
3601 1658 5743 2022 M. omtheyi wird uinerwort durch
3673 1812 6391 2228 N. Car. sup. Ramest in N. Lar. med.
3613 2153 4616 2475 M. Chyr. aveit
3654 2257 6664 2710 N. Lar. inf - manifral Larsenp. Ra. ext.
3590 2598 4743 2909 M. Schyr. en int
3613 2785 6540 3130 Erich Len. Pap gewöhnt; im hinterste Theil
3635 3055 6391 3384 Lar. in f derselbe, ev. auch das auch mit
3616 3302 4927 3579 M. crico ci. lat
3665 3504 6660 3894 Lao sup is inf. (vosthul) manfraal
3594 3774 6140 4159 ein Nervenk der andere Seite betheiligt
1767 4107 2426 4421 Wien, 13. Alserstrasse 12.
2808 4156 3032 4545 4
