6904 4904
1896 515 3078 664 In seiner Erwiderung hob der zum Präsidenten
433 569 1710 694 nothwendig hält, beantragt er: Der Bericht des Co
1781 630 3092 721 der Kammer gewählte Regierungsrath Dr. Moriz
447 677 1724 759 mités sei als Grundlage für die Codificirung anzu¬
1801 684 3065 765 Gauster die Bedeutung und Schwierigkeit der
447 725 1727 809 nehmen und dieselbe einem Comité zu übertragen.»
1781 731 3078 823 Kammeraufgaben und die grosse Ausdauer und Geduld
552 775 1737 857 Dr. Teleky referirt über 46 Gesuche um Nach¬
1781 789 3085 874 hervor, die für die Besserung der ärztlichen Ver¬
454 819 1727 918 sicht des Kammerbeitrages für das Jahr 1894 und
1788 840 3092 952 hältnisse erforderlich seien, damit die junge Schöpfung
457 880 1734 975 empfiehlt 34 dieser Gesuche der Berücksichtigung,
1781 918 2428 1006 gedeihe und Früchte trag
447 935 1344 1023 welchem Antrage entsprochen wird.
1879 918 3098 1063 Zum Vicepräsidenten wurde Primararzt Dr. Heim
559 968 1734 1097 Die Jahresversammlung wird für den 25. Februar
1788 999 2011 1107 gewählt.
1879 1019 3081 1138 Der Kammervorstand constituirte sich allso
454 1053 874 1145 1895 anberaumt.
1801 1104 3088 1192 gleich und wählte Dr. Teleky zum Cassadirector,
1801 1168 3088 1263 Dr. Kohn zum Schriftführer und Dr. Svetlin
454 1131 1724 1266 Vorstandssitzung vom 12. Februar 1895.
1801 1233 2225 1317 zum Oekonomen.
549 1243 1724 1331 1. Der Vorsitzende, Präsident Dr. Gauster,
1890 1216 3092 1365 In der ersten Zeit beschränkte sich die Thätig
471 1300 1724 1392 theilt nach Verificirung des Protokolles der letzten
1781 1324 2956 1412 keit des Kammervorstandes und der Kammer
464 1365 1724 1443 Vorstandssitzung die Einläufe mit; darunter befinden
1795 1378 2949 1463 gemäss auf die inneren organisatorischen Angel
464 1419 1724 1500 sich die Resolutionen mehrerer ärztlichen Vereine,
1270 1436 3058 1541 g der Aerztekam- heiten, wie Miethe und Einrichtung der Bureau-Loca
1266 1480 3054 1585 ordneten Dr. Lue- litäten, Bestellung des Kanzlei-Personales etc. M
447 1483 1280 1548 in welchen der Protestkundgebung
447 1541 1277 1605 mer gegen die Angriffe des Abge-
1801 1544 3105 1619 Verificirung der Wahlen wurde von der Kammer ein aus
450 1568 1737 1669 ger zugestimmt wird; ferner der Bericht des Comi¬
1778 1598 3098 1673 den Herren Dr.Fischer,Dr.Gersuny, Dr.v.Hebra,
464 1632 1717 1717 tés für humanitäts-Institute, wonach das Kammer-
1778 1642 3098 1734 Dr. v. Khautz und Dr. Kornfeld bestehendes
447 1669 1724 1764 mitglied Dr. Kornfeld seinen Antrag bezüglich
1781 1703 3078 1781 Comité betraut. Die Wahlen wurden eingehend ge-
457 1734 1717 1818 der Verwendung der Gebarungs-Ueberschüsse zu¬
1795 1757 3071 1849 prüft und richtig befunden. Nachdem die Kamme
447 1788 1717 1883 rückzog. (Zur Kenntnis genommen, an die Kammer)
1788 1798 3041 1890 einige Wochen hindurch die Gastfreundschaft
542 1849 1575 1944 2. Schriftführer Dr. Kohn erstattet den
1801 1859 3037 1947 Witwen- und Waisen-Societät des Wiener medici
1778 1920 3098 1998 schen Doctoren-Collegiums genossen hatte, wofür
731 1917 1449 2022 Rechenschaftsbericht
1781 1974 3088 2059 nochmals wärmstens gedankt sei, übersiedelte sie
454 2001 1724 2099 über die Thätigkeit der Wiener Aerzte-
1778 2018 3081 2110 am 10. Juli v. J. in ihr gegenwärtiges Amtslocal
484 2059 1673 2150 kammer im Verwaltungsjahre 1894.
1795 2086 3081 2160 I. Börsegasse Nr. 1, welches um den Jahreszins von
1801 2130 3075 2215 1400 fl. ö. W.- auf die Dauer von fünf Jahren con
566 2143 1717 2245 Derselbe wird als Vorlage für die Hauptver¬
1795 2191 3068 2265 tractlich gemiethet ist. Die Mitbenützung der Bureau
457 2204 1727 2296 sammlung in folgendem Wortlaute angenommen und
1801 2238 3102 2323 Localitäten wurde mit der niederösterreichisehen
464 2286 1057 2357 hat folgenden Wortlaut:
1801 2296 3098 2374 Aerztekammer (Baden), dem Vereine der Aerzte in
549 2303 1741 2397 «Indem der Vorstand der Wiener Aerztekammer
1801 2347 3105 2431 Niederösterreich und dem Geschäftsausschusse des
454 2370 1727 2458 daran geht, über das erste Geschäftsjahr Bericht
1801 2397 3105 2482 österreichischen Aerztevereinesverbandes gegen eine
447 2435 1734 2513 zu erstatten, kann er es sich nicht versagen, einer
1801 2458 3102 2540 Jahresentschädigung von je 100 fl. ö. W. vereinbart,
457 2465 1727 2557 Empfindung Worte zu leihen, in welcher er sich mit
457 2506 3098 2614 Ihnen Allen <eins zu wissen glaubt — dem Gefühle so dass sich der Jahreszins für die Kammer auf
1805 2574 2228 2658 1100 fl. beläuft.
457 2594 1724 2668 freudiger Genugthuung über den Bestand einer In¬
1890 2577 3092 2695 Die Einrichtung der Kammer mit dem Mobiliar
464 2638 1717 2719 stitution, deren Zustandekommen vor noch nicht
1801 2665 3105 2756 besorgte der Oekonom, Herr Dr. Syetlin, welcher
457 2699 1727 2767 langer Zeit in Frage gestellt schien, und deren Er¬
1795 2729 3088 2797 der Kammer eine Kaiserbüste mit Blumentisch, zwei
471 2743 1741 2831 spriesslichkeit, ja Existenzberechtigung den skepti¬
1795 2777 3088 2875 Actenkästen und einen Fenstervorhang spendete
457 2804 1724 2875 schesten Anschauungen auch dann noch begegnete
1801 2834 3027 2926 wofür ihm der wärmste Dank ausgesprochen sei.
464 2855 1730 2949 als an ihrem Inslebentreten nicht mehr gezweifelt
1913 2878 3098 2966 Alle Actenstücke sind ordnungsmässig protokol-
457 2922 830 2990 werden durfte.
1795 2946 2597 3027 lirt und ein Inventar ist angele
559 2916 1730 3041 Nach jahrelangen, durch so manchen Misserfolg
1920 2966 3095 3071 Behandelt wurden vom Vorstandè im Ganzen
461 3010 1734 3098 momentan entmuthigten, aber auf die Dauer nicht
1812 3041 3098 3136 1265 Geschäftsstücke. Dieselben vertheilen sich. fol¬
457 3071 1727 3146 abgeschreckten Bemühungen durften die Aerzte Oester
477 3122 1727 3203 reichs im Herbste 1891 gewiss sein, dass eine auto¬
1795 3115 2191 3207 gendermassen :
457 3176 1744 3254 ritative Vertretung, von welcher sie die Hebung der
2814 3142 3098 3258 731 Stücke
1812 3163 2560 3285 Standesbuch-Angelegenheiten
457 3230 1737 3298 Würde und des Ansehens ihres Standes, die Besse
454 3247 2794 3356 rung ihrer materiellen Verhältnisse und eine be- Ex offo Stücke (Sitzungs-Einladungen,
1849 3302 2462 3379 Eingaben, Berichte etc.)
477 3339 1747 3420 fruchtende Einflussnahme auf die Förderung der
1805 3308 2787 3444 Verkehr mit der k. k. n.-ö. Statthalterei
464 3383 1741 3471 allgemeinen Gesundheitspflege gewärtigten, erreicht
2116 3403 2743 3481 dem Wiener Magistrate
457 3454 1734 3518 sei ; denn am 20. October jenes Jahres nahm das
2130 3434 2790 3539 mit anderen Behörden und
477 3501 1747 3579 hohe Abgeordnetenhaus des österreichischen Reichs-
1856 3518 2072 3596 Aemtern
474 3552 1744 3657 rathes den Gesetzentwurf über die Errichtung von
1805 3522 2773 3644 Verkehr mit den anderen Aerztekammern
477 3620 1192 3701 Aerztekammern einmüthig an.
2039 3627 2780 3708 » Vereinen und Corporationen
552 3647 1734 3725 Auf Grund des am 22. December 1891 sanctio¬
1805 3681 2780 3769 Correspondenzen von Kammermitglie-
457 3711 1744 3789 nirten Gesetzes constituirte sich die Wiener Aerzte-
1842 3728 2594 3816 dern und Initiativ-Anträge
477 3769 1734 3850 kammer am 30. Mai v. J. Die begrüssenden Worte
1805 3745 2794 3874 Einzeln- und Cumulativgesuche um Be¬
481 3837 1751 3898 welche bei diesem Anlasse der Regierungscommissär,
1849 3830 2797 3942 freiung von der Entrichtung des Jah¬
481 3884 1757 3952 Herr Statthaltereirath von Sauer-Czáky, im Auf¬
1849 3908 2174 3979 resbeitrages
2553 3898 2723 3982 * * *
477 3935 1744 4013 trage Sr. Excellenz des Herrn Statthalters an die
2618 3948 2780 4023 ..
1818 3928 2425 4030 Cassa-Angelegenheiten
471 3992 1730 4060 versammelten Kammermitglieder richtete, zeigen vor
2838 3833 3034 4067 10 "
1812 4019 2438 4087 Anstellungs-Gesuche
464 4043 1741 4108 dem wohlwollenden Interesse, welches die hohe Re¬
1825 4026 2651 4135 Administrations-Angelegenheiten.
477 4094 1676 4175 gierung den Aufgaben der Kammer entgegenbrin
2848 4057 3034 4192 11 „
1805 4124 2387 4189 Zuschriften von Privat
471 4148 1676 4219 und wir können es nur mit lebhaftem Dank an
1805 4124 2794 4243 Beschwerden, Anzeigen und Ehrenraths-
471 4206 1744 4280 kennen, dass er hieran die Versicherung knüpfte,
2861 4165 3044 4284 14 »
1859 4233 2143 4304 Agenden.
2618 4226 2794 4314 ...
457 4263 1734 4324 dass «die Regierung die Thätigkeit der Kammer in
2861 4270 3031 4331 1. »
1805 4253 2394 4382 Unterstützungs-Gesuch
457 4307 1744 4422 jeder Richtung im Rahmen des Gesetzes unter¬
2797 4314 3129 4429 1265 Stücke
471 4375 857 4456 stützen werde».
5178 440 6403 566 4) Für das Krankencassenwesen, beste
3830 481 5032 589 Eine der ersten Fragen war die Aufstellung des
3721 538 6417 647 Präliminare und die Festsetzung des Jahres- hend, aus den Herren: Dr. Turkiewiez (Ob¬
5110 599 6430 674 mann), Dr. Bernheim (Obmann-Stellvertreter),
3715 623 4852 708 beitrages für das erste Verwaltungsjahr
5100 654 6410 725 Dr. Glattauer, Dr. Stöhr und Dr. Ig. Weiss
3799 660 5039 752 Mit Rücksicht auf die für dieses Jahr nöthigen
5313 694 6417 775 Ueber ärztliches Reclame wesen, beste-
3725 725 5039 813 aussergewöhnlichen Anforderungen, sowie im Hin-
5117 738 6420 833 hend aus den Herren: Dr. Pichler (Obmani),
3735 779 5032 874 blicke auf die allmälige Sicherstellung der der Kam
5123 796 6417 887 Dr. v. Hebra (Obmann-Stellvertreter), Dr. Herz
3728 836 5049 931 mer obliegenden- humanitären Einrichtungen, be¬
5117 860 6427 948 Prof. Hofmokl und Dr. Josef Pollak. Cooptirt
3735 884 5049 989 stimmte diese den Jahresbeitrag für 1894 mit 10 fl.
5110 918 5973 996 wurde Dr. Ludwig Kreitner.«
3830 935 5039 1029 Der Vorstand hat vom 30. Mai bis 31. Decem
5201 945 6420 1050 Zu der von der hohen Regierung geplanten Re
3738 996 5039 1104 ber 1894 19, das. Plenum 9 Sitzungen abgehalten
5110 1012 6427 1107 form der Kranken-Versicherung, wobei
3732 1053 4849 1145 ausserdem fanden 14 Comitésitzungen statt.
5113 1073 6427 1168 alle anderen Interessenten-Kategorien, nicht abo
3847 1104 5049 1182 Abgesehen von den laufenden Geschäften unter-
5117 1131 6430 1209 die Aerzte berücksichtigt wurden, hat die Kammer
3745 1168 5052 1239 zog der Vorstand alle dem Plenum vorzulegenden
5344 1189 6437 1270 genommen, indem sie das h. Ministerium
5110 1202 5354 1273 Stellung
3735 1219 5052 1304 Verhandlungs Gegenstände der Vorberathung. Zu-
5344 1239 6427 1314 ru in einer Petition auf die Nothwendigkeit
3728 1263 5354 1344 nächst bildete die Durchberathung einer Ge- des Inne
5110 1290 6410 1375 aufmerksam machte, dass bei den Erhebungen be
3738 1321 5046 1399 Schäftsordnung für Vorstand, Kammer und
5110 1354 6434 1426 hufs der geplanten Revision des Krankenversiche-
3745 1385 5046 1453 Ehrenrath den Gegenstand mehrerer Vorstands- und
5106 1409 6427 1490 rungs-Gesetzes im Interesse der Aerzte nd de
3728 1426 5049 1514 Plenar itzungen. Dieselbe wurde dem hohen Mini-
5117 1453 6441 1537 Arbeiter auch das Votum der Aerztekammern, als
3738 1480 5052 1595 sterium des Innern zur Genehmigung vorgelegt und
5123 1514 6427 1588 der legalen Vertretungen der Aerzte, eingeholt werden
3738 1534 4727 1615 hat, bis diese erfolgt, bindende Kraft.
5120 1568 6427 1649 möge, und die Schwesterkammern einlud, sich diesem
3810 1588 5046 1666 Der Resolution der Section Sechshaus des Ver-
5120 1615 6204 1717 Schritte anzuschliessen, was auch geschah.
3735 1639 5046 1734 eines der Aerzte in Nieder-Oesterreich, wonach die
5218 1656 6427 1744 Diesem Ansuchen hat denn auch die hohe Ro
3735 1700 5049 1774 Mitglieder-Stellvertreter der Kammer zu jeder Kam-
5110 1713 6447 1808 gierung dadurch willfahrt, dass sie die Aerztekammern
3735 1754 5046 1835 mersitzung direct eingeladen werden und weiters die
5110 1774 6430 1852 ebenfalls einlud, die betreffenden Fragen zu beant
3745 1805 5046 1893 Kimmersitzungen öffentlich stattfinden und allen kam-
5110 1832 6427 1903 worten. Wir sehen hierin einen nicht zu unter
3735 1862 5052 1940 merpflichtigen Aerzten zugänglich sein sollen, wurde
5123 1883 6434 1964 schätzenden Erfolg. Ds erstemal wurden die gesetz
3738 1917 5046 1995 insoweit Folge gegeben, als die Kammer gelegent-
5123 1944 6427 2022 lichen Vertretungen des Aerztestandos, der frühe
3742 1964 5046 2062 lich der Beschlussfassung über die Geschäfts-
5123 1995 6451 2079 bei dieser Frage unbeachtet geblieben, zur Klar-
3728 2028 4934 2110 ordnung beschloss, dass die Stellvertreter zu
5123 2045 6441 2164 stellung ihrer Ansichten von der Regierung heran
3728 2072 4934 2150 Sitzung eingeladen werden, dass sie sich ab
3745 2130 5046 2208 den Debatten und an der Abstimmung nicht bethei-
5123 2127 5364 2208 gezogen.
5208 2130 6430 2221 Die Kammer hat den Fragebogen rechtzeitig
3745 2191 5046 2262 ligen können, insoferne sie nicht in bestimmter, beim
5130 2204 6447 2289 beantwortet und sich bei diesem Anlasse für die
3745 2238 5008 2330 Präsidenten angemeldeter Vertretung, eines am E
5123 2269 6444 2343 freie Aerztewahl und eine Reihe anderer für
3738 2299 5012 2367 scheinen verhinderten Kammermitgliedes anweser
5130 2313 6430 2408 die Aerzte und für die Versicherten wichtigen Grund
3735 2347 5015 2421 sind. Dem zweiten Punkte der Resolution der Se
5130 2391 5669 2482 sätze, ausgesprochen.
3738 2408 5046 2489 tion Sechshaus konnte mit Rücksicht auf den be¬
5225 2397 6441 2496 Auf die lnitiative der mährischen Aerztekammer
3738 2452 5056 2553 schränkten Fassungsraum des Sitzungssaales nicht
5123 2486 6434 2557 trat am 25 September v. J. der erste Delegirten
3742 2516 4341 2614 Folge gegeben werden.
5123 2546 6441 2618 tag der österreichischen Aerztekam
3833 2533 5056 2628 Ein vom Präsidenten vorgelegter Entwurf eines
5123 2594 6437 2679 mern zu einer grundlegenden Berathung zu
3745 2621 5073 2712 Standesbuches wurle genehmigt uni dieses
5123 2631 6434 2733 sammen, als deren erfreuliches Resultat der über
3738 2685 4023 2773 angelegt.
5130 2699 6349 2777 einstimmende Beschluss auf Schaffung eines Cen
3837 2675 5056 2811 Auf Anregung der mährischen und ostgalizischen
5120 2746 6346 2848 organs der Aerztekammern behufs gegenseitiger
3752 2777 5066 2865 Aerztekammer beschäftigte sich der Vorstand mit
5130 2811 6471 2899 ständigung über wichtige principielle Fragen des
3745 2834 5046 2905 der wichtigen Frage der Regelung des gerichts
5123 2858 5828 2949 Standes zu verzeichnen ist.
3752 2888 5056 2977 ärztlichen Gebührentarifes und über¬
5218 2882 6447 2993 Auf dem Aerztekammertage waren alle schon
3735 2939 4822 3041 wies diesen Gegenstand einem Referenten.
5123 2970 6458 3051 damals constituirten österreichischen Kammern mit
3847 2970 5059 3075 Der gegenwärtig dem Abgeordnetenhause vor-
5140 3031 6458 3109 Ausnahme der Kammer von Trient durch Delegirte
3755 3044 5069 3126 liegende Steuergesetz - Entwurf, dessen
5140 3092 6454 3156 vertreten und es wurde eine Goschäftsordnung
3752 3098 5069 3183 Bestimmungen und Ansätze den ärztlichen Stand
5140 3146 6458 3217 für die Aerztekammertage beschlossen,
3752 3159 5059 3230 empfindlich zu treffen geeignet sind, veranlasste die
5140 3190 6458 3261 welche dieser Institution den Charakter einer freien
3755 3207 5046 3302 Kammer, in dieser Angelegenheit Stellung zu neh¬
5137 3251 6464 3322 Vereinigung wahrt, deren Aufgabe im Wesentlichen
3752 3271 5056 3349 men. Im Schosse eines vom Vorstau le niedergesetz-
5140 3302 6461 3376 darin besteht, in gemeinsamen Angelegenheiten ein
3752 3325 5049 3400 ten, aus den Herren Dr. Glattauer, Dr. Kra
5140 3356 6475 3464 einheitliches Vorgehen aller Aerzt,kammern herbei-
3752 3373 5056 3444 mer und Dr. Scholz bestehenden Comités wurde
3749 3417 5415 3505 vom Referenten Dr. Glattauer eine diesfällige ruführen.
5249 3420 6468 3532 Der Aerztekammertag begnügte sich aber nicht
3752 3495 5039 3572 Petition an den Steuerausschuss des h. Abgeord
5137 3501 6458 3586 damit, blos die Grændlage für seine weitere Existenz
3752 3535 5056 3610 netenhauses ausgearbeitet, welche so lann vom Ple
5144 3566 6447 3644 zu schaffen, sondern unterzog auch die von verschie
3752 3583 5073 3688 num der Kammer genehmigt und rechtzeitig über¬
5154 3627 6458 3701 denen Kammern bisher angeregten Angelegenheiten
3762 3654 5090 3732 reicht wurde. Weiters wurden die Schwesterkammern
3759 3681 6468 3789 eingeladen, sich diesem Schritte anzuschliessen, was gemeinsamer Natur einer eingehenden Besprechung
5137 3735 6458 3820 und empfahl den Kammern in allen diesen Fragen ein
3877 3769 4199 3850 dits geschah.
3877 3793 6468 3881 Von den Petiten der Kammer sind, so viel be-  gleichmässiges Vorgehen. Darnachsoll durch möglichst
5154 3850 6475 3925 gleichlautende Eingaben an die competenten Factoren
3769 3843 4771 3969 kannt ist, einige berücksichtigt worden.
5154 3898 6458 3965 angestrebt werden: Die Regelung der gerichtsärzt
3887 3894 5090 3999 Auf Antrag des Vorstandes hat die Kammer im
5147 3955 6458 4033 lichen Gebühren durch Einberufung einer Enquête
3762 3986 5083 4060 Beginne ihrer Wirksamkeit drei Comités eingesetzt:
5154 3999 6464 4077 welcher Vertreter aller Aerztekammern und Gerichts
3857 4030 5076 4101 a) Für Humanitäts- Einrichtungen
3769 4074 6478 4162 bestehend aus den Herren: Dr. Hans A d l er (Ob- ärzte beizuziehen wären; in Angelegenheit der An¬
5144 4104 6475 4196 zeigepflicht bei Infectionskrankheiten die Schaffung
3769 4148 5086 4226 mann), Dr. A-lolf. Klein (Obmann-Stellvertreter),
5147 4182 6464 4257 eines Reichs-Seuchengesetzes; Aenderung, beziehungs
3762 4202 5086 4273 Dr. Emanuel Kramer, Dr. Joh. Lütkemüller
5161 4223 6481 4294 weise Beseitigung der die Aerzte besonders hart
3769 4243 5096 4317 und Dr. Jos. Scholz. Cooptirt wurden die Herren
3759 4284 6475 4389 Dr. Batsy, Dr. Turkiewiez und Dr. Reitter,  treffenden Bestimmungen der neuen Steuer-Gesetz
