6952 4840
4309 58 4747 257 gerneur
4624 232 4961 438 le reste des
3649 435 4751 808 (un cric arpost.)
3674 554 5562 986 an Leiten und Novrkoffg. La. Auf
3667 899 6555 1189 v./. Gutenfläch. M. Lassup; in einmal von einem
3649 1069 5744 1406 Yours, I have sup I and Thit
3635 1297 5972 1638 M. Trauso (et obl) in I leap
3642 1526 6414 1924 Sansap a her iuf in von ihr Juny
3613 1819 6381 2207 ja noch den Namen der andere Zeit
3606 2091 5838 2388 Par. tüp weis wohl vor.
3606 2330 5048 2638 de any epylott.
3660 2613 6573 3116 Zwey der La. Tup, vollleicht aus La Zus¬
2866 4327 3051 4544 4
