6840 4616
3495 354 6476 809 unrein bei doppelt wird der Stamm¬
3514 626 5060 1010 tief und unrein.
3462 816 6454 1252 die Ursache der Posticus lährung mit dem
3480 1107 6346 1539 gesucht werden, wie weit der Sup u
3484 1368 6312 1792 not and I "meo" do [illegible]
3484 1602 6286 2087 sich betheilige. Um wird die Post
3555 1885 6227 2348 vorspründ durch d. Rec. umervirt,
3518 2128 6316 2579 Folglich mit der Anermeister leich
3480 2426 5574 2892 in an freyfahren u überlegen
3506 2653 6465 3257 S. mehreres Lemon C. Bl. dit 110f. 188 6/7.
