6888 4776
3774 192 5904 509 Das Punct des Vresseurs
3800 426 6273 758 Greifelh. Fall berügt der Ursache
3502 671 6530 1041 i eines Löhms des linken Stuis beendes
3661 920 6639 1316 F. Felici Archim d. Las. Tag 5 u 4 1886
3729 1165 6496 1568 3 4. Mai, Lypt. Dorfschnungen etc.
3483 1331 3638 1519 8
3721 1470 6507 1795 Hyrpton, Hersekeit, Offenung, Jochim
3687 1693 6530 2017 lth. Aut temp.- Anwien Ao könne
3762 1923 6417 2345 Leidn Gesp. Stonpally der l. Stimmen
3698 2172 6647 2609 führen, den Post od. Conto der Anlagwiske
3695 2432 6552 2828 Dieser der M? Eklasie N Coboger
