6904 4792
3696 380 6421 755 Zwei Fallmassen. Löhnen der Einige
3708 679 6592 1002 desweicher Jäumens und des Stumbaux
3708 880 4808 1173 daselben Leite.
3696 1089 5662 1446 Slephen, Markeusie (Koneb)
3761 1332 6584 1575 Frans Cliss, Sec. of Lih Vol XIX p 31, 1886.
3670 1507 6683 1833 1. Fall. 30. Mais Lues auf den äußern Aft die l. Assess
3514 1731 6562 2049 d erzaffen (stemod., trap. gelöfnet, atrophesi)
3617 1947 6581 2266 2. Fall 50, kann auch links s. Afferton, da äusser
3685 2137 6433 2440 "Ancessories afjelefert der Rhebau
3662 2330 6421 2721 nicht in der Modantin (left cord remaines
3632 2493 4288 2770 ghliclet.
3636 2619 6281 2990 Ihre Bockhart Clacke hat auf die auch
3674 2873 6562 3176 Hyrnung des Hysyloss u. access. Korn in dem
3624 3063 5803 3378 diedilla an Frankfam gemacht.
3636 3294 6410 3586 Er mich kaum wird gestentheit von
3746 3514 6452 3784 cess. molor. unweit klept Marken¬
3803 3643 6554 4011 bed. J. 3/3 θr u Hughlings Jackorn
3897 3837 5708 4178 Pep. Fol. I 1869 et segt
