6968 4696
3664 246 6609 634 tiefer Narcose oder bei aufgehobenen Censor,
3653 481 6504 772 nicht zu fünf. aufhörte, u dass nicht stel
3631 719 6493 1085 Abd. erhalte wird, wie der Berichtsein
3664 943 4704 1241 aufgehoben ist.
4134 1126 4551 1301 Roylin
3623 1118 6624 1625 Reight. Leim Menschen vollacht andere Kirchen¬
3627 1375 6508 1744 Ationänglein Befahrer u Schloßen d Glottes. - Le
3653 1614 6467 1916 des Reiss des Trauer wird wohl der Caler¬
3649 1826 6575 2125 mit geneigt. Die Frage der Abdiclorpacal zu
3623 1998 6527 2300 soll noch der Stelb des proc. etc. nicht der Streits
3649 2278 6471 2542 entschieden werden. Wird der for. voc. in der
3612 2427 6471 2762 Mad. anbeine gefunden, so ist anzunehmen
3631 2632 6158 3027 op die Funct des Abd. anEhehrten ist.
3642 2833 6340 3198 Erhält man eine vertie, glottes by der
3608 3083 6583 3370 Stonation ohne eine Bewegung des verdächt¬
3604 3265 6400 3649 Stundds so hat man einen sichern Fall.
3634 3474 6583 3910 Abund, Fälleren, Abdagen, als Kremst,
3631 3672 4540 4056 angesehen.
