6984 4936
1647 451 1850 546 — 4
2880 539 3104 644 9577•65
1850 556 2372 664 Gesammt-Einnahmen
1843 583 2657 715 die Gesammt-Ausgaben
471 559 1782 691 vorlagen; eine gesetzliche Regelung des Hausapo¬
2796 576 3162 759 „ 5Ä87·46½
457 671 1762 756 thekenwesens auf moderner Basis; in der Kranken
637 705 2769 800 frage die Veranstaltung einer Enquête mit Zu¬ so dass sich ein Gebarungs-Ueber-
454 739 647 810 cassent
2877 698 3148 834 4090·18½
1881 759 2216 834 schuss von
471 779 1766 847 ziehung von Delegirten der Aerztekammern für den
1837 762 2782 918 ergibt, von welchem als Guthaben in
478 844 1779 912 Fall der in Aussicht genommenen Reform des Kranken¬
2884 807 3107 935 4046·44
1881 861 2440 939 der Postsparcassa
471 888 1776 956 cassen-Gesetzes. In Betreff der Bildung humanitärer
1843 864 2782 996 und als Cassarest in der Handeassa
478 929 1782 1010 Institute wurde beschlossen: Sämmtliche Aerzte-
2952 935 3158 1037 43.74½
1938 973 2765 1061 am 31. December 1894
471 990 1776 1071 kammern mögen Comités für die Errichtung von
478 1054 1796 1118 für alle Aerzte Cisleithaniens gemeinsamen Wohl¬
1955 1017 3165 1142 Der Jahresbeitrag per 10 fl. wurde im Jahre
478 1101 1782 1179 fahrts-Instituten constituiren. Diese Comités mögen
478 1122 3165 1234 sich (durch ihre Kammer-Präsidien) in Verbindung 1894 von 923 Aerzten zur Gänze, von 9 Aerztem
471 1200 2426 1284 setzen und sich gegenseitig unterstützen. Die Fest- t. theilweise eingezahlt.
1969 1217 3148 1305 Der Präsident theilt mit, dass die Jahres
471 1264 1776 1342 setzung der Principien für eine ärztliche Standes
1857 1284 3145 1362 rechnung, die Bücher und Belege von den Rech
488 1311 1793 1406 ordnung wurde einem nächsten Kammertage vorbe¬
1857 1335 3148 1410 nungs-Revisoren Dr. Kornfeld und Prof. Dr. v
471 1379 688 1464 halten.
1857 1396 3162 1511 Hebra eingehend geprüft und richtig befunden
579 1379 1793 1481 Als geschäftsführende Kammer für die nächste
1860 1464 2104 1549 wurden.
478 1467 1776 1552 Periode wurde die mährische ernannt und beschlossen
1969 1474 3158 1586 Die Jahresrechnung wird genehmigt und ist der
478 1532 1776 1616 den nächsten Aerztekammertag in Brünn abzuhalten
1867 1555 2674 1657 Hauptversammlung vorzulégen.
576 1583 1725 1644 Die Wiener Aerztekammer stimmte der
1972 1610 2670 1701 4. Dr. Tölg referirt über
2660 1559 3168 1677 von zwei Aerzten
488 1637 1721 1705 schlossenen Geschäftsordnung des Aerztekammerta
1857 1660 3168 1749 gegen einander eingebrachte Beschwerden, welche
488 1691 1793 1759 bei. Ausserdem ist der Kammervorstand bestrebt, in
1874 1711 3162 1820 durch Zurückziehung gegenstandslos geworden. (Zur
488 1742 1810 1847 steter Fühlung mit den andern Aerztekammern zu
1857 1782 2162 1867 Kenntnis.)
488 1806 708 1888 bleiben.
1976 1776 3179 1888 5. Dr. Teleky referirt über mehrere Gesuche
600 1806 1793 1935 Mit hygienischen Fragen sich zu beschäftigen
1867 1884 3168 1949 um Nachsicht des Kammerbeitrages pro 1894; es
502 1898 1806 1972 kam die Kammer nur in einem Falle in die Lage:
1867 1938 3192 2033 wird beschlossen 62 Aerzten die Nachsicht zu ge-
491 1952 1799 2030 über Aufforderung der hohen n.-ö. Statthalterei gab
1877 1999 2087 2081 währen.
590 2006 1044 2091 ein Gutachten ab.
586 2020 1810 2125 In Berathung sind die Fragen über ärztliches
1993 2023 3189 2142 6. Die Hauptversammlung wird für Montag den
1867 2101 2613 2182 25. Februar 1895 anberaumt.
481 2118 1786 2193 Reclamewesen und über humanitäre Einrichtungen
2447 2155 2633 2254 * * *
502 2172 1793 2247 Sowohl die niederösterreichische als die mährische
495 2220 1799 2294 Aerztekammer haben zu den Berathungen des Co-
1925 2216 3111 2335 Vorstandssitzung am 9. März 1895
495 2274 1799 2355 mités für humanitäts-Einrichtungen Delegirte ent¬
2047 2315 3026 2416 Vorsitzender: Präsident Dr. Gauster.
624 2345 1776 2450 Weiter beschloss die Kammer nach eingehende
1969 2392 3185 2501 Ueber Einladung des ärztlichen Vereines des
502 2430 1776 2508 Berathung, dass der Vorstand nach entsprechende
1867 2460 3172 2545 III. Bezirkes zur Betheiligung an der Feier des fünf-
495 2491 1803 2596 Klarstellung ihrer Begründung Nachsichtsgesuche
1867 2521 3175 2589 undzwanzigjährigen Doctor -Jubiläums des Dr. Kar
495 2555 1715 2630 um Erlass des Jahresbeitrages bewilligen könne.
1881 2572 3192 2660 Reitter wird beschlossen, dass sich der Vorstand
600 2606 1816 2697 In den Landessanitätsrath entsendete die Kam-
495 2620 2901 2745 mer Herrn Dr. K hautz von Eulenthal und als an dieser Feier durch Delegirte betheilig
1979 2643 3179 2752 Der Präsident beantragt, im Siegel der Kam¬
495 2718 1701 2796 dessen Stellvertreter Herrn Dr. Heinrich Adle
1867 2731 3185 2823 mer die Wappen des Landes Nieder-Oesterreich und
596 2772 1698 2836 Dem Ehrenrathe lag ein Verhandlungs¬
1867 2792 2643 2880 der Stadt Wien zu führen.
505 2823 1782 2894 stand vor. Die Klage wurde anfangs des Jahres 189
1962 2830 3182 2921 Dr. Scholz beantragt, vor Beschlussfassung
512 2874 1799 2958 durch Ehrenerklärung des Beschuldigten beigelegt
1867 2891 3189 2982 hierüber Informationen beim heraldischen Amte ein¬
600 2931 1799 3013 Mehrere an die Kammer gerichtete Beschuldi
1884 2969 2511 3033 zuholen. (Angenommen.)
518 2982 1816 3070 gungen aus dem Publicum gegen praktische Aerzte
1976 2989 3196 3080 Dr. Heinrich Adler referirt über die Beschwerde
502 3053 1752 3111 erwiesen sich bei der Erhebung als unbegründet.
596 3067 3196 3192 Als Organ der Kammer wurde die «Oesterr. ärzt- des Dr. St. gegen Dr. G. und erklärt, dass dieselbe
1884 3114 3196 3202 gegenstandslos geworden sei, da Dr. St. seine Be¬
512 3152 1244 3233 liche Vereinszeitung» erklärt.
600 3175 3084 3280 Aus dem Angeführten geht hervor, dass die schwerde zurückgezogen hat. (Zur Kenntnis genomt
1993 3229 3084 3297 Dr. Teleky referirt über die Beschwerde
512 3243 1799 3338 Kammer seit der kurzenZeitspanne von sieben Monaten
1891 3274 3202 3365 Dr. B. betreffend die Ausübung der zahnärztlichen
505 3318 1816 3392 abgesehen von den organisatorischen Arbeiten, von
1871 3324 2891 3426 Praxis durch einen Arzt in einer Filiale.
512 3368 1796 3436 denen sie sehr in Anspruch genommen wurde, ein
2003 3372 3104 3453 Der Vorstand constituirt sich als Ehrenrath.
505 3419 1816 3487 Reihe von das Interesse der Aerzte tief berührenden
1993 3426 3196 3511 Nach Schluss der Ehrenraths-Sitzung referirt
525 3477 1806 3545 Fragen in den Kreis ihrer Berathungen gezogen und
1881 3484 3192 3562 Dr. Gauster über seinen Dringlichkeits-Antrag zu
518 3528 1823 3609 Schritte unternommen, die hoffentlich von günstigem
1952 3545 3189 3633 gänzung der Geschäftsordnung für den Vorstand
508 3575 1257 3670 Erfolge begleitet sein werden
1952 3616 3084 3673 „ Wiener Aerztekammer, dahingehend, es se
630 3599 1833 3701 Auf diesem Wege ist fortzuschreiten. Gestützt
1908 3663 3077 3731 6. «Dem Vorstande obliegt die Vorberathung
525 3663 1827 3762 auf kräftige Mitwirkung der ärztlichen Vereine und
1891 3721 3077 3775 Verhandlungs-Gegenstände, welche der Kammer
518 3738 1820 3809 der Aerzte Wiens, mit welchen die Kammer in steter
1898 3755 3185 3836 behalten und deren Beschlussfassung vorzulegen sind —:
518 3795 1820 3877 Fühlung bleiben muss, wird sie in besonnenem, von
1881 3829 3202 3890 den Zusatz zu machen: «ausgenommen jener, für die
525 3853 1816 3921 ruhiger Erwägung geleitetem und consequentem Vor
1884 3877 3196 3945 über Beschluss der Kammer durch diese selbst ein
532 3904 1816 3972 wärtsstreben allmälig die Ziele erreichen, welche die
1891 3934 3216 4009 eigenes Comité zur Vorberathung und Antragstellung
535 3961 1820 4026 Aufgabe der Aerztekammern bilden: die Hebung und
1884 3992 2281 4077 eingesetzt ist».
518 4019 1827 4090 Festigung der Standes Ehre und des Standes-An¬
1986 4022 3209 4107 Referent führt aus, dass durch Annahme dieses
518 4066 1830 4155 sehens, die Kräftigung des Aerztestandes im Interesse
1898 4094 3182 4165 Antrages Conflicte zwischen dem Vorstande und de
739 4124 1566 4199 und des allgemeinen Wohles.
1891 4155 3185 4219 Comités vermieden werden und dass dadurch auch
746 4144 1833 4253 Vorstand ersucht die geehrte Kammer, ihn
1881 4209 3199 4273 eine Entlastung des Vorstandes, der durch die laufen
518 4222 1691 4324 in diesem Sinne auch ferner zu unterstützen.»
1898 4260 3199 4338 den Angelegenheiten sehr in Anspruch genommen sei
1898 4317 3202 4392 herbeigeführt werde. Der Vorstand sei übrigens in
620 4287 1830 4399 3. Dr. Teleky legt die Jahresrechnung
505 4355 3213 4487 für das Jahr 1894 vor. Nach derselben betrugén die I der Lage, die Elaborate der Comités vor der Kammer¬
3765 495 6459 637 berathung kennen zu lernen und seine Ansichten in gehörigkeit zur Kammer ausgenommene Aerzte sind
5178 579 6476 647 wenn sie dem Vorstande begründet erscheinen, der
3762 610 4609 701 der Kammer geltend zu machen.
5175 620 6486 746 dem betreffenden Arzte vorgesetzten Behörde ab¬
3873 610 5110 786 Nach längerer Discussion wird der Antrag ab¬
5161 701 5392 790 zutreten.
5276 732 6476 803 Eine Anklage oder Beschwerde, welche ein in
5178 796 6486 871 der Wiener Aerztekammer vertretener Arzt gegen einen
3890 773 5100 898 Prof. Dr. Hofmokl referirt über die Beschwerde
3775 840 6479 973 des Vereines Wiener Zahnärzte gegen einen Zahnarzt Arzt eines anderen Kammersprengels einreicht, ist
5185 881 6489 976 wenn der Vorstanl sie beachtenswert erkennt, dem
4026 935 4690 1017 arktschreierischer Reclame.
5175 942 6473 1044 Kammervorstande des Sprengels jenes Arztes zu über
4026 935 5107 1051 Scholz beantragt, nachdem der betreffende
5175 1000 6473 1115 mitteln, gegen welchen die Anklage oder Beschwerd
3782 1037 5103 1135 Zahnarzt im Verzeichnis der in Wien zur Ausübung
5181 1084 5375 1169 lautet.
3778 1101 5107 1166 der ärztlichen Praxis berechtigten Aerzte nicht ver-
5276 1081 6473 1186 Dem Vorstande obliegt auch (§ 12, al. 5 K.-G.
3778 1139 5110 1230 zeichnet sei, vor weiterer Behandlung der Beschwerde
5178 1169 6493 1244 die Function als Ehrenrath in jenen Fällen, in welchen
3789 1213 5117 1281 sich an den Magistrat um Auskunft über die Praxis-
5175 1227 6486 1298 er durch eigene Wahrnehmung, durch Anzeigen oder
3778 1254 5110 1342 berechtigung des Zahnarztes zu wenden. (Angenommen.)
5175 1271 6493 1352 Beschwerden Kenntnis erlangt hat, dass ein in der
3884 1322 5120 1389 Nach dem Referate des Dr. Teleky über Ge-
5175 1322 6489 1403 Wiener Aerztekammer vertretener Arzt sich eines des
3795 1359 5124 1450 suche um Nachsicht des Jahresbeitrages pro 1894
5222 1379 6479 1464 ztlichen Standes unwürdigen Verhaltens schuldig
3778 1413 5134 1515 werden sieben Gesuchsteller befreit, fünf abgewiesen.
5219 1444 6500 1522 emacht oder seine Pflichten als Angehöriger der
5175 1494 6066 1586 Wiener Aerztekammer verletzt hat.
5276 1498 6489 1633 § 5. Jede eingelaufene Anzeige oder Beschwerde
4175 1545 4731 1664 B. Kmmersitzungen.
5175 1606 6462 1677 ist vom Präsidenten einem Vorstands-Mitgliede a
5192 1650 6462 1735 Referenten zuzutheilen, der nach vorgenommenen E
4148 1650 4771 1766 Kimmersitzung
5175 1705 6489 1782 lebungen mit möglichster Beschleunigung in einer
5178 1755 6489 1843 Sitzung des Vorstandes, welcher sich als Ehrenrat,
4158 1738 4765 1854 am 20. November 1894.
3907 1820 6473 1932 Vor Allem wurde mit lebhafter Befriedigung zur constituirt, den motivirten Bericht erstattet, woran
5198 1867 6483 1945 der Ehrenrath die Einleitung des ehrenräthlichen Ver
3789 1911 5124 1986 Kenntnis genommen, dass in Erledigung der von der
5185 1928 6489 1993 fahrens oder Abtretung der Anzeige an eine andere
3806 1969 5120 2043 Kammer über die Nothwendigkeit der Anhörung der
5195 1969 6503 2071 Kammer oder die competente Behörde oder Verwerfung
3806 2030 5127 2098 ärztlichen Vertretung bei der Reform des Kranken¬
5202 2047 5798 2121 der Anzeige beschliesst.
3799 2074 5124 2152 cassen-Gesetzes an das Ministerium des Innern ge¬
5280 2064 6489 2152 § 6. Ist Einleitung des weiteren Verfahrens be:
3806 2121 5124 2209 richteten Eingabe dieses die Kammer zur Beantwortung
5185 2138 6496 2213 schlossen, schreibt der Präsident eine neue Sitzung des
3795 2176 5124 2260 des diesbezüglich hinausgegebenen Fragebogens un
5198 2186 6503 2284 Ehrenrathes unter Einladung des Beschuldigten und
3806 2230 5144 2328 Angabe der ärztlichen Wünsche bis 31. December 1. J.
5337 2250 6056 2338 Leugen binnen 14 Tagen aus.
5337 2247 6500 2376 Wenn es vom Ehrenrathe nöthig erkannt oder von
3799 2304 4002 2376 einlud.
3897 2294 5117 2409 Hierauf wurde die vom Referenten, Reg.-R. D
5202 2345 6503 2440 dem Kläger oder dem Beschuldigten verlangt wird
3812 2379 5117 2470 Gauster, vorgelegte-Geschäftsordnung für den Vor
5202 2406 6069 2504 ist auch der Ankläger zuzuziehen.
3816 2433 5137 2521 stand als Ehrenrath berathen und mit ganz geringen
5303 2440 6503 2531 § 7 Erkennt der Ehrenrath während des ehren
3806 2508 5134 2613 Modificationen in nachstehender Fassung angenommen
5198 2521 6503 2599 räthlichen Verfahrens die Zuziehung von Sachver
5198 2569 6503 2657 ständigen als erforderlich, so sind die vom Ehrenrathe
4124 2575 4812 2687 Geschäftsordnung
5202 2623 6513 2738 zu bezeichnenden Sachverständigen vom Präsidenten
3867 2653 5066 2755 für den Aerztekammer-Vorstand als Ehrenrath.
5198 2691 5907 2772 zur Verhandlung einzuladen
5442 2704 6510 2796 Wenn Vorstandsmitglieder an der ehren
3904 2721 5141 2843 § 1. Der Vorstand der Aerztekammer fungirt auf
5209 2752 6513 2877 gerichtlichen Verhandlung theilzunehmen gehindert
3812 2809 5151 2887 Grund des § 12 des Kammergesetzes als Ehrenrath
5209 2847 6520 2928 sind, oder wenn sie am Verhandlungsgegenstande per¬
3961 2870 5131 2952 ammer in Fällen von persönlichen Streitigkeiten
5215 2891 6517 2969 sönlich betheiligt sind, müssen die Ersatzmänner des
3961 2928 5134 3009 werden und Anklagen der in der Kammer ver-
5222 2952 6517 3023 Vorstandes nach der Reihe ihrer Stimmenanzahl und
3812 2982 5134 3057 tretenen Aerzte unter oder gegeneinander in allen der
5215 2996 6520 3101 bei gleicher Stimmenanzahl in alphabetischer Reihen-
3819 3036 5141 3124 Competenz der zuständigen Behörden nicht unter-
5209 3067 5846 3152 folge einberufen werden.
3978 3087 4504 3165 den Angelegenheiten.
3816 3101 3989 3175 liegen
5317 3074 6523 3192 Die Vorstandsmitglieder sind verpflichtet, wenn
3975 3087 5154 3223 2. Dem Vorstande obliegt auch die Vermittlung
5219 3158 6523 3246 sie an der ehrengerichtlichen Verhan Ilung theilzu¬
3819 3199 5148 3263 bei Streitigkeiten zwischen Aerzten des Sprängels in
3812 3216 6513 3318 Beziehung auf die Ausübung ihres Berufes, und sind nehmen verhindert oder am Verhandlungsgegenstand
5222 3267 6517 3358 persönlich betheiligt sind, dies dem Präsidenten recht
3812 3311 5131 3365 die Aerzte nach § 12 K.-G. verpflichtet, vor Betretung
3826 3345 5649 3436 des Beschwerdeweges an die competenten Behörden zeitig anzuzeigen
5358 3331 6523 3443 9. Die Verhandlungen des Ehrenrathes sind
3806 3416 4822 3484 die Vermittlung der Kammer anzurufen.
5209 3426 6527 3514 mündlich und geheim.Leber dieselben wird ein Pro¬
3975 3457 5141 3531 3. Diese Vermittlung geschieht durch den
5229 3487 6530 3565 tokoll geführt, welches den Tag der Verhandlung, die
3826 3507 5134 3599 Präsidenten oder durch ein von ihm delegirtes Vor
5229 3545 6534 3619 Namen der anwesenden Ehrenrathsmitglieder, die
3812 3572 5134 3640 standsmitglied im Bureau der Kammer. Dieser Ver
5229 3595 6520 3673 Namen der übrigen Anwesenden und die Eigenschaft
3826 3623 5144 3717 handlung sind, wenn nicht die Streittheile einver¬
5229 3653 6534 3724 in welcher sie vor dem Ehrenrathe erscheinen, den
3826 3684 5154 3751 standenermassen es wünschen, keine anderen Personen
5232 3711 6540 3778 Verhandlungsgegenstand, die kurze Wiedergabe der
3812 3734 5164 3812 beizuziehen. Am Schlüsse jeder Verhandlung ist ein
5229 3758 6534 3839 Erklärung des Angeklagten, die Aussagen der Zeugen
3829 3785 5168 3860 Protokoll, enthaltend den Gegenstand und Erfolg der
3836 3816 6534 3958 Verhandlung, abzufassen und von den Anwesenden zu und Sachverständigen, endlich die motivirte Ent¬
5232 3867 6534 3955 scheidung des Ehrenrathes enthalten und vom Vor-
3826 3911 4182 3992 unterfertigen.
5222 3921 6550 4039 sitzenden und dem Schriftführer unterzeichnet werden
3931 3928 5161 4033 § 4. Anklagen und Beschwerden, welche gegen
5222 3995 5425 4080 muss.
3829 4002 5164 4077 Aerzte des Sprengels von Aerzten, die nicht dem
5317 3985 6537 4121 Das Protokoll verificirt der Ehrenrath in geheimer
3836 4060 5148 4134 Kammer-Sprengel angehören, einlangen, können nu
3826 4104 5439 4185 dann' in ehrenräthliche Behandlung gezogen werden,' Sitzung
5334 4104 6550 4212 § 10. Der Ehrenrath ist beschlussfähig, wenn
3843 4172 5164 4249 wenn ein Kammervorstands-Mitglied sie zu vertreten
5232 4182 6544 4277 wenigstens sieben Mitglieder anwesend sind. Er fasst
3826 4233 4161 4321 übernimmt.
5229 4249 6557 4341 giltige Beschlüsse mit einer Majorität von zwei Dritteln
3928 4229 5164 4358 Anzeigen und Beschwerden von Aerzten des
3829 4310 6550 4436 Sprengels gegen nach § 15 des K.-G. von der An- der Anwesenden; der Präsident stimmt mit Stimmen¬
