6920 4856
329 457 3056 583 zu entscheiden, ob eine Anstaitsbehandlung überhaupt, an sogenannten „geheimen“ Krankheiten Leidenden
1728 545 1972 623 handelt.»
332 556 1660 630 nöthig sei und ist erst im Bejahungsfalle das geeignete
1812 549 3042 667 Der Vorstand, welcher eine genaue Formulirung
332 617 1650 691 Institut ausfindig zu machen. Es ist aber nichts dagegen
1721 640 3039 711 der Anträge zur Bekämpfung des Reclamewesens im
332 664 1656 752 einzuwenden, wenn sich Privat-Heilinstitute, sei es durch
1721 698 3039 776 Interesse des ehrenräthlichen Verfahrens für noth¬
349 725 1663 793 Annoncirung in Fachzeitungen oder durch Versendung
1728 752 3045 837 wendig hält, stellte folgenden Antrag, über welchen
339 772 1660 837 von Prospecten u. s. w. an das ärztliche Publicum
346 820 2293 935 wenden und zu ihrer Empfehlung respective Benützung Dr. Scholz referirte:
1843 816 3045 925 «Der Bericht des Comités, sei als Grundlage, für
346 881 637 972 auffordern.
1734 918 3052 993 die Codificirung anzunehmen und einem Comité diese
447 901 1660 1026 c) Die an das Publicum gerichteten Aufforderungen
1741 979 2469 1057 Codificirung zu übertragen.»
349 986 1650 1077 auf dem Wege von in Hôtels und an anderen öffent
1836 969 3039 1081 Ueber die Anträge des Comités und des Vor¬
346 1047 1667 1131 lichen Orten angebrachten Books, von Placatirungen
1741 1074 3052 1145 standes entwickelte sich eine lebhafte, zweistündige
356 1108 1667 1172 ebenso wie von in die Häuser gesandten Briefen und
346 1128 3056 1223 Karten sind natürlich als womöglich noch unwürdigere  Debatte. Die differirenden Anschauungen waren eigent¬
1741 1179 3052 1253 lich formeller Natur, da der Vorstand eine präcise
362 1213 1663 1294 Hilfsmittel zur Erlangung einer ärztlichen Praxis an-
1728 1233 3052 1294 Formulirung der Anträge befürwortete, während das
346 1274 617 1358 zusehen.
1728 1284 3052 1365 Kammer-Comité mit seinem Referenten Dr. Herz die
454 1314 1673 1399 d) Mündlich kann die ärztliche Hilfe entweder
1819 1335 3022 1423 ergelegte allgemeine Fassung aufrecht erhielt. F
1826 1375 3015 1467 de von einer Reihe Redner beider Anschauung
362 1389 1673 1450 von dem Arzte selbst z. B. auf Bahnhöfen oder mit
1745 1436 3049 1521 der Wert der mühsamen und eingehenden Arbeit des
362 1433 1680 1514 Zuhilfenahme dritter Personen als da sind: Hôtelbe¬
362 1490 1673 1562 dienstete, Krankenhausportiere, Commissionäre und
1734 1501 3045 1579 Comités betont, und von den Anhängern einer be¬
356 1551 1660 1633 andere in öffentlichen Diensten stehende Personen
1748 1558 3052 1640 stimmteren Formulirung das Comité-Elaborat gleich¬
362 1609 1673 1711 feilgeboten werden. Alle diese Verfahren sind standes¬
1734 1606 2886 1687 falls als Grundlage einer solchen befürwortet.
3889 1369 6098 1897 Nenroses Des Rehlkopf
1843 1626 3045 1745 Schliesslich wurde die Beschlussfassung vertagt
359 1663 552 1745 widrig.
1734 1707 3039 1789 und auf Antrag des Dr. Kornfeld der Vorstand auf-
464 1694 1673 1812 Im höchsten Grade unwürdig und
362 1789 3045 1853 standeswidrig sind alle die genannten gefordert, eine Formulirung nach seiner Anschauung
362 1853 2056 1961 Formen der Reclame, wenn es sich hiebei um die 1 vorzulegen.
4868 1961 5887 2344 Citate
1646 2883 1799 2988 * * *
3506 3919 3726 4082 Pr.
996 4217 2415 4387 Genossenschafts-Buchdruckerei, Wien, IX. Alserstrasse 42.
2832 4404 3022 4566 4
