6856 4632
3447 204 6493 503 J. Solis Colen (Shiladelpch) will wohl unterschrei
3492 428 6270 810 wissen-automat (Resp), Refles (Hußen).
3508 658 6379 1044 rpsychs (Bonatier) Furet der Laigne
3561 897 6440 1268 v. Widersand der Abd. vervei op der schwächst
3508 1094 6258 1449 mit der meist gebrauchte Muskel. Die
3492 1339 6489 1706 Ston. Muskeln wenige gebraucht; ihr wer¬
3538 1623 4877 1911 Miderstandstärker,
3519 1714 6463 2066 Die rep. Impulso treffen den Nerven beständ,
3500 1956 6455 2350 tritt ein Keissazu (Refles od pagel) - erzog
3542 2202 4404 2441 in Addiction
3557 2301 6451 2694 Ein müßigen Reiz, vom resp. C. eröffnet
3545 2546 6289 2872 die Glottes lehnfs Resp; mich p. d. Re¬
3526 2736 5418 3141 so Erkent sie sich stärke.
3602 2868 6387 3296 4 im Päcken Januhen durch Reflegien
3538 3148 5373 3481 schließt sie zum Heßen
3568 3288 6311 3697 Impris von Mr. Elrich, den Contr. it
3568 3587 6519 3886 willk. Bezug schließt sie zum
3663 3795 4348 4064 Spivak
