7032 4872
4123 400 6394 759 Fruction since Rehlkopferve
3809 625 6693 1055 Erner (wien) Dennenstr über K. verver¬
3741 928 6551 1257 Sargay, Section 59. Vers. Natuif-Cerste
3741 1160 4673 1452 Berlin 1886
3730 1384 6659 1721 Demont d. A. lay. med an acat. Praep, amt.
3685 1571 6656 2065 beim Kinde. Wird an einem Bannchen
3569 1822 6476 2252 mit schwachen in den Strömen geeizt: der
3640 2091 6652 2533 Nusi. crico lhgr. contr. sich wie bei Reis
3595 2323 6484 2716 O La. Sup. - Ihiere, denen beiderseits
3547 2570 6506 2989 O Laryer M.D. leiderheit verschrittig vor
3573 2914 6581 3266 stecke nachmäng Tage; inde sie nicht fasser
3595 3049 6465 3535 Seilig nicht besonders. - Nach Nusschmach
3535 3281 6457 3708 its L. sup. od med. beich sowohl das
3524 3558 6457 4059 Schlücke als der Ihrem in der Freiehren
3685 3786 4385 4104 Zurück.
