6904 4712
3893 335 6165 807 Tates mit Laryakkrisen
3695 630 5733 1084 James Ross (Mauchester)
3810 965 5265 1307 Brain, April 1886
3540 1203 6407 1541 c Pat 3 5), 180 tpch los. Nebst andere
3713 1549 6565 1829 Syngsman seit 3. Jahren, seit 27. kräfde
3702 1721 6479 2100 Germisch bei d Juss; Parox von Apsnae
3709 1948 5049 2254 eingt Minister City.
3673 2064 6576 2506 die Stimme h währendet zu s. Resp machen und
3706 2337 6511 2802 "di nomale E cuis", di huwits bei gar
3756 2578 5243 2928 herp. empaenmal.
3727 2838 6468 3313 Entre 24/4 1885 - Quilopse avait il
3778 3061 4401 3360 taks.
1768 4113 2006 4332 V. P.
