6840 4520
4597 1028 5628 1170 Verhandlungen
3890 1255 6325 1488 WIENER ÄRZTEKAMMER.
4972 1468 5216 1600 G.C.P.
4106 1613 4719 1742 A. Vorstandssitzungen.
5223 1613 6450 1725 Die Interessen dieser beiden Stände wirken ja
5118 1701 6450 1769 zusammen. Je theuerere Medicamente verschrieben
3761 1712 5043 1830 Vorstandssitzung am 15. Jänner 1895.
5128 1762 6447 1827 werden, desto länger bleibt der Betreffende krank
5128 1813 6450 1884 (Lebhafte Heiterkeit) und so profitiren beide Theile,
3849 1799 5067 1911 Nach Verificirung des Protokolles der letzten
5128 1871 6447 1935 die Aerzte und Apotheker. (So ist es!) Das wollte
3755 1860 5060 1948 Sitzung und Bekanntgabe der Einläufe, theilt der
5118 1921 6231 1982 ich bezüglich der Medicamente erwähnen.»
3755 1945 5053 2006 Vorsitzende Primarius Dr. Heim den schriftlich vor¬
5223 1952 6464 2046 Der Vorstand der Wiener Aerztekammer, als der
3731 1989 5053 2057 liegenden Dringlichkeits-Antrag des durch Krankheit
3731 2050 5067 2121 am Erscheinen verhinderten Präsidenten Dr. Gauster
3741 2111 5067 2172 mit, betreffend die Stellungnahme der Wiener Aerzte-
5135 2131 6450 2195 ärztlichen Standes zu wahren, erklärt diese allge¬
3755 2161 5060 2229 kammer gegenüber den vom Abgeordneten Dr.
5128 2199 6447 2260 mein gehaltenen Verdächtigungen und Beschuldi¬
3731 2219 5067 2290 Lueger in der Sitzung des nied.-österr. Landtages
5128 2246 6450 2320 gungen als unwahr und legt gegen dieselben énergisch
3755 2270 5070 2324 vom 3. Jänner 1895 gegen den ärztlichen Stand er¬
5135 2300 5574 2385 Verwahrung ein.
3738 2320 5053 2388 hobenen Anwürfen. Der Antragsteller schlägt vor,
5216 2324 6501 2439 Der Vorstand der Wiener-Aerztekammer erlaubt =
3738 2378 5053 2442 die Verwahrung der Aerztekammer gegen diese un¬
5121 2398 6447 2476 sich ein hohes Präsidium zu bitten, diese Verwah¬
3741 2415 5043 2500 gerechtfertigten Angriffe in Form einer Resolution
3748 2469 6450 2571 dem Präsidium des nied. österr. Landtages zu über¬ Jung dem hohen nied.-österr, Landtage zur geneigten
5118 2513 5676 2601 Kenntnis zu bringen.
3761 2533 5053 2594 reichen mit der Bitte, dieselbe dem Landtage zur
5229 2564 5984 2669 Wien, am 15. Jänner 1895.
3738 2581 5060 2659 Kenntnis zu bringen. Wegen Dringlichkeit der An¬
3748 2655 5050 2730 gelegenheit wäre diese Resolution vom Vorstande zu
5591 2635 5963 2733 Der Präsident:
3731 2689 5050 2777 beschliessen und die Indemnität nachträglich von
5439 2696 6119 2811 Dr. M. Gauster m. p».
3738 2750 4377 2828 der Kammer einzuholen.
5216 2760 6434 2862 — Nach einem weiteren, von Dr. Gauste
3839 2774 5053 2875 Nach längerer Berathung wird der Antrag des
5118 2824 6434 2919 schriftlich eingebrachten Antrage wird beschlossen
3741 2821 5057 2926 Dr. Gauster mit einigen von Dr. Heinrich Adler
3738 2926 6440 2973 und Dr. Scholz beantragten Modificationen ein- dem Landtagsabgeordneten Constantin Noske
3741 2953 6444 3031 stimmig angenommen und folgende Eingabe be- | welcher in derselben Landtagssitzung die unquali¬
3714 3014 4008 3109 schlossen :
5111 3027 6447 3095 ficirbaren Angriffe des Dr. Lueger mit einer ener¬
5121 3065 6447 3149 gischen Zurückweisung beantwortete, schriftlich den
3826 3071 4982 3183 Hohes Präsidium des nied.-österr. Landtages!
5118 3129 5645 3217 Dank auszusprechen.
3846 3142 5053 3244 «In der dritten Sitzung der V. Session der 7. Wahl¬
3738 3230 5030 3301 periode des nied.-österr. Landtages am 3. Jänner 1891
3731 3291 5037 3352 machte der Landtagsabgeordnete Herr Dr. Luege
5128 3254 6403 3376 Vorstandssitzung am 31. Jänner 1895.
3731 3332 5037 3396 laut nunmehr vorliegenden stenographischen Proto¬
5212 3369 6393 3454 Anwesend: Sämmtliche Vorstandsmitglieder.
3724 3389 4502 3467 kolles folgende Aeusserung:
3839 3399 5037 3511 «Sie verstehen mich, meine Herren, und wissen
5212 3420 6427 3514 Nach Bekanntgabe der Einläufe wird zur Kennt¬
5118 3501 6420 3565 nis gebracht eine Beschwerde, betreffend die ärzt
3731 3460 5047 3565 ja, dass im ärztlichen Stande, wie in jedem andern
3717 3565 5043 3626 Stande, gewisse Dinge eingerissen sind, die niemand
5104 3552 6440 3619 liche Behandlung einer Frau in einer Wiener Heil¬
5111 3596 6410 3670 anstalt. Der Gegenstand wird durch Uebergang zu
3694 3585 5043 3690 billigen kann. (Abgeordneter Schneider: Pro¬
3738 3656 5043 3731 rente!) Sie wissen, dass die Aerzte zu den Apothe¬
5104 3656 6437 3731 Tagesordnung erledigt. Die Mittheilung des Präsiden¬
3670 3673 5037 3785 korn in einem gewissen Vertragsverhältnisse stehen
5104 3707 6440 3782 ten, dass er dem Ansuchen eines Arztes um Inter¬
3731 3778 5050 3836 vielleicht nicht in einem Verhältnisse des geschrie¬
5111 3771 6420 3846 vention anlässlich einer gegen ihn anhängigen straf
3731 3815 5037 3897 benen Vertrages. (Abgeordneter Schneider: Pro¬
5121 3829 6420 3900 gerichtlichen Untersuchung keine Folge gegeben
3717 3883 6437 3951 vision!) Sie kommen nicht am ersten Tage des I habe, wird zur genehmigenden Kenntnis genommen.
3721 3930 5040 4001 Jahres zusammen und sagen: Vertrag geschlossen
5206 3927 6427 4008 Das Comité für das ärztliche Reclamewesen leg
3721 3985 5030 4066 am heutigen Tage zwischen X, Apotheker und Dr. Y
5118 3971 6417 4062 seinen Bericht vor. Es wird beschlossen, denselben
3717 4032 6261 4113 Arzt. Aber der Vertrag besteht und wird pünktlich 1 der Kammer mit folgendem Antrage vorzuleg
3731 4106 5037 4188 gehalten, pünktlicher als mancher Vertrag, der beim
5216 4100 6112 4177 «Da der Vorstand eine genaue For=
5094 4130 6143 4242 Anträge im Interesse des ehrenräthlichen
3724 4154 4489 4245 Notar geschlossen worden ist.
