6888 4968
531 576 3225 747 zweite und dritte Satz, § 22 al. 2, § 24 Punct 1 rung der Erwerbssphäre der Aerzte ent¬
1916 655 3229 761 zogen, den durch die Qualition wesentlich herab-
1916 709 3194 805 gesetzten Aufwand dieses Theiles der Bevölkerin
662 713 1416 785 § 34 al. 3 hätten zu entfallen.
1926 768 3194 864 für ärztliche Hilfe auf einen kleinen Kreis von Aerzte
662 740 1844 843 Selbstverständlich müsste das Princip des Weg
548 795 1861 888 falles des freiwilligen Beitrittes in den' entsprechenden
2529 809 3218 895 gs den im Beginne der Lauf¬
1926 829 2416 922 vertheilt, diesen alle
1933 850 3229 960 bahn besonders schweren Kampf ums Dasein er¬
559 857 1868 953 Paragraphen des Gesetzes consequent durchgeführt
1933 915 3222 1015 leichtert, aber auf Kosten der grossen Masse ihrer
559 915 1868 1025 werden, daher auch im § 37 al. 1 u. s. w. dies zur
1923 967 3229 1073 Collegen, Dass die Gesammtheit der Aerzte durch
555 980 1210 1076 Geltung zu bringen wäre.
644 1008 1851 1121 4. In § 14 al. 2 wäre auch die gutächtliche Ein-
1923 1025 3222 1131 das Krankencassengesetz eine wesentliche Schmäle¬
1923 1080 3191 1176 rung ihres Einkommens erfahren hat, geht daraùs hervo
542 1083 1570 1169 vernahme der Aerztekammer festzusetzen.
1683 1083 1858 1186 Insbe¬
1923 1131 3198 1227 dass ein erheblicher Theil der Cassenmitglieder (4>5%
733 1138 1488 1217 § 16 hätte zu lauten:..
1923 1193 3201 1292 aus «Freiwilligen», also im Sinne unserer obige
542 1141 1847 1272 sondere liegt ihm die entsprechende Durchführun
555 1241 1841 1323 einer wirksamen Krankencontrole ob. Diese Con
1926 1241 3232 1333 Ausführung der Wohlthat des Gesetzes nicht Be¬
542 1306 1707 1392 trole hat durch Aerzte zu erfolgen.—
1933 1296 3236 1381 dürftigen besteht, wie aus der enorm hohen Zahl der
1933 1347 3239 1436 Krankenvereine und Hilfscassen, die ja auch auf dem
692 1357 1330 1422 7. § 27 hätte zu lauten:
668 1354 1847 1470 «Bei jeder Bezirkskrankencasse sind zur Bildun
1923 1392 3246 1494 Princip der Coalition gegen den ärztlichen Stand
559 1443 1844 1532 der Reserve jährlich mindestens ein Zehntel de
1933 1450 3239 1560 beruhen. Im Jahre 1892 bestanden in Wien nicht
559 1501 1878 1601 Jahresbetrages der Cassenbeiträge zu verwenden. Von
559 1512 3095 1645 diesem Betrage ist ein nach § 39 zu bestimmender weniger als 383 Kranken- und Leichenvereine!
2043 1542 3232 1645 Die Weiterentwicklung des Krankencassen wesens
555 1611 1865 1673 Theil dem Reservefonde des Cassenverbandes zuzu¬
566 1618 3232 1745 führen; der Rest dient zur Bildung des Reservefondes | in diesem Sinne muss nothwendiger Weise zum Ruin
1947 1673 3232 1762 des ärztlichen Standes führen. Dass es
562 1707 1871 1789 der Casse, welcher mindestens im Betrage der zwei¬
555 1724 3232 1844 fachen durchschnittlichen Jahresausgabe anzusammeln aber hiezu nicht komme, ist nicht nur ein Gebot den
1940 1775 3242 1871 Gerechtigkeit gegenüber dem ärztlichen
566 1820 1868 1906 und erforderlichenfalls wieder bis zu dieser Höhe
1947 1837 3236 1947 Stande, es liegt in letzter Linie auch im Staats
555 1868 1878 1957 zu ergänzen ist. Für die Anlage der Reservefonde sind
572 1919 2286 2043 die Bestimmungen über die Anlage von Pupillarver- interesse.
2043 1902 3253 2036 Denn der ärztliche Stand nimmt im Staatsleben
1950 1985 3239 2084 eine exceptionelle Stellung ein, er bildet geradezu
555 1991 1090 2080 mögen massgebend.»
686 2015 1889 2118 8. § 2 der Ministerial-Verord-nung vom
1940 2043 3232 2132 eine öffentliche Institution. Ohne die Mit
566 2101 1717 2183 10. April 1889, R.-G.-Bl. 47, hätte zu lauten
672 2098 3232 2228 «Das Schiedsgericht besteht aus einem ständigen I hilfe der Aerzte ist eine wirksame Handhabung de
566 2149 3229 2269 Vorsitzenden, vier Beisitzern, von denen Einer Arzt öffentlichen Gesundheitspflege nicht denkbar, nich
566 2204 3246 2327 sein muss und dessen Anwesenheit zur Fassung eines i nur bei Epidemien, sondern auch in Zeiten gesund¬
1937 2266 3232 2365 heitlichen Friedens appellirt der Staat an die Unter
566 2317 1566 2413 giltigen Beschlusses nothwendig ist...
1950 2320 3253 2406 stützung der Aerzte, ja er legt ihnen sogar Pflichten
668 2303 1889 2434 Die Wiener Aerztekammer spricht schliesslich die
1957 2382 3263 2454 auf, für welche es in keinem anderen Stand ein Ana¬
566 2403 1885 2492 Bitte aus, im Falle des Stattfindens einer seitens des
1947 2416 3253 2509 logon gibt; das Gesetz zwingt den Arzt, selbst dort
579 2461 1889 2540 k. k. hohen Ministeriums einberufenen mündlichen
1947 2471 3232 2564 Dienste zu leisten, wo er von vornherein gar kein
566 2512 1895 2598 Enquête zur Entsendung von Delegirten
1957 2523 3246 2619 Aussicht auf Entlohnung hat. Verdient er hiefür
1957 2584 3249 2667 nicht das Aequivalent eines gewissen Schutzes seine
583 2574 1165 2680 aufgefordert zu werden.
1947 2639 3266 2725 Existenz, in analoger Weise etwa, wie er dem
1950 2694 2739 2797 Apothekerstand gewährt wird?
672 2694 1889 2817 Die Kammer erlaubt sich, nunmehr den Stand¬
2053 2711 3253 2821 Aber nicht nur, dass der ärztliche Stand eines
590 2769 1865 2879 punkt zu kennzeichnen, den sie in der Kranker
1950 2793 3260 2879 solchen Schutzes entbehrt, das Krankencassengesetz
579 2848 1272 2924 cassenfrage einnimmt.
689 2845 3263 2968 Das sociale Reformwerk der Krankencassen-Ge- bildet eine schwere Gefährdung seiner Existenz, und
1971 2903 3256 2989 darum kann die ehrerbietigst gefertigte Wiener
579 2941 1895 3023 setzgebung hat vielleicht bei keinem factor im Staats-
590 2968 3253 3081 leben ein so tiefes Verständnis gefunden, wie bei den  Aerztekammer nicht umhin, in der Kranken
1971 3009 3256 3098 cassenfrage sichzunächst auf den Stand¬
596 3054 1899 3136 Aerzten. Ist es ihnen auch klar, dass ihre Interessen
1957 3074 3229 3170 punkt der Wahrnehmung der Interesse
596 3109 1889 3188 naturgemäss in einem gewissen Gegensatze stehen
579 3119 3225 3246 zu jenen der Krankencassen, deren Hauptzweck es des ärztlichen Standes zu stellen, wob
1950 3174 3277 3263 sie aber auch von dem Bewusstsein durchdrungen ist,
579 3201 1889 3308 . ist, die ihren Mitgliedern zugesicherte ärztliche Hilfe
1964 3232 3270 3321 dass die Institution der Krankencassen, insoferne sie
596 3266 1895 3345 um einen billigeren als den üblichen Preis, und
590 3280 3256 3393 daher zum Nachtheile, das heisst auf Kosten der | sich auf den armen Theil der Bevölkerung bezieht
590 3342 3256 3465 Aerzte zu erlangen, so schweigt ihr berechtigter. nicht nur des weitestgehenden staatlichen Schutze
1981 3390 3246 3479 würdig ist, sondern auch verdient, dass der Staat
603 3428 1902 3517 Egoismus aus Gründen der humanität, insolange es
1988 3445 3239 3523 wenn es Noth thut, für ihre Erhaltung materiell
590 3475 1895 3561 sich hiebei nur um die unbemittelte Class
590 3499 3270 3616 der Bevölkerung handelt. Wenn aber das Gesetz über O pfer bringe, ebenso wie dem ärztlichen Stande selbst
1974 3551 3280 3643 niemals ein Opfer zu gross gewesen ist, noch je sein
590 3585 1909 3678 diesen Kreis hinausgeht, wenn es durch die Gestattung
1974 3609 3280 3688 wird, welches im Interesse der kranken und der
590 3647 1913 3719 des freiwilligen Beitrittes in den verschiedensten
1978 3661 3057 3750 armen Bevölkerung von ihm erwartet wird
590 3691 1926 3777 Formen bemittelten Personen diese Wohlthat
2087 3681 3270 3787 Es frägt sich nunmehr, auf welche Weise dem
607 3743 1913 3832 zuwendet, so statuirt es einerseits Wohlthaten für
1974 3760 3280 3853 ärztlichen Stande der ihm nothwendige Schutz auf
607 3794 1913 3883 Personen, die derselben nicht bedürftig sind, unter
1978 3822 3280 3900 dem Gebiete des Krankencassenwesens zu Theil wer¬
603 3859 1923 3959 Heranziehung der Beiträge der wirklich Armen, es
1981 3877 3287 3996 den könnte, ein Schutz, dessen Nothwendigkeit gewiss
590 3911 1659 4024 schädigt andererseits den ärztlichen Stand.
1974 3942 2797 4034 von Niemandem bestritten wird.
696 3935 1902 4044 Dass diese Schädigung eingetreten ist, lehren die
2070 3948 3290 4058 Eine grössere Zahl von Aerzten in Wien hat
603 4007 1926 4092 Thatsachen. Die Erwerbsverhältnisse der Aerzte, aus
1995 4041 3287 4113 durch ihre Stellen als Cassenärzte für iure
603 4068 1930 4168 vielfachen anderen Gründen, deren Erörterung hier
1985 4089 3270 4175 Existenz eine Grundlage erlangt, welche vielen ande-
603 4120 1923 4223 zu weit führen würde, ohnehin schon notorisch in
603 4147 3287 4254 stetigem Niedergange begriffen, sind durch, das ren fehlt. Wir halten es nun für ein Gebot der Ge¬
1988 4206 3273 4281 rechtigkeit, dass die unter staatlicher Patro-
603 4230 1923 4329 Krankencassen- und durch das Hilfscassengesetz zu
1988 4257 3280 4332 nanz stehenden Cassen nach dieser Richtung hin nicht
603 4288 1923 4384 einem wahren Nothstande geworden; denn diese
1995 4315 3280 4397 gewissermaßen privilegirte Existenzen schaffen, dass
620 4339 1923 4418 Gesetze haben einen nicht unbeträchtlichen
600 4367 3290 4548 Theil der zahlungsfähigen Bevölke-  sie somit ihren erkrankten Mitgliedern die Wahl
5110 470 6433 617 Reform des Krankencassen - Gesetzes unterzogen.
3709 483 5045 620 ihres Arztes anheimgeben. Diese freie Arzt-
5104 559 5347 644 (Beifall.)
3726 593 5042 662 wahl liegt aber auch im' Interesse der
5217 586 6447 675 Sodann erstattet Dr. Heim das Referat über
3726 634 5052 720 Kranken selbst: Die Möglichkeit, sich den
5121 658 6440 733 den Antrag des Dr. Herz und Dr. Kolisko, be¬
3719 692 5052 768 Arzt seines Vertrauens zu wählen, ist dem Kranken
5117 723 6451 788 treffend die Befreiung der in Wien prakti¬
3726 751 5045 812 ein unschätzbarer Trost im Leiden. Der tröstende
5128 775 6437 843 cirenden Aerzte von der Leistung des
3719 805 5052 874 beruhigende, Hoffnungen erweckende Einfluss der
5110 826 6433 905 Kammerbeitrages während der ersten
3719 850 5056 922 Person des Arztes ist oft genug das Einzige, was er
5121 891 6437 949 vier Jahre nach der Promotion. Referent be¬
3719 901 5042 984 dem Kranken, dessen Lebensfaden gemessen ist, zu
5121 946 6317 1004 antragt namens der Majorität des Vorstandes,
3719 960 5038 1039 bieten vermag. Wo diese intime persönliche Be
5121 994 6320 1073 solche weitgehende Befreiung einer ganzen Kate
3719 1018 5032 1087 ziehung zwischen Arzt und Kranken fehlt, wird de
5110 1035 6440 1107 von Aerzten von der Leistung des Kammerbeitrages
3726 1063 5052 1148 Erfolg des ärztlichen Handelns erschwert, und er wird
5121 1097 6433 1176 nicht zu bewilligen, empfiehlt dagegen die An
3736 1121 5045 1196 umsomehr gefährdet, wenn, wie bei dem gegenwärtigen
5110 1158 6344 1241 nahme nachstehender. Anträge des Vorstandes:
3736 1186 5052 1248 System, dem einzelnen Cassenarzte Hunderte von Kran
5200 1193 6430 1299 1. Die Kammer erklärt sich bereit, jener
3736 1224 5056 1302 ken überwiesen werden, für welche er gerade noch Zeit
3719 1275 6440 1364 findet, Recepte zu schreiben, aber nicht mehr, sie in-. Aerzten, die unter Angabe zutreffender rücksichts-
5117 1316 6433 1405 würdiger Gründe um die Nachsicht des Jahresbei
3736 1340 5049 1416 dividualisirend zu behandeln. Wir meinen daher,
3733 1378 6118 1470 dass das Krankencassengesetz den trages ansuchen, dieselbe zu gewähren.
5220 1409 6440 1518 2. Der Vorstand wird ermächtigt, die Gesuche
3729 1446 5062 1515 Cassenmitgliedern ausdrücklich die
5217 1498 6313 1566 Nachsicht des Jahresbeitrages zu erledigen.
3736 1494 5042 1573 freie Wahl des Arztes vorbehalten solle. Selbst
5224 1518 6451 1618 3. Ueber Antrag des Dr. Scholz empfiehlt
3729 1549 5049 1625 verständlich müssten in diesem Falle. Cautelen ge-
5104 1590 6440 1673 der Vorstand forner, Erhebungen über die Nach-
3743 1607 5059 1676 schaffen werden, um Missbräuche, die als Folge der
3736 1652 6447 1734 freien Arztwahl denkbar sind, hintanzuhalten, wie sichtsgesuche in der Weise zu pflegen, dass die'Ob¬
3729 1697 6457 1837 Aerzte, welche die ihrer Controle unterliegenden Kränner der ärztlichen Vereine ersucht werden, sich
3719 1710 5042 1782 z. B. die Ausübung der Controle der Kranken durch
5117 1755 6437 1830 über die Verhältnisse der in ihrem Bezirke wohn
5114 1806 6440 1882 haften Nachsichtswerber.zu äussern, resp. wenn
3859 1827 4822 1906 t gleichzeitig behandeln dürfen, u. s.
3859 1865 6433 1947 Naturgemäss knüpft sich an das Postulat der ihnen die Verhältnisse nicht bekannt sind, zwe
5121 1913 6430 1988 Colleg^n zu ersuchen, die Rücksichtswürdigkeit des
3729 1913 5066 2009 freien Arztwahl die Frage, ob dieselbe finanziell
5128 1967 6440 2077 Betreffenden sicherzustellen und mit ihrer Unter
3743 1985 5066 2050 durchführbar ist. Wir glauben, diese Frage mit dem
5128 2046 5683 2118 schrift zu bestätigen.
3726 2036 5056 2118 Hinweise auf die Stadt Leipzig bejahen zu können,
5224 2053 6454 2159 Zum letzteren Antrag stellt Referent den
3736 2087 5052 2187 wo die freie Arztwahl sich als-durchführbar erwiesen
3750 2146 5052 2214 hat. Sie wird auch bei uns und umso leichter mög-
5117 2142 5474 2228 Zusatzantrag:
3729 2207 5049 2272 lich sein, wenn durch Bildung grosser Cen-
5224 2159 6440 2279 4. Bei den in subalternen Stellungen, befind-
3743 2259 5059 2317 trälverbände die Verwaltungskosten
5117 2248 6457 2324 lichen Spitals- und Anstaltsärzten hat das Visum des
3750 2300 5049 2375 herabgemindert werden, und wenn von der Schaf
5128 2310 6454 2379 betreffenden Directors oder Anstaltsleiters auf den
5128 2358 6447 2458 Gesuchen als Bestätigung der Zahlungsunfähigkeit
3746 2358 5049 2440 fung eines Reservefonds entweder ganz abgesehen
3743 2396 5412 2495 oder dessen Bildung durch kleinere Zuschüsse als zwei zu dienen.
3736 2464 5080 2533 Zehntel des jährlichen Cassenbeitrages, also etwa
5234 2440 6451 2553 Dr. Teleky stellt den von ihm im Vorstande
3743 2516 5042 2601 jährlich ein Zehntel bewirkt wird, da dieser Beitra
5128 2533 6447 2615 als Minoritätsvotum angekündigten Antrag, es sei
3750 2574 5038 2643 für ausserordentliche Fälle das Auslangen nicht er
5145 2584 6447 2663 von den kammerpflichtigen Aerzten der Kammerbei
3743 2622 5066 2708 möglicht, wogegen für normale Zeiten auch ein ge¬
5128 2649 6447 2721 trag erst vom dritten Jahre nach der Promotion
3743 2691 4171 2780 ringerer genügt.
5128 2694 6461 2783 an einzuheben, so dass dieselben in den ersten zwei
3849 2691 5069 2817 Das zweite Mittel, um dem ärztlichen Stande
5128 2752 6241 2831 Jahren von dieser Leistung befreit wären.
3743 2780 5045 2886 den ihm gebührenden Schutz zu Theil werden z
5241 2776 6447 2886 Dr. Herz spricht sich gegen die Anträge des
3753 2835 5018 2920 lassen, besteht nach unserer früheren Auseinande
5128 2859 6344 2955 Referenten aus und beharrt auf seinem Antrags
3743 2907 5066 2965 setzung in der Beschränkung der Wirksam
5241 2889 6457 2985 Dr. Kolisko schliesst sich dem Antrage des
3760 2951 5059 3033 keit des Gesetzes ausschliesslich auf die
5145 2975 6451 3044 Dr. Teleky an und stellt für den Fall der Ablehnung
3743 3016 4689 3074 zum Beitritt Verpflichteten.
5145 3026 6451 3098 desselben den Eventualantrag, die Directionen der
3846 3013 5080 3129 Das dritte endlich in der Aufnahme von Be¬
5141 3064 6461 3150 Wiener Krankenhäuser seien zu ersuchen, für ihre
3753 3105 5073 3191 stimmungen in das Gesetz, welche geeignet
5145 3133 6454 3212 Subalternärzte, welche sich melden und in Beziehung
3743 3164 5066 3225 erscheinen, das Ansehen und die Würde des
5141 3191 6461 3270 auf ihre materiellen Verhältnisse Berücksichtigung
3750 3222 5073 3297 ärztlichen Standes zu schützen, welche einer
5141 3236 6457 3349 verdienen, um Befreiung vom Kammerbeitrage anzu¬
3743 3273 5076 3352 schweren Einbusse dadurch ausgesetzt sind, dass heute
3753 3318 5354 3407 die Cassenärzte bezüglich ihrer Anstellung und Ent¬ suchen.
5248 3335 6464 3451 Dr. Scholz befürwortet die Annahme der
3743 3376 5076 3458 hebung so wie bezüglich der Controle ihrer Thätigkeit
5141 3410 5625 3499 Referentenanträge.
3753 3431 5073 3513 oft genug von Cassenvorständen abhängig sind,
5258 3410 6475 3544 Dr. Gersuny schlägt folgende Modification
3753 3489 5073 3582 deren Einsicht für eine gerechte und würdige Be¬
5141 3503 6022 3595 des Antrages des Dr. Teleky vor:
3743 3551 4826 3640 handlung des Arztes keine Gewähr bietet.
5258 3544 6481 3647 Von dem Kammerbeitrage für das Jahr 1895
3863 3582 5080 3674 Von diesem Standpunkte aus sind obige Fragen
5152 3623 6475 3695 sind jene Aerzte befreit, deren Promotion aus den
3760 3643 5083 3746 beantwortet und wurden einige Wünsche zur
5141 3671 6050 3767 Jahren 1893, 1894 und 1895 datirt.
3753 3709 4812 3815 Kenntnis der hohen Regierung gebracht.
5254 3702 6488 3818 Dr. v. Khautz, Dr. Kramer und Dr. Weiss
5145 3774 6214 3859 unterstützen die Anträge des Vorstandes.
5258 3808 6502 3911 Dr. Schnabl schliesst sich dem Antrage des
5158 3877 6440 3966 Dr. Gersuny, resp. dem Eventualantrage de
4130 3870 4727 4000 Kimmersitzung
5141 3948 6427 4031 Dr. Kolisko an, spricht sich aber gegen den Anträ-
5162 3996 6454 4072 des Vorstandes bezüglich der Erhebungen über die
4103 3969 4754 4092 am 29. December 1894.
5158 4055 6481 4137 Nachsichtsgesuche durch Vertrauensmänner aus den
3873 4086 5080 4202 Vorsitzender: Präsident Dr. M. Gauster
5158 4120 5823 4219 ärztlichen Vereinen aus.
5265 4130 6505 4233 Dr. Jellinek beantragt: Die Aspiranten an
3870 4188 5083 4264 Der Vorsitzende spricht dem Krankencassen
5158 4202 6495 4295 den k. k. Krankenanstalten und den ihnen gleichge¬
3753 4233 5093 4339 Comité den Dank aus für die mühevolle Arbeit, der
3760 4274 6516 4401 es sich in Angelegenheit des Gutachtens über die ’ stellten Instituten sind vom Jahresbeitrage zu be¬
