6936 4600
3504 125 5980 488 Von dem belehten Nerven keine Adi¬
3489 291 6524 771 erhalten. (Hooße ich Ansicht, so die Abdachte
3508 612 6154 979 für Krankl. u Vollt. weniger empfandlich
3576 862 6358 1217 Todlung der Hände. Reizung. Abd der rechten
3542 1081 6517 1493 Ald auf der Aufte Bils. ist weissbaren
3444 1368 6479 1712 Creu post fürbt schnellen ab at its weniger
3451 1610 4188 1875 ni stann.
3504 1716 6528 2117 de Bride (Def.) Warum thut das b Mukal nicht
3519 1984 4910 2268 auch auf der v. Seite.
3523 2128 6471 2552 Doralds erkleit die klin. Beobruß der Medicostels
3493 2381 6441 2699 bei Recoläsionen mit dasste consente drei
189 2336 650 2740 G.C.F.P.
3466 2612 6434 2884 als rechen schon bei den versterer Abdrit
3512 2831 5386 3153 Furdionsverlaß hervoruf.
3489 3043 6294 3368 de Borde glaubt, dets ma deux annum
3485 3232 6347 3531 müsse, bevor der Stimmbsmed für wäre
3481 3413 6471 3795 müsste ein Abdictorkomst u Aphonia nochergehen
3496 3614 6437 3912 war die klüntel Beobacht in Abredstellt
