7016 4872
3796 443 6389 878 Burgarisch Dualjse st K.C. Rochs
3645 693 5882 1113 Raafel Urwa (Madrid) 1886.
3687 912 6487 1313 Stimmkörung die sich nicht nur eben an als Lefund
3679 1234 4534 1457 erkändn lasse.
3649 1268 6423 1673 keine Vermögen d Stimmler oblige Linie.
3668 1556 6472 1938 derer vordre Theil auch & od. l. gerichtet ist
3675 1768 6480 2044 od daß das ein der Ldes sich lassamen beide
3626 1976 6503 2290 Abd entfernt, od daß beim Blichten eine
3664 2169 6071 2559 Verschiedenheitter Sfaūmte Bäs zahit
3611 2332 6393 2877 Diese Erscheinung hänger in ein Insichiff
3668 2665 6548 3081 der Unkalung ab; die Erscheinung ande¬
3611 3002 4637 3372 sich jedoch sehr
3550 3471 6586 3933 [illegible]icht t. Auf und non hgst Pare.
5818 3781 6313 4232 Schi.
965 4084 1162 4326 mais ce
1605 4020 2388 4425 G.C.H.T.K.V.T
