6952 4904
472 574 3136 692 enthaltung ist keinem Mitgliede des Ehrenrathes ge- erwachsen sind, im Wege der Execution hereingebracht
1850 645 2067 730 werden.
1938 641 3143 747 § 16. Die Functionen eines ehrenräthlichen Mit-
472 679 665 753 stattet.
570 672 1775 801 § 11. Der Vorsitzende eröffnet die Verhandlung,
1843 726 3139 821 gliedes sind ein Ehrenamt und unentgeltlich. Etwa
492 764 1775 842 indem er die Beschlussfähigkeit des Ehrenrathes, even
1850 781 3153 893 durch Erhebungen verursachte bare Auslagen werden
489 828 1785 896 tuell die Anwesenheit des Beschuldigten und aller
1850 855 2050 940 ersetzt.
506 876 1778 943 übrigen Vorgeladenen constatirt und durch den Schrift¬
1948 852 3122 988 § 17. Die sämmtlichen ehrengerichtlichen Acten
499 923 1785 1005 führer die Beschwerde, bezw Anklage und den motivir¬
1972 940 3143 1028 gesondert unter Verschluss aufzubewahren und
485 974 1792 1069 ten Beschluss des Ehrenrathes zur Einleitung des
1968 1001 3098 1072 ber dieselben ein eigenes Protokoll zu führen.
485 1028 1524 1113 ehrenräthlichen Verfahrens verlesen lässt.
1931 1032 3139 1134 Die Protokollnummern der ehrenräthlichen Er¬
577 1093 1789 1164 Hierauf erhält der Beschuldigte das Wort zur
1853 1103 3153 1225 kenntnisse sind im ärztlichen Standesbuche vorzu-
489 1144 1792 1229 Gegenäusserung, wonach die Zeugen eventuell auch
1850 1178 2084 1259 merken.
485 1191 1588 1262 die Sachverständigen einvernommen werden.
1921 1171 3160 1276 Sodann wurde die Geschäftsordnung für die
591 1225 1775 1320 Ist der Beschwerdeführer selbst anwesend, erhält
1850 1239 3156 1347 Aerztekammertage (Delegirtenversammlung der öster¬
489 1296 1782 1402 er hierauf das Wort. Die Schlusseinrede steht dem
1843 1324 3139 1398 reichischen Aerztekammern) genehmigt, sowie die vom
492 1368 950 1449 Beschuldigten zu.
594 1378 3146 1476 Es steht dem Ehrenrathe frei, nach Bedarf oder I Delegirtentage vorgenommenen Wahl der mährischen
1853 1425 3146 1534 Aerztekammer als geschäftsführende Kammer für ein
499 1456 1785 1534 über Antragdes Beschuldigten, event. des Beschwerde¬
1829 1493 2328 1575 Jahr gutgeheissen.
499 1517 1785 1588 führers noch andere Zeugen einzuvernehmen und zu
1955 1490 3143 1612 Die «Oesterreichische ärztliche Ver-
489 1575 1649 1653 diesem Behufe die Verhandlung zu vertagen.
1846 1571 3153 1660 einszeitung» wurde zum officiellen Organ der
570 1598 1782 1697 Jedes Mitglied des Ehrenrathes hat das Recht,
1836 1646 3146 1714 Kammern bestimmt und ist den Kammermitgliedern
495 1680 1775 1748 Fragen an den Beschuldigten, die Zeugen und Sach
1853 1697 3160 1805 und deren Stellvertretern je ein Exemplar des Blattes
489 1731 1785 1833 verständigen, eventuell an den Beschwerdeführer zu
1843 1758 2179 1846 zuzumitteln.
482 1795 672 1870 stellen.
1945 1782 3139 1880 Professor Dr. R. v. Hebra und Primararzt Dr
591 1812 1785 1900 Der Präsident'leitet die Verhandlung und sorgt
1860 1846 3153 1965 Hans Adler wurden zu Rechnungs- und Cassa-
499 1873 1785 1958 für die vollständige Erörterung der Angelegenheit.
1843 1921 2301 2016 revisoren erwählt.
479 1945 1310 2016 Er handhabt die Sitzungspolizei.
584 1955 1789 2057 § 12. Nach Schluss der Verhandlung fällt der
495 2046 1785 2128 Ehrenrath entweder sogleich das Erkenntnis oder be¬
2220 2050 2783 2165 Kmmersitzung
482 2104 1792 2175 schliesst den Tag, wann das Erkenntnis den Parteien
482 2158 1778 2243 verkündet wird. Die Frist darf 14 Tage nicht über
2196 2141 2827 2260 am 22. December 1894.
499 2223 757 2304 schreiten.
1914 2220 3102 2338 Vorsitzender: Präsident Dr. Moriz Gauster.
577 2220 1782 2325 Das Erkenntnis wird m'indlich verkündet und
499 2315 1775 2396 über Verlangen der Parteien denselben schriftlich mit
1962 2311 3149 2423 Nach Verificirung des Protokolles der letzten
499 2369 1775 2450 getheilt. Es kann den Parteien entweder vom Prä¬
1860 2386 3143 2474 Kammerversammlung und Mittheilung der Einläufe
495 2433 1792 2528 sidenten allein, oder vor dem versammelten Ehren¬
1853 2450 3146 2522 wird die Wahl eines zweiten Cassa- und Rechnungs
495 2484 1069 2572 rathe verkündet werden.
584 2508 3156 2603 § 13. Der Ehrenrath kann gegen solche der Kammer revisors vorgenommen, nachdem Dr. Hans Adler
1873 2555 3163 2640 die auf ihn gefallene Wahl nicht annehmen zu
492 2579 1782 2654 angehörige Aerzte, welche sich eines des ärztlichen
495 2610 3149 2735 Standes unwürdigen Verhaltens schuldig gemacht oder können e:klärte. Gewählt wurde Dr. Korn-feld
1948 2674 3160 2739 Sodann erstattet Dr. Weis das Referat über
512 2688 1792 2759 ihre Pflichten als Angehörige der Aerztekammer ver-
495 2722 3163 2813 letzt haben, nach Sicherstellung des Thatbestandes das vom Comité für die Reform des Kranken¬
1860 2783 3160 2841 cassen-Gesetzes im Einvernehmen mit dem
499 2800 1660 2881 durch ordnungsmässige Verhandlung.erkennen:
1873 2827 3160 2898 Vorstande beantragte Gutachten, welches in Beant-
614 2854 1161 2929 a) auf eine Erinnerun
1853 2881 3146 2963 wortung des vom Ministerium der Kammer zugemit
614 2912 1161 2976 b) auf eine Verwarnung
1873 2949 2769 3027 telten Fragebogens zu erstatten ist.
614 2936 1612 3031 c) im Wiederhölungsfalle auf eine Rüge,
1945 2990 3153 3061 nach eingehender Berathung werden die An
614 3003 1795 3078 d) kann er dieselben bei erheblichen Unzukömm-
1853 3054 3163 3132 träge des Referenten bis zum Punkte 2 des II. Ab¬
512 3061 1785 3136 lichkeiten, wenn sie trotz Rüge fortgesetzt werden
1867 3095 3146 3166 schnittes mit geringfügigen Aenderungen angenom
502 3112 1809 3200 ebenso bei schwereren Verletzungen der Standesehre
1867 3156 3146 3221 men. Bei letzterem Punkte entspinnt sich eine leb
502 3180 1809 3241 oder bei fortgesetzter Nichtbeachtung der im Kammer¬
1867 3207 3160 3275 hafte Debatte, in welcher die Kammermitglieder Dr.
506 3227 1775 3306 gesetze begründeten Anforderungen der Kammer -
1867 3265 3146 3329 Heinrich Adler „Fritsch, Dr. Herz, Dr v
495 3285 1792 3339 zu Geldbussen von 10 bis 200 fl. je nach der Schwere
1877 3312 3163 3380 Khautz, Dr. Kornfeld, Prof. Schauta und
506 3336 1809 3404 des Verschuldens verfallen oder endlich ihnen das
512 3370 3160 3465 passive oder active Wahlrecht in die Kammer auf Zeit Dr. Schopf sich für die freie Aerztewahl aus¬
1867 3428 3153 3492 sprechen, während die Mitglieder Dr. Bernheim
512 3441 1137 3513 oder dauernd entziehen.
1867 3479 3160 3553 Dr. Heim und Dr. Kramer sich gegen den auf
618 3448 1792 3563 Der Ehrenrath kann die Veröffentlichung des in
1873 3543 3170 3618 die Codificirung der freien Aerztewahl bezughaben-
512 3540 1805 3625 Rechtskraft erwachsenen Erkenntnisses zunächst in
1873 3584 2430 3655 den Antrag erklären.
512 3601 1805 3665 einer Plenarversammlung der Kammer und als weitere
1972 3611 3156 3703 Bei der Abstimmung wird der die freie Aerzte
523 3658 1792 3740 Verschärfung der Strafe die Publication in der „Wiene:
1877 3686 3163 3757 wahl fordernde Antrag mit Majorität angenommen,
492 3716 1069 3801 Zeitung“ beschliessen.
1873 3753 3163 3821 der vom Comité beantragte Eventualantrag, welcher
638 3726 1799 3828 § 14. Gegen die Entscheidung des Ehrenrathes
1873 3804 3163 3869 für den Fall als die Gesetzgebung auf die Fest¬
506 3821 1809 3882 auf Erinnerung und Verwarnung besteht kein Recurs¬
1867 3852 3170 3920 setzung der freien Aerztewahl nicht eingehen könnte,
523 3872 1799 3937 recht. Gegen Ertheilung einer Rüge, Geldstrafe oder
1877 3906 3163 3974 Bestimmungen bezüglich der Sicherung ausreichen
512 3927 1809 3998 die Entziehung des Wahlrechtes steht dem Betroffenen
1873 3961 3170 4042 der freier ärztlicher Behandlung durch Bestellung
516 3981 1805 4042 der Recurs an die k. k. n.-ö. Statthalterei in Wien
1867 4011 2790 4100 von Cassenärzten enthält, abgelehnt.
506 4032 1799 4103 binnen acht Tagen nach Verkündigung des Erkennt¬
1972 4062 3163 4140 Hierauf wird der übrige Theil des Referates en
506 4089 1792 4161 nisses zu, welche endgiltig entscheidet; gleichzeitig ha¬
1877 4130 3129 4201 bloc angenommen und das Präsidium ermächtig
506 4151 1812 4242 er die Einbringung desselben dem Ehrenrathe an¬
1884 4184 3122 4246 die in Gemässheit des bezüglich der freien Aerzt
495 4191 753 4283 zuzeigen.
1867 4232 3160 4307 wahl gefassten Beschlusses nothwendig erscheinen¬
601 4208 1805 4330 § 15. Die durch Geldbussen eingehenden Beträge
1867 4296 3163 4361 den Aenderungen im restlichen Theile des Referen
506 4290 1503 4388 fliessen in die Cassa der Aerztekammer.
604 4310 3166 4436 Die Geldstrafen können, wenn sie in Rechtskraft ten-Entwurfes vorzunehmen. Die von der Wiener
4938 363 5128 462 — 7
5152 451 6479 587 tuell, wie soll der weitere Instanzenzug eingerichtet
3747 475 5070 621 Aerztekammer beschlossene Aeusserung über die Re¬
5135 567 5403 641 werden?»
3737 570 5077 713 form des Krankeneassen-Gesetzes hat folgenden Wort-
5237 563 6475 682 Antwort: Ja, und zwar der politischen Behörde
5135 662 6475 730 erster Instanz, weil die Schiedsgerichte der Kranken¬
5135 716 6458 784 cassen erfahrungsgemäss das Gutachten der sachver
3906 679 4867 828 Hohes k. k. Ministerium des Innern!
5142 770 6380 848 ständigen Aerzte zuweilen nicht berücksichtigen.
3828 767 5077 886 Die ehrerbietigst gefertigte Wiener Aerztekammer
5260 781 6475 906 16. Frage: «Besteht ein Bedürfnis nach Rege¬
3750 848 5067 940 beehrt sich hiemit, einige Fragen aus dem die Re
5158 869 6475 984 lung der Frage der sogenannten Doppelver
3750 903 5084 991 form des Krankencassengesetzes vom 30. März 1888
5148 933 5610 1015 sicherung?»
3757 960 5080 1049 betreffenden Fragebogen zu beantworten, und im
5254 940 6482 1052 Antwort: Ja, weil diese Frage schon wieder¬
3770 1015 5094 1106 Sinne des Erlasses' des hohen Ministeriums vom
5148 1028 6475 1106 holt Veranlassung zu Differenzen zwischen einzelner
3770 1066 5094 1154 12. November 1894 anhangsweise auch einige im
5148 1093 6278 1184 Cassen und ihren Mitgliedern gegeben hat.
3770 1130 5097 1235 Fragebogen nicht berührte Punkte zur
5243 1137 6428 1212 «) «Soll die Regelung in der Weise gescheh
5148 1191 6428 1269 dass den Krankencassen das Recht eingeräumt wi
3770 1191 4263 1300 Sprache zu bringen.
5158 1246 6479 1327 die in Erfüllung der Krankenversicherungspflicht bei-
5165 1307 6465 1388 tretenden Personen statutarisch zur Anzeige ander
3845 1283 5091 1412 4. Frage: «(Betrifft ausschliesslich die Bezirks¬
5158 1351 6482 1459 weitig bestehender Versicherungen auf Krankengeld
3770 1374 5084 1469 krankencassen). Soll die Altersgrenze für den Beitritt
4256 1415 5586 1517 glieder über das 35. Lebensjahr zu verpflichten?»
3764 1456 4269 1524 freiwilliger Mit
5226 1419 6465 1544 Antwort: Ja, denn diese Verständigung ha
3764 1486 5074 1581 hinaus erhöht, dagegen anderseits die Aufnahme Nicht
3757 1524 6458 1629 versicherungspflichtiger von dem Ergebnis der ärzt- einen informativen Wort für die controlirenden Organe
5243 1571 6462 1649 ß) —Soll den bereits anderweitig auf Krankengel
3770 1595 5084 1714 lichen Untersuchung der Aufnahmswerber abhängig
5158 1626 6458 1704 versicherten Mitgliedern das Krankengeld statutarise
3770 1670 4184 1768 gemacht werden
5155 1680 6499 1758 soweit gekürzt werden, dass der Gesammtbezug an
3869 1700 4351 1799 Bejahenden Falls :
5148 1741 6190 1809 Krankengeld den Lohn nicht übersteigt?»
3876 1724 4965 1846 a) Wie ist die Altersgrenze zu bemessen?»
5254 1782 6475 1877 Antwort: «Nein, weil sich die Bedürfnisse des
3869 1812 5091 1907 Antwort: Die Aufnahme freiwilliger Mitglieder
3770 1843 6479 1965 soll nicht gestattet sein. — In Consequenz dieses Menschen im Erkrankungsfalle gewöhnlich steigern.»
5247 1897 6475 1982 7) «Empfiehlt sich eine andere als diese statuten
3770 1917 5094 2009 Standpunktes entfällt für die Wiener Aerztekammer
3750 1968 6329 2046 die Beantwortung der Frage über die Bemessung der mässige Regelung der Doppelversicherung?»
5250 2009 6475 2087 Antwort: Es empfiehlt sich, dass den ver
3764 2029 5087 2131 Altersgrenze und der eventuellen ärztlichen Unter-
5165 2060 6475 2138 sicherungspflichtigen Mitgliedern die Möglichkeit ge
3774 2097 4541 2182 suchung der Aufnahmswerber.
5172 2108 6496 2192 geben wird, sich für den Erkrankungsfall bei ihren
3852 2104 5091 2213 6. Frage: «Soll hinsichtlich der Wöchnerin-
5158 2172 6482 2243 Zwangscassen auf ein Krankengeld zu versichern
3770 2182 5091 2277 nen-Unterstützung für freiwillige Mitglieder
5155 2209 6489 2308 welches dem durchschnittlich verdienten Grundlohne
3770 2250 5094 2325 der Bezirkskrankencassen eine längere, als die
3770 2301 5535 2393 im § 22 festgesetzte Carenzzeit (etwa eine Carenzzeit  gleich kommt.
5260 2308 6479 2403 17. Frage: «Welche Wünsche bestehen hin¬
3764 2362 4520 2440 von 9 Monaten) zulässig sein
5162 2376 6485 2460 sichtlich einer allfälligen Aenderung der gegenwärtigen
3845 2382 5091 2471 Antwort: Da die Wiener Aerztekammer prin-
5155 2437 6482 2552 Bestimmungen über die Spitalspflege sowie übei die
3764 2460 5087 2528 cipiell gegen die Aufnahme freiwilliger Mitglieder ist
5165 2494 6302 2569 bezügliche Ersatzpflicht der Krankencassen?»
3774 2525 5104 2610 so entfällt die Nothwendigkeit, diese Frage zu be-
5260 2542 6475 2617 Antwort: Die Zuweisung eines Kranken durch
3770 2589 4056 2661 antworten.
5165 2596 6482 2712 die Casse in’s Krankenhaus soll in der Regel über
3869 2576 5108 2701 T. Frage: «Soll die statutarische Befugnis des
3764 2664 5909 2766 § 24, Z. 1 auch auf jene versicherungspflich- Antrag des Arztes geschehen.
3770 2732 5080 2813 tigen Mitglieder der im § 13 unter Z. 1 und 3 be
3757 2779 5097 2858 zeichneten Art ausgedehnt werden, welche ausserhalb
5254 2790 6482 2898 Die von der Wiener Aerztekammer in der Kranken
3764 2847 4578 2925 des Cassesprengels erkranken?»
5165 2871 6387 2956 cässenfrage gehegten Wünsche sind folgende :
3869 2844 5097 2970 Antwort: Nein, weil der um die Hälfte er¬
5260 2925 6499 3024 1. § 1 al. 2 des Gesetzes vom 30. März 1888
3764 2936 5104 3020 höhte Betrag nicht genügt, um für ausreichende
3760 3000 5091 3088 ärztliche Hilfe, für Medicamente und Heilbehelfe zu
5155 2986 5569 3092 hätte zu lauten :
3764 3068 5074 3136 sorgen, das Gesetz aber ärztliche Hilfe sicherste
5270 3020 6482 3146 «Dasselbe gilt auch von allen Arbeitern und Be¬
3774 3109 5097 3187 len will; weil ferner durch den Aufenthalt des Kran¬
3781 3126 6489 3241 ken ausserhalb des Krankencassensprengels jede Con- triebsbeamten, welche in Bergwerken auf vorbehaltene
5158 3170 6482 3244 Mineralien und den dazu gehörigen Anlagen oder in
3770 3224 4537 3309 trole unmöglich gemacht wird
5165 3234 6499 3309 einer unter die Gewerbeordnung fallenden oder einer
3865 3255 5104 3333 9. Frage: «Sollen die gegenwärtig zulässigen
5158 3285 6489 3367 sonstigen gewerbsmässig betriebenen Unternehmung
3781 3319 5097 3411 Rechtsfolgen für Simulation verschärft werden
5172 3343 6499 3411 ferner beim Eisenbahn- und Binnenschiffahrts-Betriebe
3770 3380 5097 3475 etwa in der Richtung, dass jene Simulanten, welche
5165 3397 6492 3472 beschäftigt sind, deren jährliches Einkomme
3774 3438 5108 3509 sich auf irgend eine Weise der Gutmachung des von
5172 3448 6489 3530 den Betrag von 800 Gulden nicht über
3774 3485 5097 3567 ihnen angerichteten Schadens (die Nachzahlung der
5179 3509 5474 3597 steigt.»
3787 3536 5108 3621 Beiträge) entziehen, von den Aufsichtsbehörden mit
5274 3519 6502 3638 Selbstverständlich wäre dieses Princip im Gesetze
3781 3591 5091 3682 Geld- bezw. im Nichteinbringungsfalle mit Arrest
5158 3604 5854 3709 consequent durchzuführen.
3781 3665 4548 3750 strafen belegt werden können?
5274 3638 6513 3743 2. Ein neuer Parograph des Gesetzes hätte
3920 3658 5091 3791 Antwort : Ja, weil der Simulant die Kranken
3781 3733 5430 3842 cassen betrügerischer Weise und durch Irreführung, zu lauten
5277 3737 6499 3862 Die den erkrankten Mitgliedern zu gewährende
3781 3818 4697 3916 des Arztes dessen Ansehen schädigt.
3869 3815 6516 3933 11. Frage: «Soll den Schiedsgerichten der freie ärztliche Behandlung ist in Wien in der Weise
5189 3893 6513 3967 zu sichern, dass die Cassen die Leistung der
3774 3916 5114 3994 Krankencassen die Competenz zur Entscheidung von
3781 3944 6506 4072 Streitigkeiten zwischen Versicherten und Kranken- Honorare an den Arzt, dessen Wahl aus der
5179 4008 6499 4093 Reihe der zur Behandlung der Cassemnitgliede
3774 4035 5111 4117 cassen, betreffend Unterstützungsansprüche, entzogen,
5182 4062 6519 4134 sich bereit erklärenden Aerzte dem Kranken
3774 4083 5114 4157 oder soll die Unanfechtbarkeit der Schiedssprüche
5179 4120 5830 4198 freisteht, übernehmen.
3777 4137 5118 4225 durch Schaffung einer Berufsinstanz eingeschränkt
5291 4123 6530 4249 Dieser Grundsatz wäre im Gesetze consequent
3787 4212 4062 4290 werden?
5172 4232 5556 4320 durchzuführen.
3889 4222 4364 4341 Bejahenden Falls:
5298 4222 6530 4375 3. § 13 Punkt 2 und 4, dann von Punkt 5 der
3869 4259 5121 4408 a) Wein soll diese Competenz zugewiesen, even-
