3496 4168
2625 255 2810 429 189
821 401 2910 622 Sie sich überdies in der peinlichen Not-
2429 543 2524 627 fait
818 571 2824 770 wendigkeit Ihren Beleidiger höflich
821 709 3070 913 grüssen.Ihm Ihre Reverenz zu erweisen.
815 894 2880 1109 Fliederbusch: Und wenn auch, was kümmert
832 1064 2566 1233 das Sie? Und was kümmert es mich?
824 1199 1843 1417 Styx: Na hören Sie.
829 1328 2925 1521 Fliederbusch: So ein Kerl mag schreiben,
832 1504 2577 1678 was ihm beliebt,ich verachte ihn.
2630 1532 2925 1700 Tink
824 1644 2922 1877 Styx: Sehr mit Unrecht,Herr Fliderbusch.
832 1810 2888 1978 Der Mann hat im kleinen Finger mehr Ta-
1941 1910 2840 2028 ommeene that. I
832 2014 2939 2168 lent als sie. Und ich unterschreibe jede
857 2109 3009 2311 des Nort, das or gesagt hat. seines Worte.
1880 2247 2132 2333 pour
863 2300 2896 2488 Flie derbusch: Das erlauben sie sieh mir
174 2207 818 2431 & Auch der 1ubt.
255 2409 835 2616 Ses gens besondes
857 2437 2530 2639 ins Gesicht zu sagen, Herr Styx?
2521 2530 2720 2630 zuk
840 2588 2944 2790 styx: Ich bin so frei, Herr Fliederbusch.
849 2748 2967 2969 Und ob es nun einer Ihrer engren Kollegen
891 2852 2995 3073 oder der Chefredakteur selbst war, der den
871 3039 2961 3235 Artikel geschrieben hat, mein Erstes wird
398 3107 815 3263 wee ihnen
877 3205 2812 3378 es sein dem Verfasser meine Sympathie
866 3336 2866 3572 kundzutun-und mich ihm als Mitarbeiter
871 3485 2905 3681 anzubieten, als Mitstreiter in dem Kampf
849 3642 2955 3888 gegen Feudalismus, Klerikalismuß und Sno.
