3480 4168
2736 244 2929 399 172
938 417 2954 697 Mutter: Absd woher soll das Kapital be-
953 653 1754 857 schafft werden?
953 737 2858 1017 D. a. Fliederbusch: Darum hab ich doch
969 885 2959 1126 heute die Konferenz. Wenn ich das Ganze
979 1055 2815 1271 allein machen könnte - - Meinst du,
984 1210 2418 1434 ich brauch Tritzer
1238 1241 1599 1355 mid og
999 1353 2736 1640 Mutter: Wo hast du die Konferma?
1009 1538 2993 1777 D.a.Fliederbusch: Auf neutralem Boden.
1012 1711 2311 1889 Mutter: Also im Caféhaus.
1022 1798 3038 2087 D.a.Fliederbusch: Solche Sachen machen
1040 1960 2929 2192 sich am besten im Caféhaus. Van sitzt
1055 2138 2995 2357 zusammen,man trinkt seine velange,man
1058 2273 2944 2504 raucht und die Leute haben keine Ah-
1063 2504 1963 2675 nung,was vorgeht.
1075 2593 2965 2812 Mutter: Ititzer wird nicht kommen,so
1088 2741 2860 2957 wie er gestern nicht gekommen ist.
1103 2914 2576 3130 Und du wirst Schach spielen.
1114 3056 2954 3308 D.a.Fliederbusch: Auch möglich. Wenn
1129 3186 2993 3430 Iritzer nicht kommt, werde ich natür-
1134 3336 3125 3593 lich Schach spielen. Warum soll ich mit
1126 3501 3170 3735 meinem alten Freund Tambur nicht Schach
1144 3654 3148 3893 spielen? Seine Frau ist gestorben, es ist
