3432 4216
2489 363 2688 525 192
898 485 2844 711 wenn man wüsste, wenn man als s wusste-
905 696 2837 972 Fliederbusch: Sie machen mich neugie-
898 873 1129 1044 rig.
910 962 2797 1258 styx: Nur etwas Geduld. Ich rat e Ih-
917 1139 2800 1348 nen auch ferhénhin die „Gegawart“ zu
920 1315 2852 1474 lesen. Ich werde den Herren dort mein
917 1432 2536 1641 Material zur Verfügung stellen.
917 1614 2198 1857 Fliederbusch: Sie werden
927 1728 2762 1939 Styx: Ja, das ist meine Absicht. Wenn
930 1909 2814 2103 man dort erst mit positiven Daten ver
962 2026 2961 2151 aber in einem P. T. Adel umst verehrungsmach. Aufs Nun
937 2113 2854 2235 sehen sein wird, dann werden die Arti-
940 2180 2772 2399 kel die Schlagkraft, die wirkung und
942 2392 2874 2563 in die Weite haben, die man ihnen wün-
1912 2496 2280 2601 dem voli
952 2531 2834 2705 schen muss. Und mit Material kann ich
965 2643 2909 2852 dienen. Damit bin ich versehen. Für meh-
947 2822 2916 3013 rere Jahrgänge der Gegenwart. Ich kenne
960 2986 2887 3240 diese Leute. Ich habe unter ihnen ge-
962 3133 2859 3389 lebt.Ich habe zu ihnen gehört,gewis-
972 3371 1499 3496 sermassen.
977 3424 2245 3695 Fliederbusch: Sie haben -
