3352 4008
2759 192 2894 442 28
480 419 2881 659 Der andere Sekundant (soll es Kohnberger sein?) hat
483 647 2894 836 düstere Ahnungen. Müllers Vorsätze für die nächsten
480 823 2996 1008 Stunden. Er will wirklich die Rede im sozialdemokrati-
496 980 3009 1175 schen Verein halten und will von dort aus zur Barones-
496 1181 3028 1389 se. Vielleicht ist es sogar seine Absicht die Barones-
506 1341 2481 1524 se zu einer gemeinsamen Flucht zu bewegen.
496 1527 3048 1748 Vielleicht ist er auch nur gespannt, wie das Ganze sich
515 1716 1335 1918 weiterentwickelt.
506 1834 3022 2122 Vielleicht ist Adele Loser und die Baronesse eine Per-
519 2078 739 2254 son.
515 2266 3032 2427 Dann käme sie schon im ersten Akt im „Tagewerk“, hätte
531 2449 2891 2606 dort zu erzählen, wie sie von ihren Standesgenossen
528 2574 2852 2820 verfolgt wird ete. Sie will vor allem nur Motizen
531 2788 2100 2990 über sich in die Blätter bringen.
528 2977 3105 3134 Müller geht. Silberstein und Kohnberger bleiben zurück.
541 3166 3057 3336 Nun wäre der Moment, dass Müllers Frau, die schon wegge-
544 3333 2916 3537 reist scheint, aus irgend einem Grund wieder in das
