3576 4216
2661 294 2857 466 204
900 447 1799 668 Fliederbusch: Oh!
886 592 2955 807 Abendstern: Unser Chef ist, wie wir wohl
900 747 3094 930 sag en dürfen, eine Verbrechernatur,aber ein
900 908 3040 1107 seelensguter Mensch.Und es ist keine Fra¬
905 1039 2966 1268 ge, dass er im Falle eines unglücklichen
900 1197 2797 1393 Ausgangs - Sie wissen vielleicht gar
908 1358 3040 1546 nicht, dass er den Hinterbliebenen Silber-
902 1508 3023 1750 steins eine Rente von dreitausend Gulden
908 1718 1718 1878 ausgesetzt hat?
913 1859 2852 2037 Fliederbusch: Das ist sehr tröstlich.
911 1996 2974 2200 Aber ich bin erst so kurze Zeit bei dem
908 2195 1213 2342 Blatt
924 2298 3026 2465 Übendstern: Trotzdem. Sie würden doch ge-
1565 2424 2554 2530 aufden Feld. der Ch.
919 2435 3018 2625 wissermassen für die Zeitung sozusagen
949 2606 3010 2822 (er unterbricht sich) Aber wozureden wir
930 2789 1529 2947 denn davon?
