3320 3976
442 448 2464 677 hinunterschmeis st, die Savisfaktion fordern.
452 649 2382 871 Der einstige Student Huber bleibt zurück.
442 820 1545 1027 Gespräch mit irgendwem.
448 957 2935 1189 Der junge Engel und Graf Y. kommen, wollen den Verf as-
448 1145 2976 1361 ser jenes beleidigenden Artikels sprechen. Huber über-
448 1367 2961 1539 nimmt die Verantwortung, wird seine beiden Sekundanten
461 1539 1927 1692 abends ins Kaffeehaus schicken.
458 1676 3008 1956 Er erzählt dann irgend jemandem aus dem Blatt,was sich
455 1921 1018 2112 zugetragen.
458 2092 2859 2267 3. Die Wohnung Ficks. Aermlich. Seine hübsche junge
461 2290 2942 2480 Frau. Sie hat keine Ahnung von der Doppelexistenz ih-
461 2430 999 2649 res Gatten.
461 2573 2802 2776 Eventuell irgend ein Brief von einem Aristokraten,
474 2763 1523 2999 der sie stutzig macht.
464 2907 2789 3145 Der junge Engel und Graf v. erscheinen. Sie haben
464 3161 1291 3349 Fink zu sprechen.
474 3326 3011 3492 Kurzen Unterhaltung mit der jungen Frau. Graf v. macht
