3320 3992
2708 245 2845 459 39
497 437 3040 656 stattfinden. Die Pistolen brauchen ja nicht geladen zu
494 640 762 873 sein.
507 797 2887 1020 voll: Wenn die Sache in die Oeffentlichkeit dringt,
497 956 2938 1204 sind wir ja blamiert. Wir werden diesen Mann von uns
503 1185 1083 1370 abschütteln.
513 1303 3021 1533 Mun tritt Niederhof auf Fink zu: Es bleibt bei unserer
510 1475 3027 1717 Abmachung. Sie kommen ja als mein Sekretär mit mir auf
507 1698 1096 1928 meine Reise.
516 1851 3075 2081 Der alte Engel: Halt, Herr Fink ist kontraktlich an mein
519 2074 3068 2227 Blatt gefesselt. Ich geb ihn nicht her. Ich erhöhe sei-
519 2224 1950 2415 nen Gehalt, ich verdoppele ihn.
523 2380 3030 2587 Jetzt plötzlich eine Stimme aus dem Hintergrund. Auch
526 2571 2989 2766 der Redakteur des andern Blattes ist erschienen: Ich
529 2775 3075 2903 verdreifache Ihren Gehalt. Man fängt an auf ihn zu bie-
535 2973 752 3107 ten.
542 3094 3107 3298 Der Graf: Da kann ich ja allerdings nicht konkurrieren.
542 3260 2979 3479 Aber ich stelle Ihnen das Geld zur Verfügung für die
