3368 4040
2752 284 2869 477 50
429 499 1666 770 erwidern? Es ist empörend.
262 701 360 985 0
432 871 2279 1105 5. Markus tritt ein während Voll liest.
442 1016 2749 1240 Markus: Wir bringen nichts. Wovon wir keine Notiz
448 1228 2885 1458 nehmen, das existiert nicht. Graf Niederhof wird tot-
461 1373 2907 1619 geschwiegen. Er verlangt von Voll einen Artikel über
470 1616 1234 1840 die Orientfrage.
470 1758 2866 1979 Wechselt einige Worte mit Obendorfer, mit Kohnberger
489 1976 1105 2194 und mit Fink.
483 2118 3017 2389 Mit Voll ins Bureau. Auch Obendorferund Fink entfernen
486 2358 754 2497 sich.
492 2484 2055 2733 Kohnberger allein zurückbleibend.
