3352 4008
86 228 206 374 G.P.
2694 273 2828 447 66
365 498 2618 726 Herr Graf, zeigt er sich in seiner ganzen Stärke.
371 672 2885 843 Graf: Er ist ein grosses journalistisches Talent. Ich
377 802 2920 1040 wüs ste Themen für ihn. Jetzt ist ja wieder so eine Agi-
396 976 2891 1220 tation für die Ehescheidung. Da müsste man wieder für
396 1201 2327 1458 die katholische Weltanschauung eintreten.
396 1350 2805 1623 Ueber das Parlament. Der Graf wird nächstens wieder
406 1604 1220 1759 eine Rede halten.
409 1709 2888 1950 Er bekommt Briefe aus dem sozialdemokratischen Lager,
418 1937 1848 2162 dass man ihn erschiessen wird.
