3336 4056
2736 259 2883 518 53
489 495 2840 735 „Ich finde“, sagt er, „der Mann hat am Ende geradeso
469 722 1178 912 Recht wie Sie.
469 866 2184 1069 Fink ruft unwillkürlich! Nicht wahr?
482 1033 1761 1282 Nun kommt es zur Erklärung.
482 1256 2936 1417 Fink ahnt, dass ihm hier irgendwie die Rettung kommen
489 1378 2975 1588 könne aus seiner peinlichen Situation. Er gesteht vor
492 1591 2988 1765 allem, dass er auch den Artikel im „Tagewerk“ verfasst
502 1742 2998 1984 hat. Er erzählt, wie er zum „Salon" gekommen ist. Wenn
508 1929 2906 2109 er aber seine Artikel im „Salon" gelesen hat und er
505 2089 2949 2316 innerhalb seiner Familie, mit der er den Zusammenhang
508 2280 2919 2480 doch nie verlieren konnte, ein ganz anderes Bild des
505 2411 3018 2676 Lebens erblickte, das den sozialistischen Empfindungen
508 2644 3018 2873 seiner Jugendzeit entsprach, so bekan er manchmal eine
512 2804 3155 3024 wahre Wut auf den Verfasser jener Salon-Artikel, als wenn
512 3024 2936 3211 das eine ganz andere, ihm fremde Person wäre. Hievon
515 3218 3027 3398 konnte er sich nur befreien, indem er Gegenartikel ver
515 3365 2854 3634 fasste. Und als es ihm der Herr im „Salon“ gar zu
