3480 4168
932 202 2924 455 Hob. and ewer foriters, Farnus
1943 362 2942 605 Hans Rob. -) 167
256 342 533 538 9/4.15
1154 461 1772 556 Dritter Akt.
1157 567 1933 631 ̃ ̃̃=*=* ** * * *=*
2207 621 2386 789 nett
999 743 3051 872 Einfaches aber leidlich gehaltenes Zim¬
1915 844 2029 903 G. A.
1004 911 3014 1048 mer.Zwei Fenster im Hintergrunde.Türe
1004 1053 3051 1250 rechts ins Vorzimmer, links in einen Ne-
1009 1221 2929 1364 benraum.Zwischen den beiden Fenstern
1009 1343 3071 1509 eine alte Kommode, auf der eine einfache
1017 1519 2960 1672 Uhr steht. Zwei Leuchter, einige Photo-
1019 1638 3097 1811 graphien in Rahmen.umks an die Wand ge-
1017 1816 2976 1948 rückt ein Plüschdivan mit Galerie von
1022 1977 2929 2127 schlechtem Tapezierergeschmack. Davor
1022 2093 3030 2251 ein Tisch, der zu Beginn des Aktes noch
1030 2277 3030 2422 gedeckt ist.Um den Tisch Sessel.Rechts
1027 2450 3027 2564 neben der Türe zwei nebeneinander ste-
1025 2577 2934 2717 hende Schränke.Auf dem einen Schrank
1032 2743 3092 2875 steht eine Schachtel ohne Deckel. In der
1027 2882 2986 3033 Ecke links ein weisser Ofen mit Figur
1032 3058 2945 3208 darauf. An den Fenstern verschlissene
1032 3201 3030 3374 Plüschvorhänge.Blick auf ziemlich ent-
1030 3359 2921 3491 fernt liegende hohe Vorstadthäuser.
1032 3483 2952 3685 An der Eingangstür innen ein Kleider.
1045 3674 2978 3811 haken.An der Wand rechts ein schwarz-
