3320 4008
2779 224 2919 419 34.
457 444 2881 700 bunt zu treiben anfing, beg ab er sich eines Tages in
483 665 2875 870 die Redaktion des Tagewerkes und übergab dort seine
467 831 2791 1049 Gegenschrift. So kam es allmählich zu der berühmt
470 991 3025 1196 gewordenen Polemik zwischen Fink und Müller, die nun zu
492 1170 1634 1420 einem Duell führen soll.
473 1369 2839 1548 Graf Niederhof, höchlichst amüsiert, schlägt ihm vor
480 1548 3050 1711 sein Privatsekretär zu werden und mit ihm fortzureisen.
486 1717 2970 1950 Wichtig: Der Graf müsste schon im dritten Akt im Hau-
486 1893 3002 2088 se Müllens gewesen sein, natürlich ahnungslos. Bei die-
502 2107 2862 2270 ser Gelegenheit Müllers Frau kennen gelernt haben.
496 2289 2814 2452 Wie nun Fink dem Grafen oben noch gesteht, dass er
499 2405 3028 2625 verheiratet ist, sagt der Graf: Ich weiss. Hiedurch er-
499 2593 2983 2833 fährt Fink, dass der Graf in seinem Hause gewesen sei,
512 2779 3041 3031 wovon ihm seine Frau auffallender Weise nichts erzählt
512 2996 723 3185 hat.
512 3143 2974 3306 Während auf diese Weise die kaum begonnene Beziehung
521 3319 2884 3562 zwischen dem Grafen und Fink sich wieder zu trüben
