<?xml version="1.0" encoding="UTF-8" standalone="yes"?>
<PcGts xmlns="http://schema.primaresearch.org/PAGE/gts/pagecontent/2013-07-15" xmlns:xsi="http://www.w3.org/2001/XMLSchema-instance" xsi:schemaLocation="http://schema.primaresearch.org/PAGE/gts/pagecontent/2013-07-15 http://schema.primaresearch.org/PAGE/gts/pagecontent/2013-07-15/pagecontent.xsd">
    <Metadata>
        <Creator>prov=READ-COOP:name=TrHtr:version=2.1.0:model_id=51170:date=01_08_2023_06:25</Creator>
        <Created>2023-05-10T13:29:17.919+02:00</Created>
        <LastChange>2023-08-01T06:25:29.903+02:00</LastChange>
        <TranskribusMetadata docId="1428579" pageId="55412114" pageNr="17" tsid="131652004" status="IN_PROGRESS" userId="64420" imgUrl="https://files.transkribus.eu/Get?id=YPXJTCLBQHKUIALUDHYPOQCP&amp;fileType=view" xmlUrl="https://files.transkribus.eu/Get?id=ZQWVVYUPBZACXMEPCMKOJUUM" imageId="44686256"/>
    </Metadata>
    <Page imageFilename="1428579_0017.jpg" imageWidth="3352" imageHeight="4024">
        <ReadingOrder>
            <OrderedGroup id="ro_1711791658860" caption="Regions reading order">
                <RegionRefIndexed index="0" regionRef="tr_2"/>
                <RegionRefIndexed index="1" regionRef="tr_1"/>
            </OrderedGroup>
        </ReadingOrder>
        <TextRegion id="tr_2" custom="readingOrder {index:0;}">
            <Coords points="2826,254 2931,254 2931,323 2826,323"/>
            <TextLine id="tr_2_tl_1" custom="readingOrder {index:0;}">
                <Coords points="2810,325 2826,328 2835,337 2851,331 2864,334 2898,319 2920,325 2930,189 2914,189 2905,177 2873,202 2867,192 2860,196 2838,180 2819,180"/>
                <Baseline points="2826,313 2841,310 2886,310 2931,304"/>
                <TextEquiv>
                    <Unicode>16</Unicode>
                </TextEquiv>
            </TextLine>
        </TextRegion>
        <TextRegion id="tr_1" custom="readingOrder {index:1;}">
            <Coords points="486,454 3068,454 3068,2696 486,2696"/>
            <TextLine id="tr_1_tl_1" custom="readingOrder {index:0;}">
                <Coords points="470,606 609,659 905,539 1088,583 1782,514 2318,621 2391,590 2394,438 1858,457 1517,378 1337,464 473,438"/>
                <Baseline points="486,549 516,543 561,546 605,543 650,543 695,543 740,540 785,540 829,537 874,537 919,540 964,537 1008,537 1053,537 1098,537 1143,534 1188,534 1232,531 1277,528 1322,528 1367,528 1411,525 1456,525 1501,525 1546,522 1591,522 1635,519 1680,519 1725,519 1770,516 1814,516 1859,516 1904,516 1949,513 1994,513 2038,510 2083,507 2128,507 2173,507 2217,507 2262,504 2307,504 2352,507 2397,510"/>
                <TextEquiv>
                    <Unicode>matt und zu gleicher Zeit zu gefährlich.</Unicode>
                </TextEquiv>
            </TextLine>
            <TextLine id="tr_1_tl_2" custom="readingOrder {index:1;}">
                <Coords points="476,744 1820,725 1820,634 1690,624 1227,662 1041,624 848,681 479,656"/>
                <Baseline points="498,728 531,722 576,722 620,722 665,719 710,719 755,719 800,719 844,716 889,716 934,716 979,716 1023,713 1068,713 1113,713 1158,710 1203,710 1247,713 1292,710 1337,707 1382,707 1426,707 1471,704 1516,704 1561,701 1606,701 1650,698 1695,698 1740,698 1785,701 1829,707"/>
                <TextEquiv>
                    <Unicode>Markus entfernt sich wieder.</Unicode>
                </TextEquiv>
            </TextLine>
            <TextLine id="tr_1_tl_3" custom="readingOrder {index:2;}">
                <Coords points="492,918 1366,918 1369,814 1091,836 993,811 930,839 735,817 681,845 495,811"/>
                <Baseline points="510,904 522,904 567,898 611,898 656,895 701,898 746,895 791,895 835,892 880,892 925,889 970,889 1014,889 1059,889 1104,886 1149,886 1194,883 1238,883 1283,883 1328,886 1373,892"/>
                <TextEquiv>
                    <Unicode>Gespräch über ihn.</Unicode>
                </TextEquiv>
            </TextLine>
            <TextLine id="tr_1_tl_4" custom="readingOrder {index:3;}">
                <Coords points="492,1135 2838,1063 2876,971 495,1000"/>
                <Baseline points="513,1074 549,1077 594,1074 638,1077 683,1077 728,1077 773,1077 817,1077 862,1074 907,1074 952,1071 997,1071 1041,1071 1086,1071 1131,1071 1176,1068 1220,1068 1265,1065 1310,1065 1355,1065 1400,1065 1444,1065 1489,1062 1534,1059 1579,1059 1623,1056 1668,1053 1713,1053 1758,1053 1803,1050 1847,1050 1892,1050 1937,1047 1982,1050 2026,1047 2071,1047 2116,1044 2161,1044 2206,1044 2250,1041 2295,1041 2340,1038 2385,1038 2429,1035 2474,1035 2519,1032 2564,1032 2609,1032 2653,1029 2698,1029 2743,1029 2788,1026 2832,1023 2877,1029"/>
                <TextEquiv>
                    <Unicode>Müller kommt herzu. Er ist erst kurze Zeit bei dem</Unicode>
                </TextEquiv>
            </TextLine>
            <TextLine id="tr_1_tl_5" custom="readingOrder {index:4;}">
                <Coords points="483,1277 2823,1236 2939,1211 2942,1088 483,1214"/>
                <Baseline points="501,1262 531,1262 576,1259 620,1259 665,1256 710,1256 755,1256 800,1256 844,1253 889,1253 934,1250 979,1250 1023,1247 1068,1247 1113,1247 1158,1244 1203,1244 1247,1244 1292,1244 1337,1241 1382,1241 1426,1238 1471,1238 1516,1235 1561,1235 1606,1232 1650,1232 1695,1229 1740,1229 1785,1229 1829,1229 1874,1226 1919,1223 1964,1223 2009,1223 2053,1223 2098,1223 2143,1220 2188,1220 2232,1217 2277,1217 2322,1214 2367,1214 2412,1214 2456,1214 2501,1211 2546,1211 2591,1208 2635,1208 2680,1206 2725,1206 2770,1206 2815,1203 2859,1200 2904,1197 2949,1194"/>
                <TextEquiv>
                    <Unicode>Blatt. Er hat eine scharfe Feder. Wie die Andern ist</Unicode>
                </TextEquiv>
            </TextLine>
            <TextLine id="tr_1_tl_6" custom="readingOrder {index:5;}">
                <Coords points="514,1457 2116,1438 2283,1422 2286,1340 514,1388"/>
                <Baseline points="531,1444 546,1441 591,1438 635,1435 680,1435 725,1432 770,1435 814,1432 859,1432 904,1429 949,1426 994,1426 1038,1423 1083,1423 1128,1423 1173,1423 1217,1423 1262,1420 1307,1420 1352,1420 1397,1420 1441,1420 1486,1420 1531,1417 1576,1417 1620,1411 1665,1411 1710,1411 1755,1408 1800,1408 1844,1408 1889,1406 1934,1408 1979,1406 2023,1403 2068,1403 2113,1403 2158,1400 2203,1400 2247,1403 2292,1400"/>
                <TextEquiv>
                    <Unicode>er empört über den Artikel im „Salon“.</Unicode>
                </TextEquiv>
            </TextLine>
            <TextLine id="tr_1_tl_7" custom="readingOrder {index:6;}">
                <Coords points="508,1640 2810,1593 2873,1479 511,1542"/>
                <Baseline points="525,1614 549,1614 594,1611 638,1611 683,1611 728,1611 773,1611 817,1609 862,1609 907,1609 952,1606 997,1603 1041,1603 1086,1600 1131,1600 1176,1600 1220,1600 1265,1597 1310,1597 1355,1597 1400,1594 1444,1594 1489,1594 1534,1591 1579,1591 1623,1585 1668,1585 1713,1585 1758,1585 1803,1582 1847,1582 1892,1582 1937,1582 1982,1582 2026,1582 2071,1582 2116,1582 2161,1582 2206,1576 2250,1573 2295,1573 2340,1570 2385,1570 2429,1570 2474,1570 2519,1570 2564,1570 2609,1567 2653,1567 2698,1567 2743,1561 2788,1558 2832,1555 2877,1561"/>
                <TextEquiv>
                    <Unicode>Vid leicht hat er den Artikel dagegen schon in der</Unicode>
                </TextEquiv>
            </TextLine>
            <TextLine id="tr_1_tl_8" custom="readingOrder {index:7;}">
                <Coords points="520,1791 990,1848 1656,1769 1917,1804 1949,1690 520,1735"/>
                <Baseline points="537,1791 567,1791 611,1788 656,1788 701,1788 746,1788 791,1788 835,1785 880,1785 925,1782 970,1782 1014,1782 1059,1779 1104,1779 1149,1779 1194,1776 1238,1776 1283,1779 1328,1779 1373,1782 1417,1779 1462,1776 1507,1770 1552,1770 1597,1767 1641,1764 1686,1761 1731,1761 1776,1761 1820,1758 1865,1761 1910,1761 1955,1764"/>
                <TextEquiv>
                    <Unicode>ersten Aufwallung geschrieben.</Unicode>
                </TextEquiv>
            </TextLine>
            <TextLine id="tr_1_tl_9" custom="readingOrder {index:8;}">
                <Coords points="517,2025 2927,1955 2930,1829 520,1902"/>
                <Baseline points="534,1979 561,1976 605,1970 650,1967 695,1967 740,1967 785,1967 829,1967 874,1964 919,1964 964,1961 1008,1958 1053,1958 1098,1955 1143,1955 1188,1955 1232,1955 1277,1955 1322,1952 1367,1952 1411,1949 1456,1949 1501,1946 1546,1946 1591,1943 1635,1943 1680,1943 1725,1946 1770,1940 1814,1940 1859,1940 1904,1937 1949,1937 1994,1934 2038,1934 2083,1931 2128,1931 2173,1931 2217,1934 2262,1931 2307,1928 2352,1928 2397,1925 2441,1922 2486,1919 2531,1922 2576,1919 2620,1919 2665,1919 2710,1916 2755,1916 2800,1916 2844,1913 2889,1910 2934,1913"/>
                <TextEquiv>
                    <Unicode>Vielleicht auch erhält er von Markus, dessen Tendenz</Unicode>
                </TextEquiv>
            </TextLine>
            <TextLine id="tr_1_tl_10" custom="readingOrder {index:9;}">
                <Coords points="530,2160 2901,2129 3056,2116 3059,2012 533,2069"/>
                <Baseline points="546,2146 561,2146 605,2146 650,2146 695,2146 740,2143 785,2143 829,2143 874,2140 919,2140 964,2140 1008,2137 1053,2137 1098,2137 1143,2137 1188,2134 1232,2134 1277,2131 1322,2128 1367,2128 1411,2128 1456,2125 1501,2125 1546,2122 1591,2122 1635,2119 1680,2119 1725,2116 1770,2113 1814,2113 1859,2110 1904,2110 1949,2113 1994,2113 2038,2107 2083,2107 2128,2107 2173,2104 2217,2107 2262,2104 2307,2104 2352,2098 2397,2098 2441,2095 2486,2092 2531,2092 2576,2092 2620,2089 2665,2089 2710,2089 2755,2089 2800,2092 2844,2089 2889,2083 2934,2083 2979,2080 3023,2080 3068,2077"/>
                <TextEquiv>
                    <Unicode>es ist billige Kräfte zu protegieren, den Auftrag einen</Unicode>
                </TextEquiv>
            </TextLine>
            <TextLine id="tr_1_tl_11" custom="readingOrder {index:10;}">
                <Coords points="527,2343 874,2378 1432,2302 1820,2324 1905,2315 1908,2227 1022,2271 839,2233 527,2280"/>
                <Baseline points="543,2328 570,2328 614,2325 659,2322 704,2322 749,2322 794,2319 838,2319 883,2319 928,2316 973,2316 1017,2316 1062,2316 1107,2310 1152,2313 1197,2310 1241,2310 1286,2310 1331,2307 1376,2304 1420,2304 1465,2301 1510,2301 1555,2298 1600,2298 1644,2295 1689,2295 1734,2295 1779,2295 1823,2295 1868,2292 1913,2301"/>
                <TextEquiv>
                    <Unicode>Artikel dagegen zu schreiben.</Unicode>
                </TextEquiv>
            </TextLine>
            <TextLine id="tr_1_tl_12" custom="readingOrder {index:11;}">
                <Coords points="520,2504 2236,2523 3047,2460 3050,2362 520,2425"/>
                <Baseline points="537,2504 546,2504 591,2501 635,2501 680,2501 725,2498 770,2495 814,2495 859,2492 904,2492 949,2492 994,2492 1038,2492 1083,2489 1128,2492 1173,2489 1217,2486 1262,2486 1307,2483 1352,2483 1397,2480 1441,2477 1486,2477 1531,2477 1576,2477 1620,2474 1665,2474 1710,2471 1755,2471 1800,2468 1844,2468 1889,2468 1934,2465 1979,2462 2023,2462 2068,2462 2113,2459 2158,2456 2203,2456 2247,2453 2292,2453 2337,2453 2382,2450 2426,2450 2471,2450 2516,2450 2561,2450 2606,2447 2650,2444 2695,2444 2740,2444 2785,2444 2829,2441 2874,2441 2919,2441 2964,2438 3009,2441 3053,2444"/>
                <TextEquiv>
                    <Unicode>Silberstein kommt aus einer Premiere wütend wie immer,</Unicode>
                </TextEquiv>
            </TextLine>
            <TextLine id="tr_1_tl_13" custom="readingOrder {index:12;}">
                <Coords points="527,2693 2129,2659 2126,2605 1990,2573 530,2621"/>
                <Baseline points="543,2686 570,2683 614,2683 659,2683 704,2680 749,2680 794,2677 838,2677 883,2674 928,2674 973,2674 1017,2674 1062,2674 1107,2674 1152,2671 1197,2671 1241,2671 1286,2668 1331,2665 1376,2665 1420,2665 1465,2662 1510,2662 1555,2659 1600,2659 1644,2659 1689,2656 1734,2653 1779,2650 1823,2650 1868,2650 1913,2650 1958,2647 2003,2647 2047,2647 2092,2647 2137,2650"/>
                <TextEquiv>
                    <Unicode>setzt sich an sein Pult schreiben.</Unicode>
                </TextEquiv>
            </TextLine>
        </TextRegion>
    </Page>
</PcGts>
