3464 4168
937 234 3168 381 Mutter. Acht geben, was the übe die the epe jet
211 309 615 495 3/4.1916
1035 367 1883 548 zulleiten (ab)
2559 406 2756 606 176
2192 434 2511 601 ich les
907 562 2909 776 Fliederbusch: (essend) Ja/ Mutter, was ich
968 734 2901 934 dir noch sagen wollte. Es kommen heute
948 893 2901 1032 Nachmittag ein paar Herren zu mir aus
965 990 2906 1190 der Pedaktion, Kollegen/Wir haben näm¬
400 996 846 1171 M. Sacher
490 1165 765 1310 to be
960 1199 2016 1327 lich eine Konferenz.
968 1335 2840 1507 Mutter: Fangst du auch schon an mit
965 1516 1827 1652 den Konferenzen?
968 1638 2918 1819 Fliederbusch: Das ist eine andere Art
976 1786 2929 1950 von Konferenzen als die vom Vater.Ich
979 1941 2901 2100 kann dir das jetzt nicht so genau er¬
976 2105 2926 2250 zählen. Aber es bereiten sich allerlei
976 2272 2795 2417 Dinge vor.Wichtige Dinge.
976 2406 2937 2626 Mutter: Wichtige Dinge - Wollt Ihr am
973 2536 2370 2765 Ende eine Zeitung gründen?
990 2712 2834 2934 Fliederbusch: Wie kommst du auf die
985 2904 1644 3043 Idee, Mutter?
990 3029 2748 3260 Mutter: Lass dich um Gotteswillen
996 3215 2403 3357 in solche Sachen nicht ein.
996 3299 2990 3518 Fliederbusch: Aber Es ist ja gar keine
990 3490 2951 3716 Rede davonEs handelt sich um ganz an-
1018 3655 2876 3877 dares. Um was ich dich bitten wollte
