3272 3960
2635 210 2761 385 89
417 379 1670 636 13. Funk - Egon - Schromm.
432 570 2682 818 Egon: Also Sie haben die Wohnung in Erfahrung ge-
429 802 777 981 bracht?
436 899 2780 1147 Funk: Ja - und habe mir erlaubt Ihren Besuch, meine
442 1119 2886 1335 Herren, für 6 Uhr Abends dortselbst anzukündigen. Ich
448 1294 1833 1501 überlasse Ihnen alles übrige.
445 1454 2971 1711 Egon: Haben Sie irgendwelche Wünsche,was Zeit und Ort
458 1689 943 1887 anbæl ang t?
454 1789 2892 2002 Schromn! Ich schlage vor beim Auhof - Sie kennen den
461 1984 2827 2203 Weg in den Wald - ein reizender Platz,wie dafür ge-
461 2197 2883 2379 schaffen. Habe mich selbst dort vor 17 Jahren einmal
464 2379 2855 2610 geschlagen. Dort ist auch der Graf Rattenberg gefal-
454 2548 1793 2773 len. Kann bestens empfehlen.
448 2736 1595 2930 Funk: Ich danke bestens.
470 2905 2930 3106 Egon: Da wollen wir vorläufig festsetzen,wenn von der
476 3102 2849 3281 anderen Seite keine Schwierigkeiten gemacht werden,
461 3259 1094 3510 Punkt 12 Uhr.
