3336 4008
2683 241 2819 438 35
444 444 2956 673 beginnt, erscheint plötzlich Egon Engel. Sein Verdacht
454 641 3007 819 ist dadurch gestiegen, dass er heute Früh Fink nicht in
464 854 2835 1038 seiner Wohnung vorfand. Er hat Nachforschungen ge
473 1032 2956 1200 pflegt,die allerdings nicht weiterführten, als dass er
479 1222 1899 1413 erfährt, wo Fink zu finden ist.
479 1375 2883 1553 Aus irgend einem Grund soll das Duell schon um zwei
467 1556 2886 1743 Stunden früher stattfinden (überflüssig). Kurzum er
476 1740 2778 1883 holt Fink zun Duell ab. Der Wagen steht draussen,
476 1940 2975 2089 Fink weiss sich absolut nicht mehr zu helfen, er fährt
476 2070 2972 2267 mit seinen beiden Sekundanten ab, Niederhof bleibt zu-
483 2254 2292 2461 rück, Heitere Szene mit der Baronesse.
