3352 4040
2689 303 2831 442 62
537 496 2092 749 die Kraft, Kajetan hat die Grazie.
550 664 3027 920 Sie hat Sitzungen, gründet ein Heim für uneheliche Kin-
550 888 758 1065 der.
556 1055 2989 1242 Sie fragt Kohnberger, ob er sie für unschuldig halte.
550 1198 2993 1460 Kohnberger will etwas handgreiflich werden, sie weist
562 1413 1100 1596 ihn zurück.
572 1476 3113 1779 Er will die Motiz gleich in die Druckerei hinunterbrin-
572 1751 2670 1966 gen, sie will sich das Treiben einmal ansehen.
591 2130 2996 2282 Vielleicht noch während sie da ist erscheint Silber-
591 2282 3132 2477 stein, aus der Première kommend, bös, behandelt sie schma-
581 2468 774 2683 su.
