3432 4104
2669 331 3013 488 2288xx
2679 441 2864 587 228
918 556 2911 759 ihn ja nicht auf den Kampfplatz hinaus.
910 673 1440 843 schleifen
895 848 2841 1004 Obendorfer: Wird auch nicht notwendig
905 1010 2974 1205 sein. Er wird sich schlagen, ich garantier
905 1135 2971 1341 ihnen, Wenn einer entschlossen ist jeman-
887 1333 2830 1482 den niederzuschlagen wie einen tollen
884 1484 2922 1646 Hund, dann ist er auch zu einem puell zu
913 1539 1242 1646 bewegen
874 1607 2812 1784 bringen.Und ich garantiere Ihnen, dass
879 1792 2948 1925 er sich, wann’s einmal so weit ist,beneh-
863 1904 2011 2084 men wird wie ein Held.
858 2069 2830 2241 Abendstern: Da bin ich aber neugierig.
858 2210 2739 2387 Vorläufig ist er auf und davon, unser
845 2369 1130 2512 Held.
848 2515 2648 2666 Obendorfer: Er kommt wieder zurück.
1344 2656 1461 2729 we
1923 2637 2679 2737 di ergebracht
832 2713 2885 2851 Abendstern: Wenn er mit dem Schnellzug
837 2854 2637 3008 abgorotst tot unbekannt notu.
837 2995 2768 3146 Obendorfer: Aber was fallt Ihnen denn
955 3081 1341 3188 Abgemit
830 3159 2930 3287 ein. Da steckt irgend ein Mäderl dahinter.
824 3292 2864 3438 Und von einem Rendezvous kommt man doch
822 3415 2374 3611 wieder nachhaus, irgend einmal.
803 3561 2789 3744 Abendstern: Und wir sollen vor dem Tor
793 3717 1500 3871 Wache stehen.
