3528 4216
2704 286 2901 475 198
923 500 2765 706 Zweifel ziehen zu wollen - den Ent-
895 675 2879 848 schliessungen unseres Herrn Chefredak-
898 806 2937 1003 teurs dürfen wir keineswegs vorgreifen.
895 1000 2681 1125 Fliederbusch: Sie hören, Herr Styx.
895 1150 2053 1312 styx: Janohl, ich höre.
900 1237 2854 1489 Abendstern: Aber zum Donnerwetter,wir
900 1425 2815 1595 wollen doch eine solche Eventualität
906 1573 2965 1767 überhaupt nicht in Betracht ziehen. Wenn
920 1770 2884 1920 es eine Gerechtigkeit gibt, so knallen
917 1876 2857 2065 Sie den Herrn Fink nieder,mein lieber
920 2028 2751 2204 Herr Fliederbusch und nicht er Sie.
1817 2162 2076 2287 an:
925 2167 3157 2356 styx: Sie knallen - ein Duell - Sie selbst?
1295 2312 3184 2415 Sie selbst haben diesen Artikel segen
2601 2351 3093 2462 ser t
939 2367 2431 2551 Herr Fink hat Sie gefordert?
936 2479 2740 2718 Abendstern: Herr Styz wusste nicht
961 2695 1434 2857 ja, wie -?
936 2759 3065 2995 Styx: (rasch gefasst) Aeh so, jetzt verste
948 2968 2857 3165 he ich erst. Darum legten Sie solchen
948 3090 3015 3307 Wert darauf,Herr Fliederbusch,mich noch
956 3262 3034 3437 heute Ihrem Chef vorzustellen.Sie selbst
998 3390 1978 3510 su d de Verfasse
961 3390 3023 3607 alse haban diesen famosen Artikel, gegen
961 3582 2229 3774 Herrn Fink geschrieben.
967 3718 2976 3974 Abendstern: Finden sie ihn wirklich so
