3352 4024
2830 298 2975 440 12
482 431 2792 653 Er hat die Absicht zu fliehen, für einige Zeit aus
485 656 1489 875 Wien zu verschwinden.
491 818 2985 1046 Liebesszene zwischen ihm und der Baronin. Sie spricht
504 992 2611 1229 von dem morgigen Duell, sie möchte dabei sein.
494 1204 3017 1401 Humoristische Wendung der Szene. Sie verlangt von ihm,
517 1325 3020 1537 dass er seinen Gegner töte. Dann wird sie ihm gehören,
510 1562 2944 1721 wird ihn in einer hochfürstlichen Familie einführen.
517 1664 2719 1901 Spricht von ihren geheimnisvollen Verbindungen.
517 1828 2925 2091 Ihr geschiedener Mann, ein verlumpter Mensch, den sie
526 2117 1233 2282 aushalten muss.
517 2256 2361 2462 5. Am nächsten Morgen in den Donauauen,
520 2437 3067 2649 Fink und seine beiden Sekundanten, Engel und Y. erschei-
523 2706 748 2839 nen.
526 2747 2890 3007 Fink ist nun selbst neugierig, wie sich alles lösen
545 3013 795 3178 wird.
529 3128 3007 3356 Huber und seine zwei Sekundanten kommen. (Couleurstu-
545 3327 3086 3533 denten). Im Augenblick, wo sie einander gegenübertreten
