3352 4024
2731 249 2870 385 14
454 385 1041 669 (20.9.1933.)
1296 587 1851 820 Erster Akt.
448 798 1659 1000 Redaktion „Das Tagewerk“.
467 930 2892 1161 Sozialdemokratisches, eventuell liberales Blatt,viel-
467 1180 1813 1381 leicht demokratisches Organ.
479 1343 2999 1517 Eingangsszenen eventuell mit Benützung des alten Jour-
483 1548 1265 1716 na istenstoffes.
489 1694 3006 1895 Eventul 1: Kohnberger vom metteur en page den Bericht
498 1867 3002 2078 über das Leichenbegängnis des verstorbenen Redakteurs
498 2053 1656 2252 Epstein entgegennehmend.
498 2198 2778 2422 Obendorfer dazutretend, der biedere Feuilletonist
505 2353 2958 2602 mit dem goldenen Wiener Herzen. Bemerkungen über den
495 2564 2873 2775 Verstorbenen, ferner darüber, dass der Chefredakteur
501 2731 2274 2999 Markus bei dem Begräbnis gefehlt hat.
517 2917 2952 3144 Markus tritt ein. Noch zu erwägen,ob patriachalisch-
527 3129 1659 3321 phrasenhaft oder klobig.
524 3324 2356 3482 Mit ihm Voll, der Politiker der Zeitung.
539 3469 3075 3662 Folgendes hat sich zugetragen: Irgendwewar ein Streik.
