3352 4024
2887 294 2989 437 5
533 381 1143 558 (27.12.1912.)
533 465 3017 716 Dieser Fink schiebt das Andere auf den Vetter. Natür-
523 753 3011 911 lich viel wirksam er,wenn im zweiten Bild, wenn die Se-
530 935 2233 1056 kundaten kommen, Fink selbst dasitzt.
533 1115 2614 1254 Dem Zuschauer muss es ein Geheimnis bleiben.
542 1316 1400 1459 Die beiden Frauen,
539 1465 2912 1592 Er muss in beiden „Heimen" dargestellt werden. Die
548 1651 2943 1781 eine Frau geht zur andern. Die Sozialdemokraten zur
548 1787 2655 1951 Modeberichterstatterin (geschiedene Baronin).
554 1979 3026 2150 Er kommt. Sie sagt ihm: Frau so und so war da um Gna-
551 2193 2865 2329 de flehen. Er hat sie sicher selbst hergeschickt.
551 2397 1589 2531 Darauf Fink entrüstet.
554 2503 3017 2682 Es muss endlich einer kommen, dem er sich anvertraut,
567 2689 2983 2850 einem Schau sp ieder? Jedenfalls einem aus dem sozial-
564 2853 1605 3076 demokratischen Kreise.
