<?xml version="1.0" encoding="UTF-8" standalone="yes"?>
<PcGts xmlns="http://schema.primaresearch.org/PAGE/gts/pagecontent/2013-07-15" xmlns:xsi="http://www.w3.org/2001/XMLSchema-instance" xsi:schemaLocation="http://schema.primaresearch.org/PAGE/gts/pagecontent/2013-07-15 http://schema.primaresearch.org/PAGE/gts/pagecontent/2013-07-15/pagecontent.xsd">
    <Metadata>
        <Creator>prov=READ-COOP:name=TrHtr:version=2.1.0:model_id=51170:date=01_08_2023_06:26</Creator>
        <Created>2023-05-10T13:29:43.293+02:00</Created>
        <LastChange>2023-08-01T06:26:12.024+02:00</LastChange>
        <TranskribusMetadata docId="1428579" pageId="55413159" pageNr="172" tsid="131652160" status="IN_PROGRESS" userId="64420" imgUrl="https://files.transkribus.eu/Get?id=SXWXEBBWBFAVCABMVXRYPVWM&amp;fileType=view" xmlUrl="https://files.transkribus.eu/Get?id=CGNYSNBZVAIOWMMUPENKFKWC" imageId="44687300"/>
    </Metadata>
    <Page imageFilename="1428579_0172.jpg" imageWidth="3352" imageHeight="4104">
        <ReadingOrder>
            <OrderedGroup id="ro_1711791792812" caption="Regions reading order">
                <RegionRefIndexed index="0" regionRef="tr_1"/>
                <RegionRefIndexed index="1" regionRef="tr_2"/>
            </OrderedGroup>
        </ReadingOrder>
        <TextRegion id="tr_1" custom="readingOrder {index:0;}">
            <Coords points="767,338 2916,338 2916,1982 767,1982"/>
            <TextLine id="tr_1_tl_1" custom="readingOrder {index:0;}">
                <Coords points="2476,424 2499,424 2510,433 2539,413 2553,424 2618,402 2640,410 2666,399 2666,289 2649,286 2621,308 2592,297 2567,320 2547,306 2510,331 2476,325"/>
                <Baseline points="2492,390 2537,390 2581,388 2626,388 2671,390 2674,390"/>
                <TextEquiv>
                    <Unicode>247</Unicode>
                </TextEquiv>
            </TextLine>
            <TextLine id="tr_1_tl_2" custom="readingOrder {index:1;}">
                <Coords points="753,662 1027,625 1299,645 1330,617 1571,617 1571,464 1472,495 1259,444 1033,512 971,495 897,538 841,498 753,512"/>
                <Baseline points="767,590 811,587 856,585 901,585 946,582 990,582 1035,582 1080,576 1125,579 1170,579 1214,576 1259,576 1304,576 1349,576 1393,576 1438,579 1483,579 1528,585 1572,593 1578,596"/>
                <TextEquiv>
                    <Unicode>an ihr vorbei.)</Unicode>
                </TextEquiv>
            </TextLine>
            <TextLine id="tr_1_tl_3" custom="readingOrder {index:2;}">
                <Coords points="758,795 2858,744 2909,611 761,654"/>
                <Baseline points="773,746 811,743 856,740 901,737 946,737 990,734 1035,734 1080,734 1125,731 1170,731 1214,731 1259,728 1304,728 1349,728 1393,725 1438,725 1483,725 1528,725 1572,725 1617,725 1662,722 1707,722 1752,719 1796,719 1841,719 1886,716 1931,716 1975,716 2020,716 2065,719 2110,713 2154,710 2199,710 2244,707 2289,707 2334,704 2378,704 2423,704 2468,701 2513,698 2557,698 2602,698 2647,698 2692,698 2736,695 2781,695 2826,692 2871,692 2916,692"/>
                <TextEquiv>
                    <Unicode>Abendstern: Guten Abend, gnädige Frau. Schon</Unicode>
                </TextEquiv>
            </TextLine>
            <TextLine id="tr_1_tl_4" custom="readingOrder {index:3;}">
                <Coords points="758,906 1073,962 1746,886 1973,923 2151,891 2154,767 1927,736 1794,778 1486,747 1237,815 761,798"/>
                <Baseline points="773,892 814,892 859,892 904,892 949,889 993,889 1038,886 1083,886 1128,883 1172,883 1217,883 1262,883 1307,883 1352,880 1396,877 1441,877 1486,877 1531,877 1575,874 1620,871 1665,874 1710,871 1755,871 1799,868 1844,868 1889,868 1934,865 1978,865 2023,865 2068,865 2113,865 2157,865"/>
                <TextEquiv>
                    <Unicode>zurück von der Tante Resi?</Unicode>
                </TextEquiv>
            </TextLine>
            <TextLine id="tr_1_tl_5" custom="readingOrder {index:4;}">
                <Coords points="761,1107 2725,1041 2768,931 767,954"/>
                <Baseline points="781,1047 805,1047 850,1047 895,1047 940,1044 984,1044 1029,1044 1074,1044 1119,1044 1164,1044 1208,1044 1253,1041 1298,1038 1343,1035 1387,1035 1432,1032 1477,1032 1522,1032 1566,1032 1611,1029 1656,1026 1701,1023 1746,1023 1790,1023 1835,1020 1880,1020 1925,1017 1969,1020 2014,1017 2059,1017 2104,1014 2149,1017 2193,1014 2238,1014 2283,1014 2328,1014 2372,1014 2417,1014 2462,1014 2507,1011 2551,1008 2596,1005 2641,1002 2686,999 2731,999 2775,999"/>
                <TextEquiv>
                    <Unicode>Mutter: Ich hab den weiten Weg umsonst</Unicode>
                </TextEquiv>
            </TextLine>
            <TextLine id="tr_1_tl_6" custom="readingOrder {index:5;}">
                <Coords points="773,1248 1418,1186 2219,1251 2909,1194 2912,1075 775,1132"/>
                <Baseline points="787,1214 811,1214 856,1202 901,1199 946,1199 990,1199 1035,1196 1080,1196 1125,1196 1170,1196 1214,1193 1259,1190 1304,1187 1349,1187 1393,1187 1438,1184 1483,1184 1528,1181 1572,1181 1617,1181 1662,1178 1707,1178 1752,1178 1796,1178 1841,1175 1886,1175 1931,1175 1975,1172 2020,1172 2065,1172 2110,1170 2154,1170 2199,1170 2244,1167 2289,1170 2334,1167 2378,1167 2423,1167 2468,1161 2513,1161 2557,1158 2602,1158 2647,1155 2692,1155 2736,1152 2781,1152 2826,1152 2871,1149 2916,1149"/>
                <TextEquiv>
                    <Unicode>gemacht. Sie war nicht zuhaus.-Die Herren</Unicode>
                </TextEquiv>
            </TextLine>
            <TextLine id="tr_1_tl_7" custom="readingOrder {index:6;}">
                <Coords points="767,1407 2725,1364 2728,1217 770,1302"/>
                <Baseline points="784,1367 805,1367 850,1361 895,1355 940,1352 984,1352 1029,1349 1074,1349 1119,1349 1164,1349 1208,1346 1253,1346 1298,1346 1343,1343 1387,1343 1432,1340 1477,1337 1522,1337 1566,1337 1611,1337 1656,1334 1701,1334 1746,1331 1790,1331 1835,1328 1880,1328 1925,1328 1969,1328 2014,1325 2059,1325 2104,1322 2149,1322 2193,1322 2238,1319 2283,1319 2328,1319 2372,1319 2417,1319 2462,1316 2507,1316 2551,1313 2596,1310 2641,1307 2686,1310 2731,1310"/>
                <TextEquiv>
                    <Unicode>gehn schon fort? Wo ist denn derHaus?</Unicode>
                </TextEquiv>
            </TextLine>
            <TextLine id="tr_1_tl_8" custom="readingOrder {index:7;}">
                <Coords points="770,1554 2589,1525 2779,1486 2782,1404 775,1407"/>
                <Baseline points="787,1519 814,1516 859,1513 904,1510 949,1504 993,1504 1038,1504 1083,1501 1128,1501 1172,1501 1217,1498 1262,1498 1307,1498 1352,1498 1396,1498 1441,1495 1486,1495 1531,1492 1575,1489 1620,1489 1665,1489 1710,1486 1755,1486 1799,1486 1844,1486 1889,1483 1934,1483 1978,1480 2023,1480 2068,1480 2113,1477 2157,1477 2202,1474 2247,1474 2292,1471 2337,1471 2381,1471 2426,1471 2471,1468 2516,1468 2560,1468 2605,1468 2650,1465 2695,1462 2739,1462 2784,1465"/>
                <TextEquiv>
                    <Unicode>Abendstern: Schon voraus in die Redak-</Unicode>
                </TextEquiv>
            </TextLine>
            <TextLine id="tr_1_tl_9" custom="readingOrder {index:8;}">
                <Coords points="775,1684 2855,1675 2875,1511 775,1573"/>
                <Baseline points="790,1659 820,1662 865,1659 910,1659 955,1659 999,1662 1044,1659 1089,1659 1134,1659 1178,1656 1223,1653 1268,1653 1313,1650 1358,1650 1402,1650 1447,1647 1492,1644 1537,1644 1581,1641 1626,1641 1671,1641 1716,1641 1760,1638 1805,1638 1850,1638 1895,1635 1940,1635 1984,1635 2029,1635 2074,1632 2119,1632 2163,1632 2208,1629 2253,1629 2298,1629 2343,1626 2387,1626 2432,1623 2477,1623 2522,1623 2566,1620 2611,1620 2656,1617 2701,1614 2745,1614 2790,1614 2835,1611 2880,1617"/>
                <TextEquiv>
                    <Unicode>tion. Es ist alles abgemacht. Sein Gehalt</Unicode>
                </TextEquiv>
            </TextLine>
            <TextLine id="tr_1_tl_10" custom="readingOrder {index:9;}">
                <Coords points="784,1848 2009,1851 2205,1817 2207,1681 1630,1755 1426,1698 1208,1743 787,1723"/>
                <Baseline points="799,1817 823,1814 868,1814 913,1814 958,1814 1002,1814 1047,1811 1092,1811 1137,1808 1181,1808 1226,1808 1271,1805 1316,1802 1361,1802 1405,1802 1450,1802 1495,1802 1540,1799 1584,1799 1629,1799 1674,1799 1719,1796 1763,1796 1808,1796 1853,1793 1898,1793 1943,1793 1987,1790 2032,1787 2077,1787 2122,1787 2166,1787 2211,1784"/>
                <TextEquiv>
                    <Unicode>wird mindestens verdoppelt.</Unicode>
                </TextEquiv>
            </TextLine>
            <TextLine id="tr_1_tl_11" custom="readingOrder {index:10;}">
                <Coords points="770,2043 1251,1970 2793,1961 2838,1879 2131,1814 1743,1905 1160,1837 773,1899"/>
                <Baseline points="787,1969 826,1969 871,1972 916,1969 961,1969 1005,1969 1050,1966 1095,1966 1140,1966 1184,1966 1229,1963 1274,1963 1319,1960 1364,1960 1408,1957 1453,1960 1498,1957 1543,1954 1587,1952 1632,1952 1677,1952 1722,1949 1766,1949 1811,1952 1856,1952 1901,1952 1946,1946 1990,1946 2035,1943 2080,1940 2125,1934 2169,1934 2214,1934 2259,1931 2304,1931 2348,1931 2393,1931 2438,1931 2483,1928 2528,1928 2572,1928 2617,1928 2662,1928 2707,1925 2751,1925 2796,1928 2841,1931"/>
                <TextEquiv>
                    <Unicode>Mutter: Gott geb’s. (he</Unicode>
                </TextEquiv>
            </TextLine>
        </TextRegion>
        <TextRegion id="tr_2" custom="readingOrder {index:1;}">
            <Coords points="787,2021 3065,2021 3065,3839 787,3839"/>
            <TextLine id="tr_2_tl_1" custom="readingOrder {index:0;}">
                <Coords points="781,2176 2680,2137 2822,2103 2824,2015 784,2046"/>
                <Baseline points="796,2134 814,2131 859,2128 904,2125 949,2125 993,2125 1038,2125 1083,2125 1128,2122 1172,2119 1217,2116 1262,2116 1307,2116 1352,2116 1396,2116 1441,2116 1486,2113 1531,2110 1575,2110 1620,2110 1665,2110 1710,2107 1755,2107 1799,2107 1844,2104 1889,2101 1934,2101 1978,2101 2023,2098 2068,2098 2113,2095 2157,2089 2202,2089 2247,2089 2292,2086 2337,2089 2381,2086 2426,2086 2471,2086 2516,2086 2560,2083 2605,2083 2650,2080 2695,2077 2739,2077 2784,2074 2829,2071"/>
                <TextEquiv>
                    <Unicode>Abendstern: Also, adieu, liebe Frau Flie-</Unicode>
                </TextEquiv>
            </TextLine>
            <TextLine id="tr_2_tl_2" custom="readingOrder {index:1;}">
                <Coords points="784,2318 2720,2287 2725,2159 787,2193"/>
                <Baseline points="799,2280 802,2277 847,2277 892,2277 937,2277 981,2277 1026,2277 1071,2274 1116,2274 1161,2274 1205,2274 1250,2274 1295,2271 1340,2271 1384,2265 1429,2265 1474,2262 1519,2262 1563,2262 1608,2262 1653,2262 1698,2262 1743,2262 1787,2259 1832,2259 1877,2256 1922,2256 1966,2253 2011,2250 2056,2247 2101,2247 2146,2247 2190,2244 2235,2244 2280,2244 2325,2241 2369,2241 2414,2241 2459,2238 2504,2238 2548,2238 2593,2238 2638,2238 2683,2238 2728,2241"/>
                <TextEquiv>
                    <Unicode>derbusch, ich muss mich etwas beeilen,</Unicode>
                </TextEquiv>
            </TextLine>
            <TextLine id="tr_2_tl_3" custom="readingOrder {index:2;}">
                <Coords points="773,2488 2468,2403 2728,2459 2796,2448 2802,2301 2490,2338 2250,2264 2114,2332 1746,2298 1121,2380 775,2326"/>
                <Baseline points="787,2441 790,2441 835,2435 880,2435 925,2432 970,2432 1014,2432 1059,2429 1104,2429 1149,2432 1193,2432 1238,2429 1283,2426 1328,2426 1372,2423 1417,2420 1462,2420 1507,2417 1552,2417 1596,2417 1641,2414 1686,2414 1731,2414 1775,2414 1820,2414 1865,2411 1910,2408 1954,2405 1999,2405 2044,2405 2089,2402 2134,2405 2178,2405 2223,2402 2268,2399 2313,2399 2357,2399 2402,2396 2447,2393 2492,2393 2537,2390 2581,2390 2626,2387 2671,2387 2716,2387 2760,2387 2805,2387"/>
                <TextEquiv>
                    <Unicode>Mutter: Hoffentlich sieht man Sie bald</Unicode>
                </TextEquiv>
            </TextLine>
            <TextLine id="tr_2_tl_4" custom="readingOrder {index:3;}">
                <Coords points="781,2595 1248,2640 1384,2584 1970,2598 2001,2490 781,2496"/>
                <Baseline points="796,2587 841,2587 886,2584 931,2587 976,2584 1020,2584 1065,2584 1110,2584 1155,2584 1199,2581 1244,2578 1289,2578 1334,2575 1378,2575 1423,2575 1468,2575 1513,2572 1558,2569 1602,2569 1647,2566 1692,2566 1737,2563 1781,2563 1826,2563 1871,2563 1916,2560 1960,2560 2005,2560"/>
                <TextEquiv>
                    <Unicode>wieder,Herr Abendstern,</Unicode>
                </TextEquiv>
            </TextLine>
            <TextLine id="tr_2_tl_5" custom="readingOrder {index:4;}">
                <Coords points="1743,2655 2066,2660 2173,2618 2587,2646 2657,2604 2929,2646 2969,2632 2972,2510 2884,2456 2742,2499 2649,2465 2386,2510 2332,2476 2137,2581 1746,2581"/>
                <Baseline points="1758,2641 1766,2641 1811,2638 1856,2635 1901,2635 1946,2635 1990,2632 2035,2629 2080,2626 2125,2629 2169,2620 2214,2620 2259,2623 2304,2623 2348,2620 2393,2620 2438,2620 2483,2620 2528,2617 2572,2614 2617,2608 2662,2602 2707,2602 2751,2602 2796,2602 2841,2605 2886,2605 2931,2608 2975,2605"/>
                <TextEquiv>
                    <Unicode>martitin. Adieu kinder</Unicode>
                </TextEquiv>
            </TextLine>
            <TextLine id="tr_2_tl_6" custom="readingOrder {index:5;}">
                <Coords points="1330,2688 1375,2691 1415,2652 1520,2652 1531,2663 1545,2649 1590,2657 1607,2640 1636,2640 1670,2655 1695,2646 1698,2601 1622,2615 1596,2592 1542,2578 1477,2612 1429,2587 1333,2592"/>
                <Baseline points="1346,2644 1387,2647 1432,2644 1477,2644 1522,2641 1566,2638 1611,2635 1656,2638 1701,2641"/>
                <TextEquiv>
                    <Unicode>Gunin</Unicode>
                </TextEquiv>
            </TextLine>
            <TextLine id="tr_2_tl_7" custom="readingOrder {index:6;}">
                <Coords points="784,2790 2369,2796 2867,2722 2870,2618 1375,2691 1039,2621 787,2683"/>
                <Baseline points="799,2748 814,2748 859,2745 904,2742 949,2742 993,2742 1038,2739 1083,2739 1128,2739 1172,2736 1217,2734 1262,2731 1307,2734 1352,2734 1396,2734 1441,2734 1486,2731 1531,2731 1575,2731 1620,2728 1665,2725 1710,2722 1755,2719 1799,2719 1844,2719 1889,2719 1934,2716 1978,2716 2023,2716 2068,2719 2113,2716 2157,2713 2202,2713 2247,2716 2292,2716 2337,2716 2381,2713 2426,2707 2471,2707 2516,2704 2560,2701 2605,2701 2650,2701 2695,2698 2739,2698 2784,2698 2829,2701 2874,2704"/>
                <TextEquiv>
                    <Unicode>Abendstern; (abgehend für sich). Das Herz</Unicode>
                </TextEquiv>
            </TextLine>
            <TextLine id="tr_2_tl_8" custom="readingOrder {index:7;}">
                <Coords points="787,2906 2089,2977 2578,2872 3056,2912 3059,2819 2906,2731 2626,2810 2513,2731 2369,2796 790,2805"/>
                <Baseline points="802,2895 826,2898 871,2898 916,2898 961,2898 1005,2895 1050,2895 1095,2895 1140,2895 1184,2892 1229,2889 1274,2889 1319,2886 1364,2886 1408,2883 1453,2886 1498,2883 1543,2883 1587,2880 1632,2880 1677,2880 1722,2877 1766,2877 1811,2877 1856,2877 1901,2880 1946,2883 1990,2883 2035,2877 2080,2877 2125,2877 2169,2874 2214,2877 2259,2877 2304,2880 2348,2877 2393,2871 2438,2871 2477,2856 2507,2856 2528,2853 2572,2847 2617,2847 2662,2847 2707,2847 2751,2850 2796,2847 2841,2847 2886,2847 2931,2850 2975,2847 3020,2850 3065,2850"/>
                <TextEquiv>
                    <Unicode>bricht einem entzwei. (ab). (kunde hine</Unicode>
                </TextEquiv>
            </TextLine>
            <TextLine id="tr_2_tl_9" custom="readingOrder {index:8;}">
                <Coords points="795,3252 1282,3303 2103,3206 2940,3215 2943,3054 798,3113"/>
                <Baseline points="811,3208 844,3205 889,3205 934,3205 978,3205 1023,3205 1068,3202 1113,3202 1158,3199 1202,3199 1247,3196 1292,3196 1337,3193 1381,3193 1426,3190 1471,3187 1516,3187 1561,3187 1605,3187 1650,3187 1695,3184 1740,3187 1784,3187 1829,3184 1874,3184 1919,3184 1963,3184 2008,3184 2053,3181 2098,3178 2143,3178 2187,3178 2232,3178 2277,3178 2322,3175 2366,3172 2411,3172 2456,3169 2501,3166 2545,3166 2590,3163 2635,3163 2680,3163 2725,3160 2769,3160 2814,3157 2859,3157 2904,3157 2948,3157"/>
                <TextEquiv>
                    <Unicode>Der a.Fliederbusch(von links): Auch schon</Unicode>
                </TextEquiv>
            </TextLine>
            <TextLine id="tr_2_tl_10" custom="readingOrder {index:9;}">
                <Coords points="790,3382 821,3379 872,3421 942,3379 959,3388 996,3371 1033,3388 1109,3362 1132,3385 1157,3385 1211,3365 1214,3269 990,3269 945,3249 906,3274 841,3269 824,3252 792,3260"/>
                <Baseline points="805,3363 814,3363 859,3360 904,3357 949,3357 993,3354 1038,3354 1083,3351 1128,3351 1172,3351 1217,3354"/>
                <TextEquiv>
                    <Unicode>zuhaus?</Unicode>
                </TextEquiv>
            </TextLine>
            <TextLine id="tr_2_tl_11" custom="readingOrder {index:10;}">
                <Coords points="790,3571 2827,3518 2833,3368 1579,3441 792,3404"/>
                <Baseline points="805,3518 823,3518 868,3518 913,3516 958,3513 1002,3513 1047,3510 1092,3510 1137,3510 1181,3510 1226,3510 1271,3507 1316,3504 1361,3504 1405,3501 1450,3501 1495,3498 1540,3498 1584,3498 1629,3498 1674,3498 1719,3495 1763,3492 1808,3492 1853,3495 1898,3492 1943,3489 1987,3486 2032,3486 2077,3486 2122,3486 2166,3486 2211,3483 2256,3480 2301,3480 2345,3480 2390,3480 2435,3480 2480,3477 2525,3474 2569,3474 2614,3474 2659,3474 2704,3474 2748,3471 2793,3468 2838,3474"/>
                <TextEquiv>
                    <Unicode>Mutter: Ich war bei Tante Resi. Aber sie</Unicode>
                </TextEquiv>
            </TextLine>
            <TextLine id="tr_2_tl_12" custom="readingOrder {index:11;}">
                <Coords points="798,3671 877,3699 968,3676 1092,3724 1327,3668 1673,3671 1675,3557 1596,3577 1463,3515 1242,3594 1112,3560 971,3611 914,3569 798,3620"/>
                <Baseline points="814,3662 829,3662 874,3662 919,3662 964,3665 1008,3665 1053,3662 1098,3659 1143,3659 1187,3656 1232,3656 1277,3653 1322,3653 1367,3650 1411,3647 1456,3647 1501,3644 1546,3644 1590,3647 1635,3647 1680,3650"/>
                <TextEquiv>
                    <Unicode>war nicht daeim.</Unicode>
                </TextEquiv>
            </TextLine>
            <TextLine id="tr_2_tl_13" custom="readingOrder {index:12;}">
                <Coords points="804,3903 2870,3820 2901,3676 2502,3704 2292,3634 807,3721"/>
                <Baseline points="820,3820 844,3823 889,3826 934,3829 978,3826 1023,3823 1068,3820 1113,3817 1158,3814 1202,3811 1247,3811 1292,3808 1337,3808 1381,3808 1426,3808 1471,3805 1516,3805 1561,3802 1605,3802 1650,3805 1695,3802 1740,3802 1784,3799 1829,3799 1874,3799 1919,3799 1963,3796 2008,3796 2053,3793 2098,3793 2143,3793 2187,3790 2232,3793 2277,3787 2322,3787 2366,3787 2411,3790 2456,3787 2501,3784 2545,3784 2590,3784 2635,3781 2680,3781 2725,3778 2769,3775 2814,3772 2859,3772 2904,3772"/>
                <TextEquiv>
                    <Unicode>D.a.Fliederbusch: Hätt ich dir in Vorhi.</Unicode>
                </TextEquiv>
            </TextLine>
        </TextRegion>
    </Page>
</PcGts>
