3448 4168
2550 289 2754 412 178
854 427 2991 643 ich dir noch einmal. Jeder will nur seinen
863 588 2748 810 eigenen Vorteil.So,da hast du deinen
845 748 1225 906 Kaffee.
854 886 2857 1064 Fliederbusch: (hat sie mit Zärtlichkeit
860 1047 2950 1284 betrachtet, steht plötzlich auf, fasst sie
863 1210 2900 1383 beim Kopf und küsst sie auf die stirn.)
845 1371 2137 1558 Mutter: Was hast dudenn?
863 1550 2813 1716 Fliederbusch: Du bist die prächtigste
860 1675 2982 1830 Mutter, die es gibt auf Gottes weiter Welt
851 1778 2897 1979 Du verdientest - über warte nur, Mutter,
854 1976 2520 2164 warte. Du sollst es noch erleben
909 2131 2491 2319 (Es läutet. Mutter rasch ab) (veit
874 2260 2868 2456 Fliederbusch: (sieht auf die Uhr) Nein,
877 2415 2933 2605 das können sie noch nicht sein. (um sich
877 2588 3003 2766 blickend) Nicht schwach werden, keine Sen-
877 2748 2909 2944 tämantalitäten.Und wenn ihm sie mit mir
883 2845 3231 3070 - is und sich schon ein hoeles finden
1219 2991 3114 3172 Man konnte nie ja si n'est empor
886 3216 2704 3389 Mutter kommt mit ABENDStern herein.
877 3406 2608 3549 Fliederbusch: Oh,Herr Abendstern.
886 3523 2877 3719 Abendstern: Grüss Sie Gott, lieber Herr
883 3655 3017 3830 Fliederbusch. Ich bin lieber etwas früher
