3400 4056
2829 411 2945 712 th
1497 1196 2994 1400 Ihrer Durchlaucht der Fürstin
1045 1261 1237 1397 Ehre
1045 1332 2870 1575 Wendolin in ein Gespräch gezogen zu
1052 1558 1400 1706 werden.
1057 1660 2914 1891 Graf: Richtig.Sie standen mit meiner
1052 1827 2918 2017 Cousine unter der Richterloge. Ja, na.
1064 1997 2965 2187 türlich. (Vor der hüten Sie sich, junger
1050 2114 2841 2335 Mann. Die verspeist zwei solche Jüns
1062 2257 2928 2483 linge wie Sie sind zum Frühstück. Na,
1081 2413 2952 2620 erschrecken sie nicht. Man muss das,
1062 2586 3003 2792 was ich sage, nicht so ernst und manch
1062 2709 3013 2952 mal nicht so heiter nehmen, als es den
1057 2867 3013 3093 Anschein hat. Aber wissen Sie, Herr Fin
1069 3069 2935 3259 nach Ihrem Artikel hätte ich Sie mir
1137 3186 2984 3400 eigentlich - ja, ganz entschieden,hät.
1181 3349 2707 3592 ich Sie mir älter vorgestell
