3368 4024
2691 293 2821 432 53
426 511 2164 716 7. Silberstein schreibt seine Kritik.
470 656 2552 846 Eventuell der Metteur zu einer kurzen Szene.
256 751 379 978 0
429 827 2407 1013 Obendorfer flüchtig dazu, sich erkundigend.
432 1019 2846 1180 Silberstein: Dummes Zeug. Der Bursch steht nicht im
426 1221 1202 1410 Leben. Arististik.
451 1379 1760 1571 Obendorfer: Sie sind neidig.
435 1549 1420 1757 Silberstein: (empört).
454 1719 2319 1925 Obendorfer: Was regen Sie sich denn auf?
442 1928 1735 2098 Silberstein: Sie Antisemit!
448 2117 2909 2262 Obendorfer: Bin ich gar nicht. Ich bin gegenden Art i-
454 2256 2811 2483 semitismus, aber da er jedenfalls so lange bestehen
457 2458 2953 2593 wird, als die Juden existieren, so müsste man vor allen
464 2600 3000 2757 die Juden ausrotten, dann hört der Antisemitsmus schon
461 2802 1193 2991 von selber auf.
464 2925 2988 3123 Silberstein nennt ihm einen Backhandelfeuilletonisten.
470 3180 2874 3310 Silberstein! Wenn ich Zeit hätte, wurde Meisterwerke
483 3335 1981 3537 schreiben. Tretmühle. Sklaverei.
