3336 4008
480 261 1378 499 (1909 geschrieben).
467 441 1938 679 Im feudalen Blatt (Sportblatt).
460 657 2962 850 Redakteur Schneider zu Fink! Haben Sie schon gelesen,
467 834 3024 995 Sie sind wieder wahnsinnig angegriffen. Sie müssen den
483 982 2093 1217 sozialdemokratischen Kerl fordern.
467 1217 1852 1372 Fink: Er wird nicht annehmen.
470 1365 2901 1530 Schneider: Da lassen Sie mich daftir sorgen. Es wird
477 1530 2898 1710 auch für unser Blatt gut sein. Ich gehe für Sie hin
2892 280 2995 502 2
470 1748 1018 1926 mit Flögel.
473 1880 2859 2087 Dem Flögel vertraut sich Fink an(?) Ich selbst bin
486 2016 2946 2238 der Verfasser der sozialdemokratischen Artikel. Dort
486 2238 2982 2421 ist nämlich meine Ueberzeugung. Zwei Seelen in meiner
464 2409 2950 2602 Brust. Hier habe ich mich engagieren lassen, weil ich
477 2602 2975 2772 gut bezahlt werde, weil ich für Eleganz etc. schwärme.
477 2811 3036 2953 Aber wenn ich diese Gemeinheiten lese, halt ich's nicht
483 2988 1816 3143 aus und schreibe gegen mich.
473 3101 3062 3317 Ob er es nicht lieber der Modeberichterstatterin erzäh-
483 3317 1021 3507 len sollte.
493 3442 2840 3668 Vielleicht hat er auch zwei Frauen, führt überhaupt
496 3613 1852 3832 ein vollkommenes Doppelleben.
