<?xml version="1.0" encoding="UTF-8" standalone="yes"?>
<PcGts xmlns="http://schema.primaresearch.org/PAGE/gts/pagecontent/2013-07-15" xmlns:xsi="http://www.w3.org/2001/XMLSchema-instance" xsi:schemaLocation="http://schema.primaresearch.org/PAGE/gts/pagecontent/2013-07-15 http://schema.primaresearch.org/PAGE/gts/pagecontent/2013-07-15/pagecontent.xsd">
    <Metadata>
        <Creator>prov=READ-COOP:name=TrHtr:version=2.1.0:model_id=51170:date=01_08_2023_06:25</Creator>
        <Created>2023-05-10T13:29:23.157+02:00</Created>
        <LastChange>2023-08-01T06:25:38.273+02:00</LastChange>
        <TranskribusMetadata docId="1428579" pageId="55412335" pageNr="49" tsid="131652036" status="IN_PROGRESS" userId="64420" imgUrl="https://files.transkribus.eu/Get?id=KEDGYQSFGRWYTLEPAKWALFTK&amp;fileType=view" xmlUrl="https://files.transkribus.eu/Get?id=XQNGTIVBGEPFVBHMZYPPKOHS" imageId="44686476"/>
    </Metadata>
    <Page imageFilename="1428579_0049.jpg" imageWidth="3384" imageHeight="4056">
        <ReadingOrder>
            <OrderedGroup id="ro_1711791685969" caption="Regions reading order">
                <RegionRefIndexed index="0" regionRef="tr_1"/>
                <RegionRefIndexed index="1" regionRef="tr_2"/>
            </OrderedGroup>
        </ReadingOrder>
        <TextRegion id="tr_1" custom="readingOrder {index:0;}">
            <Coords points="453,308 3032,308 3032,2072 453,2072"/>
            <TextLine id="tr_1_tl_1" custom="readingOrder {index:0;}">
                <Coords points="2660,417 2679,417 2695,427 2727,401 2731,404 2740,398 2747,404 2763,404 2763,263 2740,266 2715,257 2692,270 2683,266 2660,270"/>
                <Baseline points="2677,358 2721,358 2766,358 2772,358"/>
                <TextEquiv>
                    <Unicode>48</Unicode>
                </TextEquiv>
            </TextLine>
            <TextLine id="tr_1_tl_2" custom="readingOrder {index:1;}">
                <Coords points="433,703 821,748 1303,658 1973,667 1980,510 1158,513 937,578 529,529 436,574"/>
                <Baseline points="453,641 462,638 507,641 552,638 596,638 641,635 686,632 731,632 775,632 820,632 865,629 910,629 955,629 999,626 1044,626 1089,620 1134,617 1178,614 1223,614 1268,608 1313,608 1357,605 1402,602 1447,602 1492,599 1537,599 1581,596 1626,593 1671,593 1716,590 1760,587 1805,584 1850,581 1895,581 1939,584 1984,584"/>
                <TextEquiv>
                    <Unicode>3.Kohnberger, Obendorfer, Kajetan.</Unicode>
                </TextEquiv>
            </TextLine>
            <TextLine id="tr_1_tl_3" custom="readingOrder {index:2;}">
                <Coords points="436,911 1572,876 2137,757 2920,799 2926,655 2756,571 1954,700 443,757"/>
                <Baseline points="456,817 474,817 519,817 564,817 608,814 653,811 698,811 743,808 787,805 832,805 877,802 922,802 966,799 1011,799 1056,796 1101,796 1146,796 1190,793 1235,787 1280,784 1325,781 1369,781 1414,778 1459,778 1504,778 1548,775 1593,775 1638,772 1683,767 1728,764 1772,761 1817,758 1862,758 1907,755 1951,752 1996,755 2041,752 2086,749 2130,746 2175,743 2220,740 2265,737 2310,734 2354,734 2399,731 2444,728 2489,728 2533,722 2578,722 2623,719 2668,716 2712,713 2757,710 2802,710 2847,704 2892,704 2936,704"/>
                <TextEquiv>
                    <Unicode>Kajstan wichtigtuerisch, geschäftig. Eventuell kommt er</Unicode>
                </TextEquiv>
            </TextLine>
            <TextLine id="tr_1_tl_4" custom="readingOrder {index:3;}">
                <Coords points="456,1081 2012,1036 2301,927 2984,911 3026,818 462,908"/>
                <Baseline points="477,999 480,996 525,993 570,993 614,993 659,987 704,987 749,987 793,984 838,984 883,981 928,978 972,975 1017,972 1062,972 1107,969 1152,969 1196,964 1241,964 1286,961 1331,958 1375,955 1420,952 1465,952 1510,949 1554,949 1599,949 1644,946 1689,943 1734,940 1778,940 1823,937 1868,934 1913,931 1957,925 2002,925 2047,925 2092,922 2136,919 2181,916 2226,913 2271,913 2316,910 2360,907 2405,904 2450,901 2495,898 2539,898 2584,895 2629,892 2674,892 2718,889 2763,889 2808,889 2853,883 2897,883 2942,880 2987,877 3032,877"/>
                <TextEquiv>
                    <Unicode>aus dem Bureau des Chefs, holt sich Rezensionsexemplare.</Unicode>
                </TextEquiv>
            </TextLine>
            <TextLine id="tr_1_tl_5" custom="readingOrder {index:4;}">
                <Coords points="452,1274 2487,1126 2888,1184 2901,914 2484,1024 459,1085"/>
                <Baseline points="474,1172 483,1169 528,1166 573,1166 617,1163 662,1163 707,1160 752,1160 796,1158 841,1155 886,1155 931,1152 975,1152 1020,1149 1065,1146 1110,1146 1155,1143 1199,1143 1244,1140 1289,1140 1334,1137 1378,1134 1423,1134 1468,1131 1513,1128 1557,1128 1602,1128 1647,1122 1692,1119 1737,1116 1781,1113 1826,1110 1871,1110 1916,1104 1960,1104 2005,1098 2050,1098 2095,1095 2139,1092 2184,1092 2229,1089 2274,1089 2318,1086 2363,1080 2408,1080 2453,1080 2498,1077 2542,1074 2587,1074 2632,1071 2677,1068 2721,1068 2766,1068 2811,1068 2856,1068 2900,1071"/>
                <TextEquiv>
                    <Unicode>Schreibt für morgen ein unterfilet über die Baronin,</Unicode>
                </TextEquiv>
            </TextLine>
            <TextLine id="tr_1_tl_6" custom="readingOrder {index:5;}">
                <Coords points="481,1421 2535,1377 2615,1354 2625,1168 488,1264"/>
                <Baseline points="501,1360 525,1354 570,1352 614,1352 659,1349 704,1346 749,1343 793,1340 838,1337 883,1337 928,1334 972,1331 1017,1331 1062,1328 1107,1328 1152,1328 1196,1328 1241,1325 1286,1322 1331,1319 1375,1316 1420,1313 1465,1310 1510,1307 1554,1304 1599,1301 1644,1301 1689,1298 1734,1298 1778,1295 1823,1292 1868,1289 1913,1289 1957,1286 2002,1286 2047,1283 2092,1283 2136,1277 2181,1274 2226,1271 2271,1268 2316,1268 2360,1265 2405,1262 2450,1259 2495,1259 2539,1256 2584,1256 2629,1259"/>
                <TextEquiv>
                    <Unicode>die Hauptarrangeurin des Wohltätigkeitsfestes.</Unicode>
                </TextEquiv>
            </TextLine>
            <TextLine id="tr_1_tl_7" custom="readingOrder {index:6;}">
                <Coords points="478,1620 1171,1534 1319,1611 1540,1540 2073,1556 2082,1361 1630,1434 485,1447"/>
                <Baseline points="498,1531 519,1531 564,1531 608,1531 653,1525 698,1522 743,1519 787,1519 832,1516 877,1513 922,1510 966,1510 1011,1507 1056,1504 1101,1501 1146,1501 1190,1501 1235,1501 1280,1498 1325,1495 1369,1492 1414,1492 1459,1492 1504,1486 1548,1486 1593,1483 1638,1480 1683,1477 1728,1474 1772,1471 1817,1468 1862,1465 1907,1465 1951,1465 1996,1465 2041,1462 2086,1462"/>
                <TextEquiv>
                    <Unicode>Er schreibt ein Gelegenheitsstück.</Unicode>
                </TextEquiv>
            </TextLine>
            <TextLine id="tr_1_tl_8" custom="readingOrder {index:7;}">
                <Coords points="481,1790 2407,1707 2885,1556 1973,1521 1328,1627 1184,1543 998,1643 491,1624"/>
                <Baseline points="504,1713 516,1710 561,1707 605,1707 650,1707 695,1704 740,1704 784,1701 829,1695 874,1692 919,1692 964,1689 1008,1686 1053,1686 1098,1683 1143,1683 1187,1680 1232,1677 1277,1674 1322,1674 1366,1668 1411,1665 1456,1665 1501,1665 1545,1662 1590,1659 1635,1659 1680,1656 1725,1653 1769,1650 1814,1647 1859,1644 1904,1644 1948,1641 1993,1638 2038,1635 2083,1632 2127,1632 2172,1629 2217,1629 2262,1626 2307,1626 2351,1623 2396,1620 2441,1620 2486,1617 2530,1614 2575,1611 2620,1608 2665,1608 2709,1605 2754,1602 2799,1602 2844,1605 2889,1605"/>
                <TextEquiv>
                    <Unicode>bringt eine Notiz über eine Primiere seines Stückes.</Unicode>
                </TextEquiv>
            </TextLine>
            <TextLine id="tr_1_tl_9" custom="readingOrder {index:8;}">
                <Coords points="488,1932 1505,1903 1726,1983 2384,1845 2904,1916 2987,1701 494,1797"/>
                <Baseline points="510,1889 528,1889 573,1883 617,1883 662,1880 707,1880 752,1877 796,1874 841,1871 886,1868 931,1868 975,1865 1020,1862 1065,1862 1110,1859 1155,1856 1199,1856 1244,1850 1289,1850 1334,1850 1378,1847 1423,1844 1468,1841 1513,1838 1557,1838 1602,1835 1647,1835 1692,1838 1737,1835 1781,1835 1826,1829 1871,1826 1916,1823 1960,1820 2005,1817 2050,1814 2095,1814 2139,1811 2184,1808 2229,1805 2274,1802 2318,1799 2363,1799 2408,1796 2453,1796 2498,1793 2542,1790 2587,1787 2632,1784 2677,1784 2721,1784 2766,1781 2811,1778 2856,1772 2900,1772 2945,1769 2990,1766"/>
                <TextEquiv>
                    <Unicode>Hält morgen eine Vorlesungen über die Zukunft der deut-</Unicode>
                </TextEquiv>
            </TextLine>
            <TextLine id="tr_1_tl_10" custom="readingOrder {index:9;}">
                <Coords points="491,2156 584,2143 655,2179 805,2111 879,2143 953,2118 1011,2140 1277,2121 1284,1986 1142,1961 1049,1993 690,1980 658,1951 606,1983 501,1967"/>
                <Baseline points="516,2062 525,2062 570,2062 614,2062 659,2059 704,2059 749,2056 793,2056 838,2053 883,2050 928,2047 972,2044 1017,2041 1062,2038 1107,2038 1152,2035 1196,2035 1241,2038 1286,2041"/>
                <TextEquiv>
                    <Unicode>schen Literatur.</Unicode>
                </TextEquiv>
            </TextLine>
        </TextRegion>
        <TextRegion id="tr_2" custom="readingOrder {index:1;}">
            <Coords points="522,2257 3127,2257 3127,3752 522,3752"/>
            <TextLine id="tr_2_tl_1" custom="readingOrder {index:0;}">
                <Coords points="501,2458 1094,2512 2692,2416 2878,2374 2885,2240 683,2352 510,2275"/>
                <Baseline points="522,2417 558,2417 602,2414 647,2414 692,2411 737,2408 781,2405 826,2405 871,2402 916,2399 961,2399 1005,2396 1050,2396 1095,2393 1140,2390 1184,2387 1229,2387 1274,2384 1319,2381 1363,2381 1408,2378 1453,2378 1498,2375 1543,2375 1587,2375 1632,2372 1677,2369 1722,2366 1766,2363 1811,2360 1856,2357 1901,2354 1945,2354 1990,2351 2035,2348 2080,2345 2124,2345 2169,2342 2214,2339 2259,2336 2304,2336 2348,2336 2393,2333 2438,2336 2483,2333 2527,2327 2572,2324 2617,2318 2662,2318 2706,2316 2751,2313 2796,2310 2841,2307 2886,2310"/>
                <TextEquiv>
                    <Unicode>Fink er scheint f lüchtig, unscheinbar, bringt Bericht</Unicode>
                </TextEquiv>
            </TextLine>
            <TextLine id="tr_2_tl_2" custom="readingOrder {index:1;}">
                <Coords points="513,2625 709,2699 1088,2612 1149,2663 1197,2622 1438,2670 1537,2615 1685,2654 1781,2609 1890,2657 1916,2496 1617,2445 1463,2503 1187,2471 1129,2512 517,2522"/>
                <Baseline points="531,2590 576,2590 620,2590 665,2590 710,2590 755,2587 799,2584 844,2581 889,2581 934,2581 978,2575 1023,2575 1068,2572 1113,2569 1158,2569 1202,2566 1247,2563 1292,2560 1337,2560 1381,2557 1426,2554 1471,2551 1516,2551 1560,2551 1605,2548 1650,2545 1695,2545 1739,2542 1784,2542 1829,2542 1874,2542 1919,2542"/>
                <TextEquiv>
                    <Unicode>über eine Gerichtsverhandlung.</Unicode>
                </TextEquiv>
            </TextLine>
            <TextLine id="tr_2_tl_3" custom="readingOrder {index:2;}">
                <Coords points="526,2804 696,2869 860,2824 1040,2859 1126,2811 1248,2840 1418,2801 1595,2846 1620,2660 1338,2644 1190,2699 751,2670 529,2715"/>
                <Baseline points="546,2775 552,2775 596,2772 641,2769 686,2766 731,2766 775,2763 820,2760 865,2760 910,2760 955,2757 999,2757 1044,2757 1089,2757 1134,2754 1178,2754 1223,2748 1268,2748 1313,2745 1357,2742 1402,2742 1447,2742 1492,2742 1537,2745 1581,2745 1626,2748"/>
                <TextEquiv>
                    <Unicode>(Eventull Kindesmord).</Unicode>
                </TextEquiv>
            </TextLine>
            <TextLine id="tr_2_tl_4" custom="readingOrder {index:3;}">
                <Coords points="539,2987 2917,2939 3074,2917 3084,2734 542,2869"/>
                <Baseline points="558,2945 579,2945 623,2942 668,2942 713,2939 758,2936 802,2933 847,2933 892,2930 937,2930 981,2924 1026,2924 1071,2921 1116,2921 1160,2921 1205,2918 1250,2915 1295,2909 1340,2909 1384,2909 1429,2906 1474,2903 1519,2903 1563,2900 1608,2900 1653,2897 1698,2897 1742,2897 1787,2895 1832,2889 1877,2886 1922,2886 1966,2883 2011,2883 2056,2880 2101,2877 2145,2877 2190,2874 2235,2874 2280,2871 2324,2871 2369,2868 2414,2865 2459,2862 2504,2859 2548,2856 2593,2856 2638,2856 2683,2850 2727,2853 2772,2853 2817,2850 2862,2847 2906,2847 2951,2844 2996,2841 3041,2841 3086,2844"/>
                <TextEquiv>
                    <Unicode>Kohnberger unzufrieden mit der Tendenz. Oder umgekehrt,</Unicode>
                </TextEquiv>
            </TextLine>
            <TextLine id="tr_2_tl_5" custom="readingOrder {index:4;}">
                <Coords points="539,3222 2686,3138 3116,3090 3119,2939 545,3042"/>
                <Baseline points="561,3124 576,3121 620,3118 665,3118 710,3115 755,3115 799,3112 844,3109 889,3109 934,3103 978,3103 1023,3100 1068,3097 1113,3097 1158,3094 1202,3091 1247,3094 1292,3089 1337,3089 1381,3086 1426,3086 1471,3083 1516,3080 1560,3080 1605,3080 1650,3077 1695,3077 1739,3074 1784,3071 1829,3071 1874,3065 1919,3062 1963,3062 2008,3059 2053,3059 2098,3053 2142,3050 2187,3050 2232,3050 2277,3050 2321,3044 2366,3044 2411,3044 2456,3044 2501,3041 2545,3038 2590,3035 2635,3032 2680,3029 2724,3029 2769,3029 2814,3029 2859,3023 2903,3023 2948,3023 2993,3020 3038,3017 3083,3017 3127,3014"/>
                <TextEquiv>
                    <Unicode>Fink schreibt zu trocken,. Putzen Sie auf, lernen Sie von</Unicode>
                </TextEquiv>
            </TextLine>
            <TextLine id="tr_2_tl_6" custom="readingOrder {index:5;}">
                <Coords points="552,3334 600,3327 693,3401 744,3398 812,3366 892,3401 927,3372 963,3372 969,3234 895,3212 850,3231 812,3212 683,3244 667,3228 555,3234"/>
                <Baseline points="570,3300 573,3297 617,3297 662,3297 707,3297 752,3291 796,3291 841,3288 886,3288 931,3285 975,3294"/>
                <TextEquiv>
                    <Unicode>Kajetan.</Unicode>
                </TextEquiv>
            </TextLine>
            <TextLine id="tr_2_tl_7" custom="readingOrder {index:6;}">
                <Coords points="562,3578 3087,3440 3119,3295 571,3369"/>
                <Baseline points="584,3479 617,3474 662,3471 707,3471 752,3468 796,3468 841,3465 886,3462 931,3459 975,3459 1020,3456 1065,3453 1110,3453 1155,3453 1199,3450 1244,3453 1289,3447 1334,3447 1378,3444 1423,3444 1468,3444 1513,3441 1557,3435 1602,3432 1647,3432 1692,3429 1737,3426 1781,3423 1826,3420 1871,3417 1916,3417 1960,3414 2005,3411 2050,3411 2095,3411 2139,3411 2184,3408 2229,3408 2274,3405 2318,3405 2363,3402 2408,3399 2453,3399 2498,3396 2542,3393 2587,3390 2632,3387 2677,3384 2721,3381 2766,3381 2811,3384 2856,3381 2900,3378 2945,3381 2990,3378 3035,3375 3080,3375 3124,3369"/>
                <TextEquiv>
                    <Unicode>Obendorfer zu Fink: Es war früher ein alter Herr da, der</Unicode>
                </TextEquiv>
            </TextLine>
            <TextLine id="tr_2_tl_8" custom="readingOrder {index:7;}">
                <Coords points="565,3668 799,3680 860,3642 1020,3645 1065,3671 1101,3648 1325,3652 1328,3568 1242,3542 1136,3587 1033,3539 956,3575 850,3549 716,3587 571,3575"/>
                <Baseline points="584,3650 617,3650 662,3650 707,3650 752,3650 796,3647 841,3644 886,3638 931,3638 975,3635 1020,3632 1065,3629 1110,3629 1155,3626 1199,3623 1244,3623 1289,3623 1334,3623"/>
                <TextEquiv>
                    <Unicode>Sie gesucht hat.</Unicode>
                </TextEquiv>
            </TextLine>
            <TextLine id="tr_2_tl_9" custom="readingOrder {index:8;}">
                <Coords points="571,3786 959,3748 1300,3799 1733,3713 2060,3770 2086,3603 578,3674"/>
                <Baseline points="593,3742 611,3742 656,3742 701,3742 746,3739 790,3736 835,3736 880,3733 925,3730 969,3727 1014,3724 1059,3721 1104,3721 1149,3718 1193,3718 1238,3718 1283,3715 1328,3712 1372,3712 1417,3709 1462,3706 1507,3703 1551,3703 1596,3700 1641,3697 1686,3694 1731,3694 1775,3691 1820,3691 1865,3688 1910,3685 1954,3685 1999,3685 2044,3685 2089,3688"/>
                <TextEquiv>
                    <Unicode>Fink: Wahrscheinlich mein Vater.</Unicode>
                </TextEquiv>
            </TextLine>
        </TextRegion>
    </Page>
</PcGts>
