3448 4168
2610 261 2899 467 180
851 447 2992 593 Abendstern: Nioht Doktor,gnädige Frau, ich
843 618 2943 799 bin ein ganz gewöhnlicher Abädstern. Sehr
843 730 2973 889 hübsch wohnen sie da. (Nah ist es ja nicht
889 802 3094 947 Elm as cert. aber an welke in der Stadt
832 933 2937 1068 aber es hat schon was für sieh) und was
848 1065 2888 1260 ist das für ein anheimelnder Geruch auf
837 1219 1438 1389 der Stiege?
843 1342 2836 1562 Fliederbusch: Das kann Kraut sein oder
840 1526 1732 1713 Kohl.Es wechselt.
2600 1581 2926 1705 Kaffee
834 1685 2893 1869 Mutter: Wenn vielleicht eine Tasse Thas
843 1842 1565 2031 gefällig ist -
834 1965 2893 2149 Abendstern: Ich komme zwar eben aus dem
840 2136 2783 2361 Kaffoehaus, aber Kaffee kann man immer
837 2309 1271 2465 trinken.
843 2413 2745 2627 Mutter: (schenkt ein) Und wenn du dem
854 2586 2849 2756 Herrn Doktor noch ein Stück von deinem
843 2737 2136 2945 Kuchen anbieten wolltest
840 2934 1628 3094 Abendstern: Oh
837 2970 2841 3250 Fliederbusch: Wir werden redlich mit-
848 3206 1705 3401 einander toilen.
848 3390 2514 3577 Abendstern: Ich habe zwar eben -
840 3492 2858 3687 Flied=busch: Aber Kuchen kann man aus h
843 3689 1482 3873 immer essen.
