3336 4024
2720 241 2897 433 279
881 384 2910 599 Fliederbusch: Wenn sie,Herr Graf, Ihren
866 569 2897 756 Gegner in dem Augenblick, da Sie die Pi-
879 735 2940 943 stole auf ihn anlegten,tatsächlich nicht
886 884 2917 1101 gehasst haben, was immerhin eine selbst.
884 1032 2935 1255 täuschung sein kann, so muss ich Ihr Vor¬
891 1196 2779 1393 gehen, wenn mir ein aufrichtiges Wort
889 1342 2879 1570 gestattet ist, einfach als Teufelei be¬
894 1544 1381 1719 zeichnen.
894 1660 2825 1870 Graf: Mit Unrecht,Herr Fink.Es war so
899 1775 2717 2005 wenig Teufelei als es (zum Beispiel)
912 1959 2899 2146 Teufelei war, wenn ich auf der Rennbahn
904 2121 2897 2310 das Möglichste aus meinem Ross und aus
902 2280 2892 2464 mir herauszuholen versucht habe,so we-
912 2428 2838 2600 nig Teufelei wie meine Jagden auf al-
922 2538 2856 2782 lerlei Getier, das mir pasönlich nicht
1711 2677 1957 2822 beide
922 2738 2935 2938 das Geringste getan hatte, so wenig als
914 2889 2853 3053 meine Parlamentsrede,die mir auch nur
1447 2997 1883 3102 and will
927 3048 2933 3248 Anlass geben sollte mich auf einem neu-
927 3204 2090 3404 en Gebiet zu erproben.
925 3335 2933 3550 Fliederbusch: Diese Vergleiche treffen
935 3494 2948 3716 nicht zu Herr Graf, denn in allen diesen
927 3647 2966 3816 Fällen stand kein Menschenleben auf den
