3336 4008
2768 240 2907 432 36
1291 398 1872 562 Flinfter Akt.
1464 533 1812 650 isennsionn
454 600 2992 830 Entweder freier Wiesenplatz oder zasernenzimmer, Fecht-
464 871 729 1057 sahl.
461 978 2089 1206 Fink kommt mit seinen Sekundanten.
467 1152 2935 1379 Wir haben uns schon einigermassen verspätet. Sollten
480 1373 2127 1537 die Andern schon fortgefahren sein?
467 1531 2654 1749 Fink: Offenbar. Er will auch wieder wegfahren.
464 1736 2907 1951 Man würde wissen, wenn sie dag ewesen wären.Es ist ja
480 1900 2238 2093 auch erst zehn Minuten über die Zeit.
489 2086 1947 2247 Der Arzt kommt, sehr ungeduldig.
486 2266 2932 2427 Fink: Ihr werdet sehen, der kommt nicht, der Feigling.
489 2474 2579 2598 Der alte Engel könnte jetzt schon auftreten.
486 2610 1928 2815 Eventuell auch ein Photograph.
505 2762 2683 2992 Vorbereitung für eine Kinoaufnahme des Duells.
505 2938 3033 3115 Schon will Fink sich mit seinen Sekundanten antfernen.
514 3175 2983 3355 das Protoll kann ja anderswo aufgesetzt werden, da er-
518 3349 2222 3529 scheinen Silberstein und Kahnberger.
