3320 4008
2666 194 2802 472 73.
404 443 2714 679 Funk: Aber es frägt hier niemand mehr nach Ihnen.
414 689 2827 870 Wondra: Herr Funk, resp. Fink, Sie sind ein Falschmel-
427 841 2142 1061 der, ein Doppelgänger, sin Schwindler -
417 1042 1727 1223 Funk: Wie können Sie wagen -
424 1174 2853 1391 Wondra: Sie haben sich in der Schwindgasse eine Woh-
421 1404 1119 1569 nung genommen.
421 1553 2332 1770 Funk: Ein Zimmer mit separiertem Ausgang.
433 1744 1656 1902 Wondra: Und Badebenützung.
440 1938 2785 2080 Funk: In der Rögergasse habe ich leider keins. Was
440 2064 3012 2290 wollen Sie eigentlich von mir? Niemand wird Sie hindem
861 2222 1271 2329 berichte
450 2307 2235 2429 Ihre Rennkantakta wieder zu schreiben.
443 2433 2795 2604 Wondra: Interessieren mich nicht mehr. Ich wünsche
440 2617 3047 2808 Ihre Stelle beim „Tagewerk“. Die wäre mir sympathischer.
446 2834 1229 3031 Funk: Unmöglich.
463 2979 2582 3167 Wondra: Was kann Ihnen jetzt noch dranliegen?
485 3174 2966 3355 (Wondra müsste ein Jugendbekannter von Funk sein, noch
469 3284 3054 3513 aus dem Gymnasium. Er hat ihn bei jener Gerichtsverhand-
