3368 4040
2696 264 2820 461 56
426 477 2333 722 9. Silberstein - Fink - der Vater Ficks.
442 665 2556 897 Fink stellt ihn vor.- Vater ist herablassend.
452 866 1871 1076 Silberstein lobt Fancks Talent.
465 996 2928 1209 Vater Fink spricht von grossen Unternehmungen, von ir-
458 1209 2944 1442 gend einem geheimnisvollen Konsortium. Bis dahin muss
468 1388 3030 1585 er sich mit Agentengeschäften fortbringen. Punpt seinen
490 1591 1575 1811 Sohn um fünf Gulden an.
468 1709 2842 1919 Fink gibt sie ihm, der Alte geht, Fink küsst ihm die
490 1983 751 2139 Hand.
