3400 4072
2623 262 2767 493 44.
493 483 3061 736 Markus erklärt, man dürfe darauf nicht reagieren. Jenes
502 707 1715 934 Blatt geht uns nichts an.
512 816 3090 1062 Redakteure: Aber gerade seit dieser Fink dort schreibt,
243 806 336 1008 8
528 1062 2735 1232 wird das Blatt ansehnlich, gewinnt an Bedeutung.
531 1228 3036 1439 Markus: Alles fängt erst an zu existieren, wenn wir es
544 1404 2482 1590 beachten. Vorher ist es das Ding an sich.
550 1590 3020 1769 Nun schreibt Fink resp. Müller statt seines Gerichts-
553 1753 2297 1958 saalberichtes den Artikel gegen Fink.
563 1980 1484 2143 er schäumt vor Wut.
569 2066 2642 2297 Eventuell in einem Gespräch mit Silberstein.
576 2284 2553 2476 Er wagte diesen Artikel Markus zu bringen.
579 2517 1539 2665 Markus ist entzückt.
569 2623 2978 2879 Er tritt aus seinen Zimmer, ruft die Leute zusammen!
589 2844 1731 3010 Den Artikel bringen wir.
589 2956 2972 3221 Voll: (beleidigt) Warum wurde sein Artikel nicht ge-
592 3164 3100 3378 bracht, existiert nun der „Salon“ plötzlich? (Er nimmt
614 3384 1471 3599 seine Entlassung?)
