3336 4008
2683 275 2820 489 19
1188 450 1798 690 Zweiter Akt.
415 680 1456 875 Redaktion des „Salon“.
422 827 2932 1012 Der Redakteur sehr elegant, sein Sohn, Einjährigfreiwil-
428 993 1958 1246 liger, heuer nur extern im Blatt.
438 1217 1961 1377 Andere Mitglieder, der Redaktion.
457 1373 2296 1578 Der Duellgegner aus religiösen Gründen.
454 1552 1948 1763 Ueber den Artikel im „Tagewerk“.
457 1737 2938 1907 Der Sohn Egon findet, das könne sich Fink nicht gefal-
457 1923 2922 2111 len lassen. Es seien persönliche Angriffe,versteckte
469 2105 2878 2290 Anspielungen, fast scheint es, als wenn man aus Ficks
469 2293 2932 2443 Vergangenheit irgend etwas wüsste. Nun ja, wir wissen
485 2459 2383 2628 ja eigentlich alle nicht, woher er kommt.
482 2612 2897 2810 Der Redakteur Engel: Das Wichtigste ist, dass er gut
482 2814 2903 2993 schreibt. Auch erfreut er sich in aristokratischen
485 2993 2044 3191 Kreisen sehr grosser Beliebtheit.
501 3149 3060 3341 Graf Niederhof kommt. Er interessiert sich für den Ver-
495 3331 3063 3593 fasser des Artikels, der für ihn eingetreten ist,möchte
