3320 4008
2714 261 2850 409 27
441 473 1198 692 „Da bist du ja!“
451 654 2611 860 Natürlich klärt sich jetzt die Sache bald auf.
448 802 2882 1001 Garf Niederhof und die Baronesse kommen gleichfalls
460 1001 1021 1224 angefahren.
460 1175 2161 1394 Ungeheure Entrüstung von Egon Engel.
467 1356 2988 1558 Ehensolche Entrüstung Silberseeins oder bew er des an-
473 1501 2995 1739 dern Sekundanten, eines gesinnungstreuen (müsste natür-
473 1713 2995 1884 lich vorbereitet sein). Eventuell Voll, der immer Miss-
496 1880 2846 2051 trauen gegen Müller hatte, weil er zu gut schreibt.
486 2038 2953 2257 Man wird ihn an den Pranger stellen, er wird nirgends
489 2206 3078 2454 mehr ein Unterkommen finden. In diesem Moment erscheint
512 2457 3049 2602 die Frau Müller in fürchterlicher Aufregung, wirft sich
512 2608 2982 2814 ihrem Mann zu Füssen, er darf sich nicht schlagen. Un-
499 2766 1465 3014 geheuere Heiterkeit.
518 2927 3017 3140 Urgend jemand macht eine höhnische Bemerkung über den
509 3117 1984 3358 Überzeugngstreuen Miller-Fink.
525 3297 3040 3503 Nun fängt Fink an: Ueberzeugungen,was heisst Überzeu-
