3528 4200
286 310 848 564 23.13.1916
2630 328 2817 518 197
926 531 2617 663 Abendstern: Als sein Nachfolger?
975 679 2999 822 Styx: In der Redaktion der „Gegenwart“.
983 812 2976 975 Abendstern: Nachfolger? Wieso? (glaubt
981 970 2898 1152 zu verstehen) Ah, das heiss ich aber
983 1134 3010 1262 Wie können Sie nur, lieber Fliederbusch.
975 1262 2856 1433 Wo steht denn geschrieben, dass Sie
975 1418 2932 1597 Ebenao gut kann doch der andere - die
986 1608 2997 1769 Chancen sind doch ganz gleich in einem
983 1722 2978 1912 solchen walt. (zu seyn.) nicht nach
986 1878 2989 2050 Styx: In einem solchen Fall - sein
986 2021 3075 2211 Abendstern: Allerdings ein bewunderungs
986 2211 3025 2349 würdiges Beispiel von Pflichttreue, Herr
1967 2289 3085 2424 in uite solcherumteret
981 2380 2986 2495 Fliederbusch sich, in einem solchen Au¬
999 2534 2939 2697 genblikk um ainen ErsatzFall um einen
986 2612 2963 2815 Nachfolger kümmern, das ist Antik, wahr-
994 2804 3064 2955 haft antik.Aber überflüssig.Denn erstem
994 2958 2500 3142 wird Ihnen nichts passieren -
988 3111 2916 3291 Styx: (allmählich begreifend,für sich)
994 3285 1891 3473 Nichts passieren
994 3441 2939 3600 Abendstern: Und zweitens,ohne selbst-
1009 3585 2986 3725 verständlich die Qualitäten Ihres sehr
1014 3735 2958 3897 geschätzten Freundes im Geringsten in
2406 3902 2838 4014 den Ent¬
988 3912 1868 4040 Zweifel ziehen zu
1925 3889 2032 4019 Fo
