3304 3976
2725 239 2851 485 75
461 465 1079 680 (25.11.1913.)
461 657 1181 860 8. Funk - Egon.
451 757 2874 1035 Zu Beginn der Szene ist vielleicht Wendra noch hier.
468 989 1235 1205 Egon etwas kühl.
458 1155 2914 1397 Funk bemerkt es zuerst nicht, hat offenbar das Bettürf-
465 1377 3133 1550 nis ihm sein Herz auszuschütten. Erzählt von der Baronin.
481 1556 3010 1712 Egon selbst war es, der ihn vorgestellt hat. Er scheint
481 1719 2257 1892 sich irgendwie am Ziel seiner Wünsche.
478 1918 2831 2101 Er wird verschiedene Leute aus den höchstenKreisen
471 2084 1152 2283 kennen lernen.
478 2267 2071 2446 Endlich fällt ihm Egens Kühle auf.
478 2466 2934 2652 Egon! Sie haben den Artikel im „Tagewerk“ nicht gele-
481 2662 2157 2804 sen? Alberner Snob sind Sie genannt.
471 2784 3033 2964 Funk! Ich habe nicht die Absicht mich darum zu kümmern.
471 2947 2874 3126 Egon! Oho! War eben in einem Kreis, (im Café) wo man
478 3176 2964 3325 ganz anders über die Sache denkt. Sie müssen den Kerl
478 3312 876 3541 fordern.
