3416 4120
2639 298 2821 480 243
807 467 2771 659 vorzuschlagen, wie sie nach dem Herzen
1347 625 1876 742 condenté
807 651 2722 804 unseres Herrn Fink selbst gewesen wä
1889 727 3179 875 me Herrcek es nicht unge¬
807 804 2886 986 ren. Wir haben nicht vorgeschlagen fünf-
804 976 2756 1108 zehn Schritt, dreimaliger Kugelwechsel
802 1095 2821 1274 und nachher Säbel bis zur Kampfunfähig.
797 1225 2873 1430 keit, sondern zwanzig Schritt und dreima.
812 1406 2382 1583 liger Kugelwechsel mit Signal.
820 1565 2662 1770 Wöbl: (klatscht wieder in die Hände)
820 1731 2774 1936 Egon: (nach einem Blick auf ihn) Auch
810 1853 2717 2034 so,meine Herren, bleibt es noch immer
817 2003 2779 2206 möglich, dass die Angelegenheit völlig
812 2177 2891 2343 resultatlos verläuft. Aber,um Ihnen unser
812 2336 2784 2502 Entgegenkommen zu beweisen,wollen wir
812 2502 2904 2696 zwischen Ihrem und unserem Vorschlag die
817 2634 2829 2797 Mitte ziehen und es bei fünfundzwanzig
817 2797 2720 2982 Schritt und zweimaligem Kugelwechsel
820 2958 2245 3156 bewenden lassen. Ich glaube -
856 3143 1414 3306 (Es läutet)
836 3249 2081 3472 Obendorf er: Abendstern -
828 3368 2738 3591 Abendstern: ich bin doch nicht - Wie
836 3545 2880 3776 komm ich dazu - Der Bub soll aufmachen.
