3320 4008
2756 243 2891 442 70
493 490 2856 695 7. Während er sich eben zurechtsetzt einen Artikel
509 624 3070 932 gegen Fink zu schreiben, (vorher: Ich, ein alberner Snob,
519 845 3064 1098 Frechheit, bleib du in deinen dumpfen Winkel, mich zieht
538 1063 2852 1255 es nach lichteren Höhen) tritt Wendra ein, ohne zu
531 1156 3108 1421 klopfen; hagerer,verlumpt aussehender Mensch,vertretene
538 1383 3064 1626 Lackschuhe, Monocle, kleinen schwarzen Hut, gelben Ueber-
544 1601 1511 1799 zieher, Spazierstock.
551 1748 3092 1943 Er geht wortlos auf den starren Funk zu, nimmt ihn beim
563 1911 2990 2154 Kragen,zieht ihn aus dem Sessel fort und setzt sich
567 2142 919 2334 nieder.
579 2279 1530 2497 Funk: Sind Sie toll?
595 2414 2990 2667 Wondra: Sie werden zugeben, dass das mein Platz ist.
605 2635 1633 2852 Funk! War es niemals.
602 2804 2036 3032 Wondra: Ruhe. Ich weiss alles.
608 2971 3153 3201 Funk: Auch ich. Wiese sind Sie überhaupt wieder zurück
627 3185 3118 3371 Sie sind steckbrieflich verfolgt. Wegen Falschspiels.
640 3329 3166 3608 Wondra: Irrtum, Untersuchung aufgehoben. Rehabilitiert
314 3294 426 3451 e
