3336 4008
2746 277 2886 459 18
482 478 2954 664 ten aus seiner Jugend erzählt haben, zum Beispiel, dass
485 683 3023 836 sein Vater nahe daran war sehr reich zu werden oder es
482 839 2792 1041 war und sein Vermögen verloren hat und ähnliches.
488 1002 2945 1223 Von seiner Frau spricht er nichts oder spricht heute
482 1236 2857 1354 zum ersten Mal davon, lädt Silberstein eventuell zu
488 1412 3111 1643 sich ein. Silberstein: Wir müssen uns aneinanderschlies-
504 1620 716 1760 sen.
488 1679 2948 1982 Markus kommt, er oder ein anderer liest ein Stück aus
485 1887 2987 2092 Müllers Artikel vor. Er behandelt den Verfasser jenes
498 2108 2971 2265 Artikels schonungslos. Jemand warnt hin; er wurde Un-
508 2274 2948 2476 annehmlichkeiten haben. Er unterzeichnet den Artikel
498 2466 1643 2694 mit seinem ganzen Namen.
