3480 4168
2584 255 2772 454 188
823 423 2943 736 Styx: (lacht) Sie verspüren keine Neigung-
829 613 2867 823 Das finde ich ja kostbar.Gerichtsrepor-
843 770 2892 1042 ter bei der Gegenwart und Redakteur der
846 876 2962 1187 Eleganten Welt zugleich – wie lange glau-
843 1086 2974 1308 ben Sie denn dieses Doppelspiel durchfüh-
854 1280 2912 1434 ren zu können? Ganz abgesehen davon, dass
865 1364 2999 1590 ich gar nicht begreife,wie ein Mensch von
876 1523 2923 1772 Ehrgefühl auch nur einen Tag lang einem
2545 1621 3105 1761 men Spalten
473 1641 795 1798 cungen
871 1666 2822 1904 Blatt weiter angehören kann,in dem er
885 1828 2867 2122 persönlich in solcher Weise insultiert
899 2013 1823 2232 worden istam die!
896 2139 2478 2414 Fliederbusch: (verwirrt) Wieso?
904 2257 2887 2590 styx: Würdelos alberner Snob, das geht
913 2475 2377 2666 doch auf sie, auf Herrn Fink.
921 2682 2002 2817 Fliederbusch: wun ja.
1672 2685 2862 2870 The Redaclins elle,
918 2789 2873 3007 Styx: Und ein Kollege von der Gegen-
1876 2878 2624 3024 genannt.. Wai
935 2915 3195 3209 Kart" hat Sie so bezeichnet. und Sie durchte
582 3058 2372 3366 je entwissen doch jedesfalls wer.
938 3231 2500 3500 Fliederbusch: Wahrscheinlich.
946 3360 2915 3643 Styx: Und als der kleine-Reporter, den
946 3520 3091 3816 Sie in der „Gegamart“ vorstellen befinden
