3512 4184
239 345 733 502 20 1/3. 1916.
2525 364 2705 497 186
1244 353 2216 569 Gave weine Avril
826 518 2716 723 Styx: Das finde ich auch, mein werter
460 542 555 646 1a
1379 598 2655 739 staunen bin ich zogar hier
1727 672 2873 842 wollen wir uns unter.
821 699 1738 869 Herr. Und darüber
824 811 2777 983 mitsinander unterhalten. Die Gaben des
1783 917 2126 1026 Johannes
1414 935 1658 1028 wären
805 973 2857 1169 Schicksals werden nämlich ungerecht auf
832 1082 2841 1284 der Welt verteilt,wenn der Eine gleich
829 1265 2947 1456 zwei Personen und der Andere nicht einmal
845 1393 2878 1605 eine vorstellen dürfte. Finden Sienicht
845 1629 1137 1746 auch?
840 1653 2785 1927 Fliedbusch: Seien Sie überzeugt,Herr
848 1879 2806 2068 Styx, dass ich Ihr Wiederengagement in
856 1982 2942 2240 der „Eleganten Welt" geradezu als Vorbe-
858 2238 1233 2402 dingung
869 2285 2979 2551 Styx: - Davon ist ja nicht mehr die Rede,
869 2448 2780 2695 mein verehrter Herr Fink.Jawohl,Fink,
866 2583 3003 2822 kann auf diese Hälfte Ihres interessanten
877 2809 2923 2979 Doppelwesens werden Sie sich von nun an
877 2894 2923 3144 zu beschränken haben.Die andere gedenke
888 3146 1828 3351 ich zu übernehmen.
896 3221 2897 3505 Flied=busch: Ich verstehe nicht ganz.
898 3402 3022 3630 Styx: Es ist die einfachste Sache von der
906 3516 3008 3758 Welt. Sie werden die Freundlichkeit haben
896 3662 3024 3957 sich mit mir in die Redaktion der „Gegen-
