3384 4056
2684 279 2827 444 49
431 523 1806 789 4. Fink, Obendorf er, Kohnberger.
440 729 1594 932 Kajetan ist weggegangen.
453 827 2199 1090 Voll aus dem Bureau des Chefs, empört,
463 995 2918 1248 Er hat einen Artikel gegen Niederhof geschrieben mit
478 1204 2963 1454 seinem Herzblut, Markus will ihn nicht bringen. Warum
488 1388 2928 1629 sollen wir nicht dagegen Stellung nehmen,wenn andere
491 1543 2405 1816 Blätter es tun? Z.B. „Bie elegante Welt“.
504 1698 3023 1974 Kohnberger: Wer kümmert sich um das Blatt? Sportblatt.
501 1904 2896 2129 Voll: Nicht mehr. Politische Alüren. (er liest vor)
567 2082 3055 2323 Niederhof wird gefeiert. Erlösende Worte. Immer waren
583 2282 3052 2491 es die Wenigen die Erlesenen, die Edelrassigen, die die
577 2411 3023 2671 Menschheit gefördert haben. Mitleid, eine Eigenschaft
580 2617 3052 2884 der Dummköpfe. Kindische Sentimentalität. Auf Ordnung
605 2801 3096 3045 und Unterwerfung baut sich der Staat auf. Auch wir be-
612 2944 3162 3216 klagen das geflossene Blut. Aber der Garf N. hat Recht.
618 3181 2003 3460 Epidemien sind grausamer etc.
627 3315 3112 3600 Die Reaktion wird hier gefeiert und wir sollen nichts
