3336 4024
2753 271 2876 435 27.
486 457 2996 710 Eventuell Auftreten des Politoders, der ihm das sozial-
505 678 1876 874 demokratische Mandat anträgt.
498 814 2983 1038 Er denkt daran seine Frau fortzuschicken zu ihren El-
511 1075 1246 1249 tern aufs Land.
520 1195 2438 1403 Er soll in einem Verein eine Rede halten,
530 1318 3059 1580 Er hat Silberstein und Kohnberger herbestellt, die hier
542 1536 2842 1719 an seiner Statt die Sekundanten empfangen sollen.
536 1738 3009 1943 Egon Engel war in der Redaktion des „Tagewerks" sich
539 1911 2066 2122 nach Müllers Adresse erkundigen.
552 2059 3091 2315 Da es Müller vor allen darauf ankommt Zeit zu gewinnen
568 2258 2971 2463 und er sich über seine ferneren Entschlüsse noch im
577 2400 3021 2643 Unklaren befindet, will er, dass die Sekundanten Fanks
574 2599 2930 2804 wenn sie in Müllers Wohnung kommen, wenn auch nicht
587 2797 2838 3043 ihn selbst, doch gleich seine Sekundanten finden.
583 2971 3091 3185 gespräch zwischen ihm, Silberstein und Kohnberger. Sil-
587 3097 3069 3362 berst ein beneidet ihn, wäre fast bereit für ihn einzu-
606 3324 2605 3580 springen; „sowas komnt unsereinem nicht zu.“
