3400 4056
2782 277 2911 457 41
506 544 1137 734 (23.10.1913.)
502 647 3062 947 Fink ist ein kleiner Journalist, am besten Gerichtssaal-
506 931 972 1092 reporter.
522 1011 2985 1249 Einmal schliesst sich ihm nach einer Verhandlung ein
544 1175 3030 1430 etwasmeskines, aber nicht uninteressantes Subjekt an,
554 1362 3140 1584 eventuell ein Zeuge, der in einem Spieler- und Schwindler-
557 1523 3069 1745 prozess vernommen wird. Dieser war Sportberichterstat-
567 1752 3046 1977 ter beim „Salon“. Der nimmt Fink einmal zu einem Ren-
564 1897 3152 2141 nen mit, bittet ihn ihn zu vertreten, für ihn den Bericht
580 2080 3085 2341 zu schreiben, eventuell vom Darby. Dieses Subjekt muss
609 2273 2940 2444 durchgehen, eventuell wird er eingesperrt, und Fink,
596 2389 3091 2660 nattürlich unter einem falschen Namen nimmt bald seine
599 2621 3072 2866 Szelle ein. Um sein Inkognito zu wahren, mietet er ir-
621 2772 3143 3027 gendwo ein kleines Zimmer. Auch seine Frau darf natür-
625 3024 1639 3230 lich nichts erfahren.
631 3094 3146 3407 Er wird von dem Blatt auch anderweitigbeschäftigt, und
634 3326 3207 3542 fröhnt nun nach Herzenslust seiner Neigung zur Eleganz.
