<?xml version="1.0" encoding="UTF-8" standalone="yes"?>
<PcGts xmlns="http://schema.primaresearch.org/PAGE/gts/pagecontent/2013-07-15" xmlns:xsi="http://www.w3.org/2001/XMLSchema-instance" xsi:schemaLocation="http://schema.primaresearch.org/PAGE/gts/pagecontent/2013-07-15 http://schema.primaresearch.org/PAGE/gts/pagecontent/2013-07-15/pagecontent.xsd">
    <Metadata>
        <Creator>prov=READ-COOP:name=TrHtr:version=2.1.0:model_id=51170:date=01_08_2023_06:26</Creator>
        <Created>2023-05-10T13:29:38.070+02:00</Created>
        <LastChange>2023-08-01T06:26:02.347+02:00</LastChange>
        <TranskribusMetadata docId="1428579" pageId="55412943" pageNr="139" tsid="131652127" status="IN_PROGRESS" userId="64420" imgUrl="https://files.transkribus.eu/Get?id=CGUKHNWIZMYNBEPRXMAMWSFV&amp;fileType=view" xmlUrl="https://files.transkribus.eu/Get?id=DLZHYDSCQANFSNDVFWYXIMUZ" imageId="44687084"/>
    </Metadata>
    <Page imageFilename="1428579_0139.jpg" imageWidth="3560" imageHeight="4216">
        <ReadingOrder>
            <OrderedGroup id="ro_1711791763502" caption="Regions reading order">
                <RegionRefIndexed index="0" regionRef="tr_1"/>
                <RegionRefIndexed index="1" regionRef="tr_2"/>
            </OrderedGroup>
        </ReadingOrder>
        <TextRegion id="tr_1" custom="readingOrder {index:0;}">
            <Coords points="477,487 3000,487 3000,2150 477,2150"/>
            <TextLine id="tr_1_tl_1" custom="readingOrder {index:0;}">
                <Coords points="2630,572 2661,566 2701,588 2723,577 2741,588 2754,577 2781,585 2802,569 2821,572 2826,396 2810,399 2784,375 2762,386 2717,380 2699,391 2635,396"/>
                <Baseline points="2645,543 2648,543 2693,540 2738,540 2782,537 2827,537"/>
                <TextEquiv>
                    <Unicode>202</Unicode>
                </TextEquiv>
            </TextLine>
            <TextLine id="tr_1_tl_2" custom="readingOrder {index:1;}">
                <Coords points="463,651 497,657 521,638 529,643 548,641 548,473 524,473 518,468 508,473 481,460 463,460"/>
                <Baseline points="477,621 522,621 555,621"/>
                <TextEquiv>
                    <Unicode>P.</Unicode>
                </TextEquiv>
            </TextLine>
            <TextLine id="tr_1_tl_3" custom="readingOrder {index:2;}">
                <Coords points="824,803 2776,731 2874,715 2877,598 2520,561 1981,641 1819,574 830,670"/>
                <Baseline points="842,764 862,761 907,758 952,761 997,758 1042,758 1086,755 1131,758 1176,749 1221,746 1265,743 1310,743 1355,743 1400,737 1445,737 1489,737 1534,734 1579,731 1624,731 1669,731 1713,731 1758,728 1803,728 1848,725 1893,725 1937,722 1982,722 2027,719 2072,716 2116,716 2161,713 2206,710 2251,707 2296,707 2340,707 2385,707 2430,704 2475,701 2520,698 2564,698 2609,698 2654,695 2699,695 2743,692 2788,692 2833,689 2878,689"/>
                <TextEquiv>
                    <Unicode>Styx: Nur einen freundschaftlichen Rat-</Unicode>
                </TextEquiv>
            </TextLine>
            <TextLine id="tr_1_tl_4" custom="readingOrder {index:3;}">
                <Coords points="824,915 2858,880 2877,766 2608,710 827,851"/>
                <Baseline points="839,913 865,910 910,907 955,907 1000,907 1045,907 1089,904 1134,904 1179,901 1224,898 1268,898 1313,895 1358,895 1403,892 1448,892 1492,892 1537,889 1582,889 1627,886 1672,883 1716,886 1761,883 1806,880 1851,877 1896,874 1940,877 1985,874 2030,871 2075,868 2119,868 2164,868 2209,865 2254,865 2299,862 2343,859 2388,859 2433,856 2478,853 2523,853 2567,850 2612,850 2657,847 2702,847 2746,844 2791,844 2836,842 2881,844"/>
                <TextEquiv>
                    <Unicode>schlag möchte ich mir noch erlauben, was</Unicode>
                </TextEquiv>
            </TextLine>
            <TextLine id="tr_1_tl_5" custom="readingOrder {index:4;}">
                <Coords points="832,1079 2736,1071 2949,1010 2951,928 2837,869 2321,885 835,1002"/>
                <Baseline points="847,1062 850,1065 895,1062 940,1059 985,1059 1030,1059 1074,1059 1119,1059 1164,1056 1209,1054 1254,1054 1298,1051 1343,1051 1388,1048 1433,1048 1477,1042 1522,1042 1567,1042 1612,1042 1657,1039 1701,1036 1746,1036 1791,1033 1836,1030 1881,1030 1925,1027 1970,1027 2015,1024 2060,1021 2105,1021 2149,1018 2194,1018 2239,1018 2284,1015 2328,1012 2373,1012 2418,1009 2463,1012 2508,1009 2552,1006 2597,1003 2642,1003 2687,1003 2732,1000 2776,997 2821,994 2866,994 2911,991 2955,994"/>
                <TextEquiv>
                    <Unicode>die Herran Sekundauten betrifft.Sie soll</Unicode>
                </TextEquiv>
            </TextLine>
            <TextLine id="tr_1_tl_6" custom="readingOrder {index:5;}">
                <Coords points="832,1242 2098,1244 2345,1175 2587,1231 2951,1191 2957,1040 2098,1127 835,1117"/>
                <Baseline points="847,1215 856,1215 901,1212 946,1212 991,1212 1036,1212 1080,1212 1125,1209 1170,1209 1215,1206 1260,1206 1304,1203 1349,1200 1394,1200 1439,1197 1483,1197 1528,1197 1573,1197 1618,1194 1663,1191 1707,1188 1752,1188 1797,1188 1842,1185 1887,1182 1931,1182 1976,1179 2021,1179 2066,1179 2110,1179 2155,1173 2200,1173 2245,1173 2290,1170 2334,1167 2379,1167 2424,1161 2469,1161 2514,1161 2558,1158 2603,1155 2648,1155 2693,1155 2738,1152 2782,1149 2827,1146 2872,1146 2917,1143 2961,1146"/>
                <TextEquiv>
                    <Unicode>ten sich für alle Fälle zur Abreise parat</Unicode>
                </TextEquiv>
            </TextLine>
            <TextLine id="tr_1_tl_7" custom="readingOrder {index:6;}">
                <Coords points="830,1393 907,1385 1000,1417 1085,1383 1101,1399 1133,1385 1215,1396 1218,1274 1188,1284 1170,1271 1122,1292 1058,1268 981,1268 928,1303 832,1292"/>
                <Baseline points="847,1373 865,1370 910,1367 955,1367 1000,1364 1045,1364 1089,1364 1134,1364 1179,1364 1224,1370"/>
                <TextEquiv>
                    <Unicode>halten.</Unicode>
                </TextEquiv>
            </TextLine>
            <TextLine id="tr_1_tl_8" custom="readingOrder {index:7;}">
                <Coords points="845,1566 1000,1609 1093,1561 1821,1502 1877,1547 2114,1502 2119,1377 1736,1369 1207,1444 968,1409 848,1460"/>
                <Baseline points="859,1540 868,1537 913,1528 958,1525 1003,1519 1048,1519 1092,1519 1137,1519 1182,1513 1227,1513 1271,1513 1316,1513 1361,1510 1406,1510 1451,1510 1495,1507 1540,1504 1585,1501 1630,1498 1675,1495 1719,1492 1764,1492 1809,1489 1854,1486 1898,1483 1943,1483 1988,1483 2033,1483 2078,1480 2122,1480"/>
                <TextEquiv>
                    <Unicode>Abendstern: Zur Abreise?</Unicode>
                </TextEquiv>
            </TextLine>
            <TextLine id="tr_1_tl_9" custom="readingOrder {index:8;}">
                <Coords points="851,1728 2217,1638 2845,1667 2850,1529 856,1587"/>
                <Baseline points="865,1681 880,1678 925,1678 970,1681 1015,1678 1059,1681 1104,1681 1149,1681 1194,1675 1239,1672 1283,1666 1328,1666 1373,1663 1418,1660 1463,1657 1507,1657 1552,1660 1597,1654 1642,1651 1686,1648 1731,1648 1776,1645 1821,1642 1866,1642 1910,1642 1955,1639 2000,1636 2045,1636 2090,1633 2134,1633 2179,1630 2224,1627 2269,1627 2314,1627 2358,1627 2403,1624 2448,1624 2493,1621 2537,1618 2582,1615 2627,1618 2672,1615 2717,1612 2761,1609 2806,1609 2851,1609"/>
                <TextEquiv>
                    <Unicode>styx: Da man ja soch mit absoluter Si-</Unicode>
                </TextEquiv>
            </TextLine>
            <TextLine id="tr_1_tl_10" custom="readingOrder {index:9;}">
                <Coords points="851,1898 1558,1808 2792,1797 2935,1779 2941,1643 856,1760"/>
                <Baseline points="868,1836 880,1833 925,1833 970,1830 1015,1827 1059,1827 1104,1824 1149,1821 1194,1821 1239,1818 1283,1818 1328,1815 1373,1812 1418,1812 1463,1809 1507,1806 1552,1806 1597,1806 1642,1803 1686,1803 1731,1800 1776,1800 1821,1797 1866,1794 1910,1794 1955,1791 2000,1791 2045,1788 2090,1788 2134,1785 2179,1782 2224,1776 2269,1779 2314,1776 2358,1776 2403,1776 2448,1773 2493,1773 2537,1773 2582,1773 2627,1770 2672,1770 2717,1767 2761,1761 2806,1761 2851,1758 2896,1755 2941,1755"/>
                <TextEquiv>
                    <Unicode>cherheit nichts vorhersehen kann - frei-</Unicode>
                </TextEquiv>
            </TextLine>
            <TextLine id="tr_1_tl_11" custom="readingOrder {index:10;}">
                <Coords points="2061,1882 2135,1890 2180,1864 2217,1874 2353,1845 2473,1866 2481,1784 2404,1808 2377,1792 2233,1792 2220,1776 2130,1816 2066,1813"/>
                <Baseline points="2078,1872 2119,1869 2164,1866 2209,1860 2254,1854 2299,1848 2343,1845 2388,1842 2433,1842 2478,1839"/>
                <TextEquiv>
                    <Unicode>it kein.</Unicode>
                </TextEquiv>
            </TextLine>
            <TextLine id="tr_1_tl_12" custom="readingOrder {index:11;}">
                <Coords points="856,1991 2018,2018 2236,1949 2911,1941 2967,1832 859,1890"/>
                <Baseline points="871,1991 910,1985 955,1982 1000,1979 1045,1976 1089,1973 1134,1973 1179,1973 1224,1970 1268,1970 1313,1967 1358,1964 1403,1967 1448,1964 1492,1961 1537,1961 1582,1961 1627,1958 1672,1955 1716,1955 1761,1949 1806,1949 1851,1949 1896,1949 1940,1949 1985,1949 2030,1952 2075,1946 2119,1946 2164,1943 2209,1937 2254,1934 2299,1934 2343,1931 2388,1931 2433,1931 2478,1928 2523,1925 2567,1925 2612,1925 2657,1922 2702,1919 2746,1916 2791,1913 2836,1916 2881,1913 2926,1910 2970,1913"/>
                <TextEquiv>
                    <Unicode>lich eine Verurteilung - aber auch sehen</Unicode>
                </TextEquiv>
            </TextLine>
            <TextLine id="tr_1_tl_13" custom="readingOrder {index:12;}">
                <Coords points="859,2162 2576,2124 2991,2076 2996,1981 2287,1967 1720,2050 1603,1991 859,2103"/>
                <Baseline points="874,2140 895,2137 940,2137 985,2137 1030,2134 1074,2131 1119,2131 1164,2131 1209,2128 1254,2125 1298,2122 1343,2122 1388,2119 1433,2116 1477,2116 1522,2116 1567,2113 1612,2113 1657,2113 1701,2110 1746,2113 1791,2110 1836,2108 1881,2105 1925,2102 1970,2099 2015,2099 2060,2096 2105,2096 2149,2093 2194,2090 2239,2087 2284,2087 2328,2087 2373,2084 2418,2084 2463,2081 2508,2081 2552,2078 2597,2078 2642,2075 2687,2072 2732,2072 2776,2072 2821,2069 2866,2069 2911,2066 2955,2060 3000,2063"/>
                <TextEquiv>
                    <Unicode>eine Untersuchungshaft hat ihre Un-</Unicode>
                </TextEquiv>
            </TextLine>
        </TextRegion>
        <TextRegion id="tr_2" custom="readingOrder {index:1;}">
            <Coords points="886,2216 3036,2216 3036,3990 886,3990"/>
            <TextLine id="tr_2_tl_1" custom="readingOrder {index:0;}">
                <Coords points="872,2305 1133,2321 1353,2287 1433,2324 1571,2271 1768,2273 1771,2193 1624,2162 1305,2209 1226,2185 1173,2223 877,2193"/>
                <Baseline points="886,2299 925,2293 970,2290 1015,2290 1059,2284 1104,2284 1149,2284 1194,2281 1239,2278 1283,2278 1328,2275 1373,2275 1418,2272 1463,2269 1507,2269 1552,2269 1597,2266 1642,2266 1686,2266 1731,2269 1776,2272"/>
                <TextEquiv>
                    <Unicode>annehmlichkeiten.</Unicode>
                </TextEquiv>
            </TextLine>
            <TextLine id="tr_2_tl_2" custom="readingOrder {index:1;}">
                <Coords points="875,2454 1460,2502 1680,2430 2871,2419 2874,2287 877,2361"/>
                <Baseline points="889,2451 907,2448 952,2445 997,2442 1042,2445 1086,2442 1131,2439 1176,2439 1221,2436 1265,2433 1310,2430 1355,2430 1400,2430 1445,2427 1489,2427 1534,2424 1579,2421 1624,2418 1669,2421 1713,2418 1758,2418 1803,2415 1848,2412 1893,2409 1937,2406 1982,2403 2027,2403 2072,2403 2116,2403 2161,2400 2206,2400 2251,2397 2296,2394 2340,2391 2385,2391 2430,2391 2475,2388 2520,2388 2564,2388 2609,2385 2654,2382 2699,2379 2743,2379 2788,2376 2833,2376 2878,2373"/>
                <TextEquiv>
                    <Unicode>Abendstern: Sie halten es für möglich?</Unicode>
                </TextEquiv>
            </TextLine>
            <TextLine id="tr_2_tl_3" custom="readingOrder {index:2;}">
                <Coords points="875,2648 2380,2544 2866,2592 2988,2560 2996,2401 877,2528"/>
                <Baseline points="889,2603 934,2600 979,2600 1024,2597 1068,2594 1113,2594 1158,2594 1203,2591 1248,2588 1292,2588 1337,2585 1382,2582 1427,2582 1472,2576 1516,2576 1561,2576 1606,2573 1651,2573 1695,2573 1740,2573 1785,2570 1830,2570 1875,2567 1919,2564 1964,2561 2009,2558 2054,2555 2099,2555 2143,2552 2188,2549 2233,2549 2278,2546 2322,2546 2367,2546 2412,2543 2457,2540 2502,2540 2546,2540 2591,2537 2636,2534 2681,2534 2726,2534 2770,2531 2815,2531 2860,2531 2905,2529 2950,2523 2994,2529"/>
                <TextEquiv>
                    <Unicode>styx: Verzeihen Sie, aber ich bin ehen ge-</Unicode>
                </TextEquiv>
            </TextLine>
            <TextLine id="tr_2_tl_4" custom="readingOrder {index:3;}">
                <Coords points="880,2781 2728,2757 2975,2712 2980,2619 1922,2600 1755,2672 1284,2630 883,2704"/>
                <Baseline points="895,2755 925,2752 970,2752 1015,2752 1059,2749 1104,2746 1149,2743 1194,2743 1239,2740 1283,2738 1328,2738 1373,2735 1418,2735 1463,2735 1507,2732 1552,2732 1597,2729 1642,2726 1686,2726 1731,2723 1776,2720 1821,2720 1866,2717 1910,2714 1955,2714 2000,2711 2045,2711 2090,2708 2134,2708 2179,2708 2224,2705 2269,2705 2314,2702 2358,2702 2403,2699 2448,2696 2493,2693 2537,2693 2582,2693 2627,2690 2672,2690 2717,2687 2761,2687 2806,2684 2851,2684 2896,2681 2941,2678 2985,2678"/>
                <TextEquiv>
                    <Unicode>wöhnt alle Eventualitäsen in Betzacht zu</Unicode>
                </TextEquiv>
            </TextLine>
            <TextLine id="tr_2_tl_5" custom="readingOrder {index:4;}">
                <Coords points="875,2917 2893,2885 2978,2861 2983,2709 2696,2776 1048,2800 877,2869"/>
                <Baseline points="892,2914 925,2911 970,2905 1015,2905 1059,2902 1104,2902 1149,2899 1194,2899 1239,2896 1283,2896 1328,2896 1373,2893 1418,2890 1463,2887 1507,2887 1552,2887 1597,2884 1642,2881 1686,2881 1731,2878 1776,2878 1821,2875 1866,2872 1910,2869 1955,2869 2000,2866 2045,2863 2090,2863 2134,2866 2179,2863 2224,2857 2269,2860 2314,2857 2358,2854 2403,2851 2448,2848 2493,2848 2537,2845 2582,2845 2627,2842 2672,2842 2717,2839 2761,2836 2806,2836 2851,2833 2896,2830 2941,2830 2985,2839"/>
                <TextEquiv>
                    <Unicode>ziehen - Nun, wir wollen ja hoffen - Aber</Unicode>
                </TextEquiv>
            </TextLine>
            <TextLine id="tr_2_tl_6" custom="readingOrder {index:5;}">
                <Coords points="877,3089 2930,3031 2935,2901 2356,2866 2069,2946 1582,2914 883,2996"/>
                <Baseline points="895,3066 922,3060 967,3057 1012,3057 1056,3054 1101,3051 1146,3051 1191,3048 1236,3048 1280,3045 1325,3045 1370,3042 1415,3039 1460,3039 1504,3039 1549,3039 1594,3036 1639,3036 1684,3033 1728,3027 1773,3024 1818,3021 1863,3021 1907,3018 1952,3018 1997,3015 2042,3015 2087,3015 2131,3015 2176,3012 2221,3012 2266,3009 2311,3006 2355,3003 2400,3003 2445,3000 2490,2997 2534,2997 2579,3000 2624,2997 2669,2997 2714,2994 2758,2991 2803,2988 2848,2985 2893,2985 2938,2985"/>
                <TextEquiv>
                    <Unicode>nun will ich nicht weiter - Lieber Herr</Unicode>
                </TextEquiv>
            </TextLine>
            <TextLine id="tr_2_tl_7" custom="readingOrder {index:6;}">
                <Coords points="885,3217 2292,3212 2563,3177 2568,3068 891,3113"/>
                <Baseline points="901,3218 916,3215 961,3212 1006,3209 1051,3206 1095,3206 1140,3203 1185,3200 1230,3200 1274,3197 1319,3197 1364,3197 1409,3197 1454,3194 1498,3191 1543,3194 1588,3191 1633,3188 1678,3185 1722,3182 1767,3179 1812,3179 1857,3176 1901,3173 1946,3173 1991,3170 2036,3167 2081,3167 2125,3167 2170,3167 2215,3164 2260,3162 2305,3159 2349,3159 2394,3156 2439,3156 2484,3153 2529,3153 2573,3153"/>
                <TextEquiv>
                    <Unicode>Fliederbusch, ich wünsche Ihnen -</Unicode>
                </TextEquiv>
            </TextLine>
            <TextLine id="tr_2_tl_8" custom="readingOrder {index:7;}">
                <Coords points="893,3427 1747,3342 2677,3355 2943,3294 2949,3206 2776,3159 1866,3262 899,3265"/>
                <Baseline points="910,3368 937,3368 982,3368 1027,3362 1071,3359 1116,3356 1161,3356 1206,3356 1251,3353 1295,3353 1340,3350 1385,3347 1430,3347 1475,3347 1519,3344 1564,3344 1609,3341 1654,3338 1698,3335 1743,3335 1788,3332 1833,3332 1878,3329 1922,3326 1967,3326 2012,3326 2057,3323 2102,3323 2146,3323 2191,3320 2236,3317 2281,3317 2325,3314 2370,3311 2415,3311 2460,3311 2505,3311 2549,3308 2594,3308 2639,3308 2684,3305 2729,3302 2773,3299 2818,3296 2863,3296 2908,3293 2952,3293"/>
                <TextEquiv>
                    <Unicode>Fliederbusch: Nicht doch,Herr Styx,wün-</Unicode>
                </TextEquiv>
            </TextLine>
            <TextLine id="tr_2_tl_9" custom="readingOrder {index:8;}">
                <Coords points="901,3539 2731,3502 2882,3488 2885,3414 2534,3366 2114,3430 1957,3358 1595,3435 904,3435"/>
                <Baseline points="916,3523 919,3526 964,3520 1009,3520 1054,3517 1098,3517 1143,3514 1188,3514 1233,3514 1277,3508 1322,3502 1367,3505 1412,3505 1457,3505 1501,3502 1546,3499 1591,3496 1636,3496 1681,3493 1725,3490 1770,3487 1815,3487 1860,3487 1904,3484 1949,3481 1994,3481 2039,3478 2084,3475 2128,3475 2173,3475 2218,3472 2263,3472 2308,3469 2352,3469 2397,3469 2442,3466 2487,3460 2531,3460 2576,3460 2621,3457 2666,3457 2711,3454 2755,3451 2800,3448 2845,3448 2890,3451"/>
                <TextEquiv>
                    <Unicode>schen sie mir nichts.Es wäre gewisser-</Unicode>
                </TextEquiv>
            </TextLine>
            <TextLine id="tr_2_tl_10" custom="readingOrder {index:9;}">
                <Coords points="899,3677 2994,3629 3034,3470 904,3539"/>
                <Baseline points="913,3675 931,3675 976,3672 1021,3669 1065,3669 1110,3666 1155,3666 1200,3663 1245,3660 1289,3660 1334,3657 1379,3657 1424,3654 1469,3654 1513,3654 1558,3651 1603,3648 1648,3645 1692,3645 1737,3645 1782,3642 1827,3642 1872,3639 1916,3639 1961,3642 2006,3639 2051,3633 2096,3630 2140,3627 2185,3627 2230,3627 2275,3630 2319,3627 2364,3630 2409,3624 2454,3621 2499,3618 2543,3612 2588,3612 2633,3609 2678,3606 2723,3609 2767,3606 2812,3603 2857,3600 2902,3600 2947,3597 2991,3597 3036,3597"/>
                <TextEquiv>
                    <Unicode>massen eine Treulosigkeit gegenüber Ihrem</Unicode>
                </TextEquiv>
            </TextLine>
            <TextLine id="tr_2_tl_11" custom="readingOrder {index:10;}">
                <Coords points="907,3829 947,3847 1042,3823 1146,3853 1252,3815 1457,3845 1553,3810 1590,3821 1593,3714 1457,3682 1361,3714 1276,3693 1218,3730 1058,3704 1010,3741 909,3741"/>
                <Baseline points="922,3827 925,3824 970,3818 1015,3815 1059,3818 1104,3815 1149,3815 1194,3812 1239,3809 1283,3809 1328,3809 1373,3803 1418,3803 1463,3803 1507,3800 1552,3800 1597,3800"/>
                <TextEquiv>
                    <Unicode>Freunde Fink.</Unicode>
                </TextEquiv>
            </TextLine>
            <TextLine id="tr_2_tl_12" custom="readingOrder {index:11;}">
                <Coords points="904,4025 2840,3946 2871,3805 2491,3866 909,3876"/>
                <Baseline points="922,3974 946,3977 991,3980 1036,3980 1080,3980 1125,3977 1170,3974 1215,3974 1260,3968 1304,3971 1349,3968 1394,3968 1439,3968 1483,3962 1528,3962 1573,3959 1618,3959 1663,3956 1707,3956 1752,3953 1797,3953 1842,3956 1887,3956 1931,3956 1976,3953 2021,3947 2066,3947 2110,3944 2155,3935 2200,3935 2245,3932 2290,3932 2334,3929 2379,3926 2424,3926 2469,3923 2514,3923 2558,3920 2603,3920 2648,3920 2693,3917 2738,3914 2782,3914 2827,3911 2872,3917"/>
                <TextEquiv>
                    <Unicode>Styx: Das nenn ich gesprochen wie ein</Unicode>
                </TextEquiv>
            </TextLine>
        </TextRegion>
    </Page>
</PcGts>
