3368 4040
2629 226 2773 429 54.
464 401 2855 743 Während dieser Szene, vielleicht schon zu Anfang, er-
473 608 2927 909 scheint wieder Fink, der sich eventuell bescheiden an
473 862 1683 1075 der Diskussion beteiligt.
479 1169 2936 1391 Markus kommt mit Voll aus seinem Bureau, Der Artikel
501 1395 3018 1561 über Ebstein wird neuerdings gekürzt. - Ueber Politik.
492 1554 2990 1764 Ueber Niederhof.Er war früher Sportemann,jetzt in die
508 1786 909 1952 Politik.
514 1921 2993 2100 Voll: Der wird einmal Oesterreich regieren. Dann wer-
526 2106 3005 2294 den die Juden überhaupt aus Oesterreich herausgejagt.
520 2313 1730 2479 Markus: Ich bin ajüdisch.
536 2416 2695 2667 Wovon wir nicht schreiben, das existiert nicht.
523 2570 2889 2833 Fink verschwindet für kurze Zeit in das Bureau des
530 2786 2244 3021 Chefs und kommt wieder rasch zurück.
