3480 4184
2747 257 2927 435 177
876 448 2938 674 könntestedu uns das zimmer für ein paar
876 640 2951 833 Stunden überlassen? mir-und den Herren
889 791 2314 969 von der Redaktion mein ich.
1271 918 2789 1144 Warum nicht? Ich bin grad so
900 961 1245 1160 Mutter
1579 1067 2043 1170 in Cabinet
900 1107 2625 1292 gern da drin.(deutet nach links.)
905 1221 2970 1412 Fliederbusch: Aber liebste Mutter, warum
905 1391 2797 1574 denn. Geh doch lieber in die frische
2786 1481 3036 1592 and
913 1582 3041 1733 Luft. Oder - bei Tante Resi bist du schon
916 1690 2630 1887 eine Ewigkeit lang nicht gewesen,
916 1871 3052 2065 Mutter: Was tu ich bei Tante pesi: Kümmert
289 1913 783 2054 one where
934 2001 2877 2205 sie sich um uns? (gutmütig) Ich weiss
268 2025 833 2181 könntet, daß
268 2139 839 2288 eintest gehabt
934 2163 2603 2349 schon du willst mich fort haben.
212 2237 839 2362 nicht einmal
300 2317 902 2521 gefugt seine
934 2338 1972 2537 Fliederbusch: Aber -
937 2455 3060 2640 Mutter: (lächelnd) Ich bin dir nicht fein
942 2622 2197 2824 genug,wenn Besuch kommt.
947 2802 3036 2983 Fliederbusch: Wie kannst du nur glauben,
942 2956 3060 3169 Mutter.Aber es würde ja dich stören,wenn
961 3150 1481 3283 wir hier -
955 3230 2898 3439 Mutter: Ich horch nicht an den Türen.
1008 3394 2861 3596 (zum Ofen, holt den Kaffee) Ihr könnt
969 3500 3100 3731 Euere Geheimnisse allein miteinander aus-
977 3681 3039 3890 kochen. Lass dich nur in nichts ein,rat
