3544 4216
2739 308 2923 466 201
914 500 2830 689 Mit Stolz,Herr Abendstern,rechne ich
443 528 549 712 P.
919 621 2832 849 mich zu den Angehörigen Ihre Stande.
940 808 2925 997 Ich bin Journalist.Herr Abendseern, wie
940 935 2858 1136 Sie, wie mein Freund Flieder.
940 1100 2573 1294 busch und wie mein Freund Fink.
953 1281 2428 1499 Abendstern: Ihr Freund Fink?
976 1413 2969 1610 Styx: Janohl. Auch Herr Fink zählt zu
963 1569 2871 1755 meinen Freunden. Und schon aus diesem
971 1693 2933 1934 Grunde müsste ich zu meinem lebhaften
984 1851 2925 2061 Bedauern Ihren freundlichen Vorschlag
989 2040 2905 2219 ablehnen. Es wäre mir total unmöglich
997 2206 2899 2369 bei diesem Ehrenhandel auf der einen
1010 2317 3081 2516 oder der anderen Seite als Zeuge zu fun-
1010 2470 2969 2705 gieren. Denn Fink steht meinem Herzen
1023 2635 3099 2845 geradeso nah wie Fliederbuschund es wäre
1025 2793 2930 2990 mir ebenso schmerzlich den einen wie
1041 2902 2933 3135 den anderen - Nein, ich kann wirklich
1033 3052 2977 3288 nicht. Umsomehr hoffe ich, dass es mir
1048 3218 3037 3446 vergönnt sein wird bei dem Versöhnungs
1054 3386 2485 3591 mahl den Toast zu sprechen.
1059 3482 2962 3751 Abendstern: wären wir schon so weit.
1067 3676 3151 3966 Styx: Aber nun will ich die Mannen nicht
