<?xml version="1.0" encoding="UTF-8" standalone="yes"?>
<PcGts xmlns="http://schema.primaresearch.org/PAGE/gts/pagecontent/2013-07-15" xmlns:xsi="http://www.w3.org/2001/XMLSchema-instance" xsi:schemaLocation="http://schema.primaresearch.org/PAGE/gts/pagecontent/2013-07-15 http://schema.primaresearch.org/PAGE/gts/pagecontent/2013-07-15/pagecontent.xsd">
    <Metadata>
        <Creator>prov=READ-COOP:name=TrHtr:version=2.1.0:model_id=51170:date=01_08_2023_06:26</Creator>
        <Created>2023-05-10T13:29:46.206+02:00</Created>
        <LastChange>2023-08-01T06:26:16.793+02:00</LastChange>
        <TranskribusMetadata docId="1428579" pageId="55413262" pageNr="190" tsid="131652179" status="IN_PROGRESS" userId="64420" imgUrl="https://files.transkribus.eu/Get?id=OSNVXQSWZBOMECUODDERWKBI&amp;fileType=view" xmlUrl="https://files.transkribus.eu/Get?id=RLGQUKCLNCNGELNOYQXPFIHH" imageId="44687403"/>
    </Metadata>
    <Page imageFilename="1428579_0190.jpg" imageWidth="3368" imageHeight="4088">
        <ReadingOrder>
            <OrderedGroup id="ro_1711791808259" caption="Regions reading order">
                <RegionRefIndexed index="0" regionRef="tr_2"/>
                <RegionRefIndexed index="1" regionRef="tr_1"/>
            </OrderedGroup>
        </ReadingOrder>
        <TextRegion id="tr_2" custom="readingOrder {index:0;}">
            <Coords points="907,320 2942,320 2942,2152 907,2152"/>
            <TextLine id="tr_2_tl_1" custom="readingOrder {index:0;}">
                <Coords points="2555,407 2598,410 2626,395 2662,425 2684,412 2694,423 2715,412 2730,415 2735,281 2710,276 2677,293 2613,245 2586,263 2560,266"/>
                <Baseline points="2569,375 2599,375 2643,375 2688,372 2733,370"/>
                <TextEquiv>
                    <Unicode>274</Unicode>
                </TextEquiv>
            </TextLine>
            <TextLine id="tr_2_tl_2" custom="readingOrder {index:1;}">
                <Coords points="891,632 1283,627 1361,592 1427,615 1505,584 1589,610 1637,597 1642,486 1566,506 1397,455 1245,486 1199,521 1083,521 1037,488 896,529"/>
                <Baseline points="907,608 930,611 975,608 1020,605 1065,602 1110,599 1154,599 1199,596 1244,596 1289,593 1333,590 1378,590 1423,584 1468,584 1512,581 1557,578 1602,578 1647,572"/>
                <TextEquiv>
                    <Unicode>standen haben?</Unicode>
                </TextEquiv>
            </TextLine>
            <TextLine id="tr_2_tl_3" custom="readingOrder {index:2;}">
                <Coords points="1323,658 1409,688 1483,658 1518,681 1594,655 1642,683 1728,640 1743,655 1827,655 1832,574 1779,554 1655,605 1596,610 1538,584 1427,615 1384,587 1326,600"/>
                <Baseline points="1336,656 1339,656 1384,659 1429,656 1474,653 1518,650 1563,647 1608,647 1653,644 1697,638 1742,632 1787,626 1832,623"/>
                <TextEquiv>
                    <Unicode>gens nul</Unicode>
                </TextEquiv>
            </TextLine>
            <TextLine id="tr_2_tl_4" custom="readingOrder {index:3;}">
                <Coords points="893,822 2894,731 2902,589 2454,653 2052,577 1642,683 898,683"/>
                <Baseline points="910,763 933,766 978,763 1023,760 1068,757 1113,754 1157,754 1202,748 1247,745 1292,745 1336,743 1381,743 1426,740 1471,740 1515,737 1560,734 1605,734 1650,734 1694,731 1739,731 1784,728 1829,725 1873,722 1918,719 1963,716 2008,713 2052,710 2097,707 2142,707 2187,707 2231,704 2276,698 2321,698 2366,698 2411,698 2455,692 2500,689 2545,689 2590,689 2634,686 2679,686 2724,683 2769,680 2813,677 2858,674 2903,677"/>
                <TextEquiv>
                    <Unicode>Graf: Keineswegs und ich habe Ihnen ja</Unicode>
                </TextEquiv>
            </TextLine>
            <TextLine id="tr_2_tl_5" custom="readingOrder {index:4;}">
                <Coords points="903,959 2682,901 2915,855 2917,762 911,820"/>
                <Baseline points="919,913 951,916 996,913 1041,913 1086,910 1130,907 1175,907 1220,904 1265,904 1309,901 1354,898 1399,895 1444,895 1488,892 1533,889 1578,889 1623,886 1668,883 1712,883 1757,880 1802,880 1847,877 1891,871 1936,871 1981,868 2026,865 2070,862 2115,859 2160,859 2205,856 2249,856 2294,853 2339,850 2384,850 2428,847 2473,847 2518,847 2563,847 2607,841 2652,841 2697,835 2742,835 2787,832 2831,832 2876,826 2921,823"/>
                <TextEquiv>
                    <Unicode>auch schon meinen Dank dafür ausgespro-</Unicode>
                </TextEquiv>
            </TextLine>
            <TextLine id="tr_2_tl_6" custom="readingOrder {index:5;}">
                <Coords points="918,1093 2899,1020 2904,923 921,997"/>
                <Baseline points="933,1071 939,1068 984,1068 1029,1065 1074,1065 1118,1062 1163,1062 1208,1056 1253,1056 1298,1056 1342,1053 1387,1050 1432,1050 1477,1047 1521,1044 1566,1041 1611,1038 1656,1038 1700,1032 1745,1032 1790,1029 1835,1029 1879,1023 1924,1023 1969,1020 2014,1017 2058,1017 2103,1017 2148,1014 2193,1011 2237,1011 2282,1008 2327,1005 2372,1002 2416,999 2461,999 2506,996 2551,993 2596,993 2640,987 2685,987 2730,984 2775,981 2819,981 2864,978 2909,975"/>
                <TextEquiv>
                    <Unicode>chen, dass Sie mit solcher Entschieden</Unicode>
                </TextEquiv>
            </TextLine>
            <TextLine id="tr_2_tl_7" custom="readingOrder {index:6;}">
                <Coords points="918,1232 2725,1219 2932,1166 2937,1055 921,1156"/>
                <Baseline points="933,1226 972,1223 1017,1217 1062,1217 1107,1214 1151,1214 1196,1214 1241,1211 1286,1208 1330,1205 1375,1205 1420,1199 1465,1196 1509,1196 1554,1193 1599,1190 1644,1187 1688,1187 1733,1184 1778,1184 1823,1181 1867,1175 1912,1175 1957,1172 2002,1172 2046,1169 2091,1166 2136,1163 2181,1163 2226,1160 2270,1160 2315,1160 2360,1160 2405,1154 2449,1151 2494,1151 2539,1148 2584,1142 2628,1142 2673,1142 2718,1139 2763,1133 2807,1133 2852,1130 2897,1127 2942,1124"/>
                <TextEquiv>
                    <Unicode>heit und Kühnheit meine Partei genommen</Unicode>
                </TextEquiv>
            </TextLine>
            <TextLine id="tr_2_tl_8" custom="readingOrder {index:7;}">
                <Coords points="923,1399 1685,1422 1837,1359 2441,1331 2576,1371 2712,1348 2717,1227 929,1305"/>
                <Baseline points="939,1378 975,1375 1020,1369 1065,1369 1110,1369 1154,1366 1199,1366 1244,1366 1289,1363 1333,1360 1378,1357 1423,1357 1468,1354 1512,1351 1557,1348 1602,1345 1647,1345 1691,1342 1736,1339 1781,1339 1826,1339 1870,1336 1915,1333 1960,1330 2005,1327 2049,1321 2094,1321 2139,1321 2184,1318 2229,1318 2273,1315 2318,1309 2363,1309 2408,1309 2452,1306 2497,1306 2542,1303 2587,1298 2631,1295 2676,1295 2721,1289"/>
                <TextEquiv>
                    <Unicode>haben. Aber wertsagt Ihnen, dass ich</Unicode>
                </TextEquiv>
            </TextLine>
            <TextLine id="tr_2_tl_9" custom="readingOrder {index:8;}">
                <Coords points="926,1546 1093,1566 1323,1518 1551,1543 1629,1528 1632,1427 1548,1422 1513,1445 1450,1414 1354,1465 1232,1432 1141,1465 931,1450"/>
                <Baseline points="939,1530 963,1527 1008,1524 1053,1524 1098,1521 1142,1521 1187,1521 1232,1515 1277,1512 1321,1509 1366,1509 1411,1506 1456,1503 1500,1500 1545,1500 1590,1500 1635,1500"/>
                <TextEquiv>
                    <Unicode>dasselbe tue?</Unicode>
                </TextEquiv>
            </TextLine>
            <TextLine id="tr_2_tl_10" custom="readingOrder {index:9;}">
                <Coords points="931,1758 2067,1657 2194,1700 2467,1629 2894,1662 2920,1543 939,1594"/>
                <Baseline points="951,1685 954,1685 999,1685 1044,1679 1089,1676 1133,1673 1178,1671 1223,1671 1268,1668 1312,1668 1357,1665 1402,1665 1447,1662 1491,1659 1536,1656 1581,1659 1626,1656 1671,1653 1715,1647 1760,1647 1805,1644 1850,1641 1894,1641 1939,1635 1984,1632 2029,1632 2073,1629 2118,1626 2163,1626 2208,1623 2252,1620 2297,1620 2342,1617 2387,1617 2431,1614 2476,1611 2521,1608 2566,1605 2610,1605 2655,1605 2700,1602 2745,1599 2789,1596 2834,1593 2879,1596 2924,1590"/>
                <TextEquiv>
                    <Unicode>Fliederbusch: Sie sehen mich fassungs-</Unicode>
                </TextEquiv>
            </TextLine>
            <TextLine id="tr_2_tl_11" custom="readingOrder {index:10;}">
                <Coords points="946,1857 2406,1824 2411,1700 1971,1685 1364,1776 951,1753"/>
                <Baseline points="960,1841 981,1841 1026,1835 1071,1835 1115,1832 1160,1829 1205,1829 1250,1826 1295,1823 1339,1823 1384,1817 1429,1817 1474,1814 1518,1811 1563,1811 1608,1808 1653,1805 1697,1805 1742,1799 1787,1799 1832,1796 1876,1790 1921,1790 1966,1787 2011,1787 2055,1787 2100,1784 2145,1784 2190,1778 2234,1775 2279,1775 2324,1775 2369,1775 2414,1769"/>
                <TextEquiv>
                    <Unicode>los (vor vrstaunen,Herr Graf).</Unicode>
                </TextEquiv>
            </TextLine>
            <TextLine id="tr_2_tl_12" custom="readingOrder {index:11;}">
                <Coords points="949,2032 2684,1966 2689,1857 1938,1842 1751,1905 954,1918"/>
                <Baseline points="966,1987 993,1990 1038,1987 1083,1987 1127,1987 1172,1987 1217,1981 1262,1981 1306,1975 1351,1978 1396,1975 1441,1969 1486,1966 1530,1966 1575,1963 1620,1960 1665,1957 1709,1954 1754,1951 1799,1948 1844,1948 1888,1948 1933,1945 1978,1942 2023,1942 2067,1936 2112,1936 2157,1936 2202,1933 2246,1930 2291,1927 2336,1924 2381,1924 2425,1921 2470,1918 2515,1918 2560,1915 2604,1912 2649,1912 2694,1912"/>
                <TextEquiv>
                    <Unicode>Graf: Ja, was kümmere ich Sie denn</Unicode>
                </TextEquiv>
            </TextLine>
            <TextLine id="tr_2_tl_13" custom="readingOrder {index:12;}">
                <Coords points="951,2163 2798,2115 2877,2097 2882,1986 2436,1948 2027,2044 956,2052"/>
                <Baseline points="966,2139 1002,2142 1047,2139 1092,2139 1136,2139 1181,2136 1226,2136 1271,2133 1315,2133 1360,2130 1405,2130 1450,2127 1494,2121 1539,2118 1584,2115 1629,2115 1673,2112 1718,2112 1763,2106 1808,2106 1853,2106 1897,2100 1942,2097 1987,2094 2032,2094 2076,2094 2121,2094 2166,2091 2211,2091 2255,2088 2300,2082 2345,2082 2390,2076 2434,2073 2479,2073 2524,2070 2569,2070 2613,2070 2658,2064 2703,2061 2748,2058 2792,2058 2837,2061 2882,2058"/>
                <TextEquiv>
                    <Unicode>überhaupt, mein werter Herr Fink? Ich,</Unicode>
                </TextEquiv>
            </TextLine>
        </TextRegion>
        <TextRegion id="tr_1" custom="readingOrder {index:1;}">
            <Coords points="426,2155 3037,2155 3037,3689 426,3689"/>
            <TextLine id="tr_1_tl_1" custom="readingOrder {index:0;}">
                <Coords points="964,2335 2064,2244 2780,2272 2788,2150 969,2226"/>
                <Baseline points="981,2303 1002,2300 1047,2294 1092,2294 1136,2288 1181,2285 1226,2285 1271,2285 1315,2282 1360,2279 1405,2279 1450,2276 1494,2273 1539,2270 1584,2267 1629,2264 1673,2264 1718,2261 1763,2261 1808,2258 1853,2252 1897,2252 1942,2246 1987,2246 2032,2243 2076,2243 2121,2243 2166,2240 2211,2237 2255,2234 2300,2231 2345,2231 2390,2231 2434,2229 2479,2226 2524,2223 2569,2220 2613,2217 2658,2217 2703,2214 2748,2211 2792,2205"/>
                <TextEquiv>
                    <Unicode>der Graf Gisbert Niederhof? Für Sie</Unicode>
                </TextEquiv>
            </TextLine>
            <TextLine id="tr_1_tl_2" custom="readingOrder {index:1;}">
                <Coords points="1829,2335 1862,2353 1999,2315 2300,2315 2305,2262 2254,2242 2181,2264 2115,2244 2059,2259 2004,2247 1933,2285 1832,2277"/>
                <Baseline points="1844,2330 1861,2327 1906,2324 1951,2315 1996,2315 2041,2312 2085,2309 2130,2306 2175,2306 2220,2303 2264,2300 2309,2300"/>
                <TextEquiv>
                    <Unicode>polilische</Unicode>
                </TextEquiv>
            </TextLine>
            <TextLine id="tr_1_tl_3" custom="readingOrder {index:2;}">
                <Coords points="964,2464 1131,2500 2224,2396 2806,2444 2816,2282 1138,2398 972,2345"/>
                <Baseline points="978,2452 981,2455 1026,2452 1071,2449 1115,2449 1160,2443 1205,2443 1250,2440 1295,2434 1339,2434 1384,2434 1429,2434 1474,2428 1518,2425 1563,2425 1608,2422 1653,2422 1697,2419 1742,2414 1787,2414 1832,2411 1876,2408 1921,2405 1966,2399 2011,2399 2055,2399 2100,2396 2145,2393 2190,2393 2234,2390 2279,2390 2324,2387 2369,2387 2414,2384 2458,2381 2503,2378 2548,2375 2593,2375 2637,2372 2682,2369 2727,2369 2772,2369 2816,2375"/>
                <TextEquiv>
                    <Unicode>kommt doch nur die 4dee in Betracht</Unicode>
                </TextEquiv>
            </TextLine>
            <TextLine id="tr_1_tl_4" custom="readingOrder {index:3;}">
                <Coords points="1478,2495 1652,2527 2130,2469 2259,2492 2297,2487 2302,2406 2244,2398 2206,2429 2059,2411 2004,2444 1834,2426 1644,2454 1526,2421 1480,2444"/>
                <Baseline points="1491,2485 1497,2485 1542,2485 1587,2488 1632,2491 1676,2491 1721,2491 1766,2488 1811,2485 1856,2482 1900,2479 1945,2479 1990,2476 2035,2473 2079,2467 2124,2467 2169,2464 2214,2461 2258,2461 2303,2455"/>
                <TextEquiv>
                    <Unicode>Repraenal and</Unicode>
                </TextEquiv>
            </TextLine>
            <TextLine id="tr_1_tl_5" custom="readingOrder {index:4;}">
                <Coords points="977,2624 2834,2560 2899,2543 2904,2447 982,2548"/>
                <Baseline points="990,2613 1026,2607 1071,2604 1115,2604 1160,2601 1205,2596 1250,2596 1295,2593 1339,2593 1384,2593 1429,2587 1474,2584 1518,2578 1563,2578 1608,2575 1653,2575 1697,2572 1742,2572 1787,2569 1832,2566 1876,2563 1921,2563 1966,2560 2011,2557 2055,2557 2100,2554 2145,2551 2190,2551 2234,2548 2279,2545 2324,2542 2369,2539 2414,2536 2458,2536 2503,2533 2548,2530 2593,2527 2637,2527 2682,2527 2727,2524 2772,2521 2816,2518 2861,2518 2906,2512"/>
                <TextEquiv>
                    <Unicode>als deren vertreter Sie mich betrach-</Unicode>
                </TextEquiv>
            </TextLine>
            <TextLine id="tr_1_tl_6" custom="readingOrder {index:5;}">
                <Coords points="1346,2682 2467,2611 2990,2649 2993,2573 2386,2543 2125,2608 1890,2565 1348,2629"/>
                <Baseline points="1363,2661 1387,2664 1432,2664 1477,2661 1521,2652 1566,2649 1611,2646 1656,2646 1700,2646 1745,2643 1790,2640 1835,2637 1879,2634 1924,2634 1969,2634 2014,2634 2058,2631 2103,2625 2148,2622 2193,2622 2237,2619 2282,2616 2327,2613 2372,2610 2416,2610 2461,2610 2506,2607 2551,2607 2596,2607 2640,2607 2685,2610 2730,2607 2775,2607 2819,2607 2864,2604 2909,2604 2954,2607 2998,2610"/>
                <TextEquiv>
                    <Unicode>in diese Idee, nu he ewicheter</Unicode>
                </TextEquiv>
            </TextLine>
            <TextLine id="tr_1_tl_7" custom="readingOrder {index:6;}">
                <Coords points="987,2796 1197,2854 1321,2770 1581,2740 2811,2720 2816,2621 992,2677"/>
                <Baseline points="1002,2763 1029,2763 1074,2760 1118,2760 1163,2760 1208,2757 1253,2751 1298,2748 1342,2745 1387,2745 1432,2742 1477,2739 1521,2739 1566,2736 1611,2733 1656,2733 1700,2730 1745,2727 1790,2727 1835,2721 1879,2721 1924,2718 1969,2715 2014,2712 2058,2709 2103,2709 2148,2706 2193,2703 2237,2700 2282,2700 2327,2694 2372,2694 2416,2691 2461,2688 2506,2688 2551,2685 2596,2682 2640,2679 2685,2679 2730,2679 2775,2676 2819,2676"/>
                <TextEquiv>
                    <Unicode>ten. Dieser Idee hätte am Ende auch</Unicode>
                </TextEquiv>
            </TextLine>
            <TextLine id="tr_1_tl_8" custom="readingOrder {index:7;}">
                <Coords points="997,2927 2388,2907 2515,2851 2750,2872 2755,2770 1002,2829"/>
                <Baseline points="1011,2912 1014,2912 1059,2912 1104,2912 1148,2912 1193,2909 1238,2906 1283,2903 1327,2900 1372,2900 1417,2897 1462,2894 1506,2897 1551,2897 1596,2894 1641,2888 1685,2882 1730,2882 1775,2882 1820,2879 1864,2876 1909,2873 1954,2873 1999,2870 2044,2870 2088,2864 2133,2858 2178,2858 2223,2855 2267,2855 2312,2852 2357,2852 2402,2849 2446,2846 2491,2843 2536,2843 2581,2840 2625,2837 2670,2837 2715,2837 2760,2834"/>
                <TextEquiv>
                    <Unicode>ein Anderer Ausdruck geben können.</Unicode>
                </TextEquiv>
            </TextLine>
            <TextLine id="tr_1_tl_9" custom="readingOrder {index:8;}">
                <Coords points="989,3087 2874,3046 2882,2915 994,2975"/>
                <Baseline points="1002,3076 1005,3076 1050,3070 1095,3067 1139,3064 1184,3064 1229,3064 1274,3058 1318,3055 1363,3052 1408,3052 1453,3046 1497,3046 1542,3040 1587,3040 1632,3040 1676,3037 1721,3034 1766,3031 1811,3031 1856,3028 1900,3025 1945,3025 1990,3022 2035,3022 2079,3022 2124,3019 2169,3013 2214,3013 2258,3010 2303,3007 2348,3004 2393,3001 2437,2998 2482,2995 2527,2998 2572,2995 2616,2992 2661,2992 2706,2989 2751,2986 2795,2983 2840,2983 2885,2977"/>
                <TextEquiv>
                    <Unicode>Aber was habe ich, was hat die Person</Unicode>
                </TextEquiv>
            </TextLine>
            <TextLine id="tr_1_tl_10" custom="readingOrder {index:9;}">
                <Coords points="992,3266 1908,3190 2216,3259 2829,3178 2834,3069 997,3132"/>
                <Baseline points="1005,3225 1047,3219 1092,3219 1136,3216 1181,3216 1226,3213 1271,3213 1315,3210 1360,3207 1405,3207 1450,3201 1494,3201 1539,3198 1584,3195 1629,3192 1673,3192 1718,3189 1763,3189 1808,3183 1853,3183 1897,3180 1942,3180 1987,3177 2032,3177 2076,3171 2121,3168 2166,3168 2211,3165 2255,3159 2300,3159 2345,3157 2390,3157 2434,3154 2479,3154 2524,3151 2569,3148 2613,3145 2658,3145 2703,3145 2748,3142 2792,3139 2837,3136"/>
                <TextEquiv>
                    <Unicode>des Grafen Niederhof mit dem Symbol</Unicode>
                </TextEquiv>
            </TextLine>
            <TextLine id="tr_1_tl_11" custom="readingOrder {index:10;}">
                <Coords points="496,3297 531,3309 564,3284 620,3281 676,3249 701,3256 749,3246 772,3256 779,3203 741,3170 706,3178 663,3147 602,3175 544,3175 519,3165"/>
                <Baseline points="516,3272 560,3270 605,3261 650,3252 695,3243 740,3240 784,3234"/>
                <TextEquiv>
                    <Unicode>jetzt: de</Unicode>
                </TextEquiv>
            </TextLine>
            <TextLine id="tr_1_tl_12" custom="readingOrder {index:11;}">
                <Coords points="982,3393 2831,3352 2836,3216 984,3324"/>
                <Baseline points="996,3377 1002,3377 1047,3380 1092,3377 1136,3374 1181,3371 1226,3371 1271,3371 1315,3368 1360,3365 1405,3359 1450,3359 1494,3356 1539,3356 1584,3353 1629,3350 1673,3347 1718,3344 1763,3342 1808,3342 1853,3342 1897,3339 1942,3333 1987,3330 2032,3327 2076,3327 2121,3327 2166,3324 2211,3318 2255,3315 2300,3315 2345,3315 2390,3312 2434,3309 2479,3306 2524,3306 2569,3303 2613,3300 2658,3297 2703,3294 2748,3294 2792,3294 2837,3288"/>
                <TextEquiv>
                    <Unicode>zu tun, das er für sie bedeutet oder</Unicode>
                </TextEquiv>
            </TextLine>
            <TextLine id="tr_1_tl_13" custom="readingOrder {index:12;}">
                <Coords points="539,3370 574,3388 584,3378 615,3378 655,3347 665,3355 731,3335 764,3350 797,3332 835,3335 842,3292 822,3281 734,3289 698,3269 670,3276 660,3264 592,3289 552,3281"/>
                <Baseline points="555,3350 575,3347 620,3344 665,3339 710,3333 754,3324 799,3315 844,3309"/>
                <TextEquiv>
                    <Unicode>Echtars...</Unicode>
                </TextEquiv>
            </TextLine>
            <TextLine id="tr_1_tl_14" custom="readingOrder {index:13;}">
                <Coords points="410,3481 491,3496 638,3448 777,3453 830,3433 931,3446 951,3314 835,3322 767,3350 693,3342 597,3385 552,3375 481,3413 423,3400"/>
                <Baseline points="426,3467 456,3464 501,3461 546,3452 590,3449 635,3446 680,3440 725,3431 769,3425 814,3419 859,3410 904,3398 948,3386"/>
                <TextEquiv>
                    <Unicode>evider P. Citt</Unicode>
                </TextEquiv>
            </TextLine>
            <TextLine id="tr_1_tl_15" custom="readingOrder {index:14;}">
                <Coords points="999,3550 2978,3502 3036,3314 2224,3342 1708,3451 1004,3438"/>
                <Baseline points="1014,3532 1023,3532 1068,3530 1113,3527 1157,3524 1202,3524 1247,3521 1292,3518 1336,3518 1381,3518 1426,3515 1471,3515 1515,3512 1560,3509 1605,3506 1650,3503 1694,3500 1739,3497 1784,3494 1829,3491 1873,3488 1918,3488 1963,3488 2008,3488 2052,3485 2097,3482 2142,3482 2187,3479 2231,3476 2276,3473 2321,3470 2366,3467 2411,3464 2455,3461 2500,3461 2545,3458 2590,3455 2634,3452 2679,3452 2724,3446 2769,3446 2813,3443 2858,3440 2903,3437 2948,3437 2992,3434 3037,3428"/>
                <TextEquiv>
                    <Unicode>mit dem Popanz,den Sie aus ihm machen?</Unicode>
                </TextEquiv>
            </TextLine>
            <TextLine id="tr_1_tl_16" custom="readingOrder {index:15;}">
                <Coords points="1786,3588 1804,3593 1839,3577 1857,3595 1877,3582 1905,3588 1913,3580 1925,3595 1963,3600 1966,3519 1938,3512 1913,3517 1895,3504 1885,3504 1867,3522 1854,3509 1789,3514"/>
                <Baseline points="1799,3577 1835,3577 1879,3577 1924,3574 1969,3571"/>
                <TextEquiv>
                    <Unicode>ter</Unicode>
                </TextEquiv>
            </TextLine>
            <TextLine id="tr_1_tl_17" custom="readingOrder {index:16;}">
                <Coords points="1015,3734 1614,3749 2401,3638 3026,3679 3036,3496 2626,3486 2401,3580 2226,3527 1946,3603 1022,3550"/>
                <Baseline points="1032,3679 1068,3679 1113,3679 1157,3676 1202,3673 1247,3670 1292,3670 1336,3667 1381,3664 1426,3664 1471,3661 1515,3661 1560,3658 1605,3658 1650,3658 1694,3652 1739,3652 1784,3643 1829,3646 1873,3646 1918,3640 1963,3637 2008,3637 2052,3637 2097,3631 2142,3631 2187,3625 2231,3622 2276,3622 2321,3622 2366,3622 2411,3622 2455,3622 2500,3616 2545,3613 2590,3610 2634,3610 2679,3607 2724,3604 2769,3601 2813,3598 2858,3598 2903,3595 2948,3592 2992,3592 3037,3586"/>
                <TextEquiv>
                    <Unicode>Fliederbusch: Sie sind gut gelaupt nach</Unicode>
                </TextEquiv>
            </TextLine>
        </TextRegion>
    </Page>
</PcGts>
