<?xml version="1.0" encoding="UTF-8" standalone="yes"?>
<PcGts xmlns="http://schema.primaresearch.org/PAGE/gts/pagecontent/2013-07-15" xmlns:xsi="http://www.w3.org/2001/XMLSchema-instance" xsi:schemaLocation="http://schema.primaresearch.org/PAGE/gts/pagecontent/2013-07-15 http://schema.primaresearch.org/PAGE/gts/pagecontent/2013-07-15/pagecontent.xsd">
    <Metadata>
        <Creator>prov=READ-COOP:name=TrHtr:version=2.1.0:model_id=51170:date=01_08_2023_06:26</Creator>
        <Created>2023-05-10T13:29:38.850+02:00</Created>
        <LastChange>2023-08-01T06:26:03.735+02:00</LastChange>
        <TranskribusMetadata docId="1428579" pageId="55412978" pageNr="144" tsid="131652132" status="IN_PROGRESS" userId="64420" imgUrl="https://files.transkribus.eu/Get?id=XWHWHJCZIHYKBLJUROGEBDNU&amp;fileType=view" xmlUrl="https://files.transkribus.eu/Get?id=OIQVPECLAKQPEMVBGUQBJPPQ" imageId="44687119"/>
    </Metadata>
    <Page imageFilename="1428579_0144.jpg" imageWidth="3560" imageHeight="4216">
        <ReadingOrder>
            <OrderedGroup id="ro_1711791767943" caption="Regions reading order">
                <RegionRefIndexed index="0" regionRef="tr_1"/>
            </OrderedGroup>
        </ReadingOrder>
        <TextRegion id="tr_1" custom="readingOrder {index:0;}">
            <Coords points="856,430 3209,430 3209,3885 856,3885"/>
            <TextLine id="tr_1_tl_1" custom="readingOrder {index:0;}">
                <Coords points="2712,493 2739,488 2760,506 2786,504 2805,490 2869,509 2911,506 2914,416 2893,419 2853,387 2821,376 2776,414 2715,408"/>
                <Baseline points="2726,486 2770,486 2815,483 2860,480 2905,480 2917,486"/>
                <TextEquiv>
                    <Unicode>213</Unicode>
                </TextEquiv>
            </TextLine>
            <TextLine id="tr_1_tl_2" custom="readingOrder {index:1;}">
                <Coords points="862,711 1593,650 2736,684 2908,658 2911,565 2471,578 2219,475 1980,541 1588,485 864,536"/>
                <Baseline points="877,650 898,650 943,650 988,650 1033,650 1077,650 1122,650 1167,650 1212,653 1257,650 1301,650 1346,650 1391,650 1436,650 1480,650 1525,650 1570,647 1615,647 1660,647 1704,647 1749,647 1794,647 1839,647 1884,650 1928,647 1973,647 2018,647 2063,647 2108,644 2152,644 2197,641 2242,644 2287,641 2331,641 2376,641 2421,641 2466,641 2511,641 2555,641 2600,641 2645,641 2690,641 2735,641 2779,638 2824,638 2869,635 2914,641"/>
                <TextEquiv>
                    <Unicode>Abendstern: Ueberlegen Sie doch nur. Von</Unicode>
                </TextEquiv>
            </TextLine>
            <TextLine id="tr_1_tl_3" custom="readingOrder {index:2;}">
                <Coords points="856,830 2969,798 2969,711 856,711"/>
                <Baseline points="871,800 916,800 961,800 1006,800 1051,803 1095,803 1140,803 1185,803 1230,803 1274,803 1319,800 1364,800 1409,797 1454,800 1498,800 1543,800 1588,803 1633,800 1678,800 1722,800 1767,800 1812,797 1857,800 1901,800 1946,800 1991,797 2036,797 2081,797 2125,797 2170,794 2215,794 2260,794 2305,794 2349,794 2394,794 2439,794 2484,794 2529,791 2573,791 2618,791 2663,794 2708,794 2752,794 2797,791 2842,788 2887,788 2932,788 2976,785"/>
                <TextEquiv>
                    <Unicode>einem höheren Standpunkt betrachtet haben</Unicode>
                </TextEquiv>
            </TextLine>
            <TextLine id="tr_1_tl_4" custom="readingOrder {index:3;}">
                <Coords points="848,957 1851,1007 2890,954 2749,859 1418,917 1167,814 848,819"/>
                <Baseline points="862,952 880,955 925,955 970,952 1015,955 1059,958 1104,958 1149,958 1194,958 1239,958 1283,958 1328,955 1373,955 1418,955 1463,955 1507,955 1552,952 1597,952 1642,955 1686,955 1731,952 1776,952 1821,952 1866,952 1910,952 1955,955 2000,952 2045,949 2090,949 2134,949 2179,946 2224,946 2269,949 2314,946 2358,949 2403,949 2448,949 2493,946 2537,949 2582,946 2627,946 2672,949 2717,949 2761,946 2806,946 2851,940 2896,943"/>
                <TextEquiv>
                    <Unicode>Sie ja gar nicht das Recht als ein jun-</Unicode>
                </TextEquiv>
            </TextLine>
            <TextLine id="tr_1_tl_5" custom="readingOrder {index:4;}">
                <Coords points="856,1148 2675,1135 2789,1111 2789,1045 1127,994 856,1047"/>
                <Baseline points="871,1122 916,1116 961,1113 1006,1116 1051,1113 1095,1113 1140,1113 1185,1116 1230,1110 1274,1107 1319,1107 1364,1107 1409,1107 1454,1107 1498,1107 1543,1110 1588,1107 1633,1107 1678,1107 1722,1107 1767,1107 1812,1107 1857,1107 1901,1107 1946,1104 1991,1107 2036,1107 2081,1104 2125,1101 2170,1101 2215,1101 2260,1101 2305,1104 2349,1101 2394,1101 2439,1101 2484,1101 2529,1098 2573,1098 2618,1098 2663,1095 2708,1095 2752,1095 2797,1095"/>
                <TextEquiv>
                    <Unicode>ger, begabter Mensch, der Stolz und die</Unicode>
                </TextEquiv>
            </TextLine>
            <TextLine id="tr_1_tl_6" custom="readingOrder {index:5;}">
                <Coords points="848,1296 2691,1291 2834,1262 2834,1177 1559,1212 1169,1145 848,1196"/>
                <Baseline points="862,1271 871,1268 916,1265 961,1263 1006,1263 1051,1263 1095,1263 1140,1260 1185,1263 1230,1263 1274,1260 1319,1260 1364,1260 1409,1260 1454,1260 1498,1260 1543,1263 1588,1263 1633,1260 1678,1260 1722,1260 1767,1257 1812,1260 1857,1260 1901,1260 1946,1260 1991,1260 2036,1257 2081,1257 2125,1257 2170,1257 2215,1254 2260,1254 2305,1254 2349,1254 2394,1254 2439,1254 2484,1254 2529,1254 2573,1254 2618,1254 2663,1251 2708,1251 2752,1251 2797,1248 2842,1251"/>
                <TextEquiv>
                    <Unicode>Freude seiner Eltern, vielleicht später</Unicode>
                </TextEquiv>
            </TextLine>
            <TextLine id="tr_1_tl_7" custom="readingOrder {index:6;}">
                <Coords points="851,1437 2604,1408 2895,1509 2866,1328 1864,1389 1164,1294 851,1349"/>
                <Baseline points="865,1418 886,1418 931,1418 976,1418 1021,1418 1065,1418 1110,1418 1155,1418 1200,1418 1245,1415 1289,1415 1334,1415 1379,1415 1424,1418 1469,1415 1513,1415 1558,1415 1603,1415 1648,1415 1692,1412 1737,1412 1782,1409 1827,1412 1872,1415 1916,1415 1961,1412 2006,1412 2051,1412 2096,1412 2140,1409 2185,1409 2230,1409 2275,1409 2319,1409 2364,1409 2409,1409 2454,1406 2499,1406 2543,1406 2588,1406 2633,1409 2678,1406 2723,1403 2767,1403 2812,1403 2857,1403 2902,1406"/>
                <TextEquiv>
                    <Unicode>einmal die Stütze - gar nicht das Recht</Unicode>
                </TextEquiv>
            </TextLine>
            <TextLine id="tr_1_tl_8" custom="readingOrder {index:7;}">
                <Coords points="848,1609 2174,1562 2604,1607 2781,1580 2781,1485 2421,1477 2304,1538 1869,1477 848,1495"/>
                <Baseline points="862,1570 907,1570 952,1570 997,1570 1042,1570 1086,1570 1131,1567 1176,1567 1221,1567 1265,1567 1310,1570 1355,1567 1400,1570 1445,1570 1489,1567 1534,1570 1579,1567 1624,1567 1669,1567 1713,1567 1758,1567 1803,1567 1848,1564 1893,1567 1937,1564 1982,1564 2027,1561 2072,1561 2116,1561 2161,1561 2206,1561 2251,1561 2296,1561 2340,1561 2385,1561 2430,1561 2475,1561 2520,1561 2564,1561 2609,1558 2654,1558 2699,1558 2743,1555 2788,1555"/>
                <TextEquiv>
                    <Unicode>Ihr Leben auf diese Weise - - Wer ist</Unicode>
                </TextEquiv>
            </TextLine>
            <TextLine id="tr_1_tl_9" custom="readingOrder {index:8;}">
                <Coords points="854,1742 2946,1721 2946,1641 2853,1617 1426,1676 854,1625"/>
                <Baseline points="868,1725 892,1725 937,1722 982,1725 1027,1725 1071,1725 1116,1722 1161,1722 1206,1722 1251,1722 1295,1722 1340,1722 1385,1722 1430,1722 1475,1722 1519,1722 1564,1722 1609,1719 1654,1719 1698,1716 1743,1716 1788,1716 1833,1716 1878,1716 1922,1716 1967,1716 2012,1716 2057,1713 2102,1713 2146,1713 2191,1713 2236,1713 2281,1713 2325,1713 2370,1713 2415,1713 2460,1716 2505,1716 2549,1713 2594,1713 2639,1710 2684,1710 2729,1710 2773,1710 2818,1707 2863,1707 2908,1707 2952,1707"/>
                <TextEquiv>
                    <Unicode>denn überhaupt dieser Herr Fink7,mit dem</Unicode>
                </TextEquiv>
            </TextLine>
            <TextLine id="tr_1_tl_10" custom="readingOrder {index:9;}">
                <Coords points="838,1890 1331,1946 2490,1874 2826,1930 2890,1914 2893,1782 840,1811"/>
                <Baseline points="856,1884 880,1881 925,1881 970,1878 1015,1878 1059,1878 1104,1878 1149,1875 1194,1875 1239,1875 1283,1878 1328,1878 1373,1878 1418,1875 1463,1878 1507,1878 1552,1875 1597,1875 1642,1875 1686,1875 1731,1875 1776,1875 1821,1872 1866,1872 1910,1872 1955,1872 2000,1872 2045,1869 2090,1872 2134,1872 2179,1872 2224,1872 2269,1869 2314,1872 2358,1872 2403,1869 2448,1869 2493,1869 2537,1869 2582,1866 2627,1866 2672,1866 2717,1866 2761,1866 2806,1866 2851,1872 2896,1878"/>
                <TextEquiv>
                    <Unicode>Sie sich schlagen wollen? Ein Raufbold,</Unicode>
                </TextEquiv>
            </TextLine>
            <TextLine id="tr_1_tl_11" custom="readingOrder {index:10;}">
                <Coords points="854,2044 1029,2039 1167,2079 1349,2044 1410,2076 1453,2044 1607,2039 1607,1941 1413,1954 1360,1927 1278,1959 1015,1927 854,1965"/>
                <Baseline points="868,2036 895,2033 940,2033 985,2033 1030,2030 1074,2033 1119,2030 1164,2030 1209,2030 1254,2033 1298,2033 1343,2030 1388,2030 1433,2027 1477,2027 1522,2027 1567,2027 1612,2027"/>
                <TextEquiv>
                    <Unicode>ein Desparado?</Unicode>
                </TextEquiv>
            </TextLine>
            <TextLine id="tr_1_tl_12" custom="readingOrder {index:11;}">
                <Coords points="848,2238 2688,2179 2659,2089 1864,2140 848,2065"/>
                <Baseline points="862,2194 901,2191 946,2188 991,2188 1036,2185 1080,2182 1125,2182 1170,2182 1215,2182 1260,2182 1304,2185 1349,2182 1394,2182 1439,2182 1483,2185 1528,2188 1573,2188 1618,2185 1663,2182 1707,2182 1752,2179 1797,2179 1842,2179 1887,2176 1931,2176 1976,2176 2021,2176 2066,2176 2110,2176 2155,2176 2200,2176 2245,2176 2290,2176 2334,2173 2379,2173 2424,2173 2469,2173 2514,2170 2558,2170 2603,2170 2648,2170 2693,2176"/>
                <TextEquiv>
                    <Unicode>Fliederbusch: Woher wissen Sie das?</Unicode>
                </TextEquiv>
            </TextLine>
            <TextLine id="tr_1_tl_13" custom="readingOrder {index:12;}">
                <Coords points="862,2378 1188,2373 1270,2421 1506,2344 2399,2346 2399,2264 2272,2246 1861,2288 1620,2222 1331,2283 1209,2224 862,2240"/>
                <Baseline points="877,2346 883,2343 928,2340 973,2337 1018,2337 1062,2334 1107,2334 1152,2334 1197,2334 1242,2334 1286,2334 1331,2334 1376,2334 1421,2334 1466,2337 1510,2334 1555,2334 1600,2337 1645,2334 1689,2331 1734,2334 1779,2331 1824,2331 1869,2331 1913,2331 1958,2331 2003,2331 2048,2331 2093,2331 2137,2331 2182,2331 2227,2328 2272,2328 2317,2328 2361,2331 2406,2331"/>
                <TextEquiv>
                    <Unicode>Abendstern: Kajetan kennt ihn,</Unicode>
                </TextEquiv>
            </TextLine>
            <TextLine id="tr_1_tl_14" custom="readingOrder {index:13;}">
                <Coords points="848,2511 2087,2516 2166,2500 2166,2413 1988,2373 1853,2436 1750,2376 1501,2434 1357,2386 1196,2434 1047,2399 848,2431"/>
                <Baseline points="862,2493 874,2493 919,2493 964,2493 1009,2493 1054,2490 1098,2490 1143,2490 1188,2490 1233,2487 1277,2487 1322,2490 1367,2490 1412,2490 1457,2490 1501,2490 1546,2490 1591,2490 1636,2487 1681,2487 1725,2487 1770,2484 1815,2481 1860,2481 1904,2481 1949,2481 1994,2481 2039,2481 2084,2484 2128,2487 2173,2487"/>
                <TextEquiv>
                    <Unicode>Fliederbusch: Wahrhaftig?</Unicode>
                </TextEquiv>
            </TextLine>
            <TextLine id="tr_1_tl_15" custom="readingOrder {index:14;}">
                <Coords points="2718,2545 2755,2564 2930,2537 2977,2553 3038,2513 3067,2537 3113,2529 3200,2551 3205,2442 3065,2434 2988,2373 2771,2442 2723,2426"/>
                <Baseline points="2735,2531 2761,2529 2806,2529 2851,2526 2896,2520 2941,2517 2985,2514 3030,2511 3075,2511 3120,2511 3164,2511 3209,2514"/>
                <TextEquiv>
                    <Unicode>où Seint</Unicode>
                </TextEquiv>
            </TextLine>
            <TextLine id="tr_1_tl_16" custom="readingOrder {index:15;}">
                <Coords points="851,2657 2545,2635 2672,2712 2893,2635 2895,2566 854,2543"/>
                <Baseline points="865,2651 886,2648 931,2645 976,2645 1021,2645 1065,2645 1110,2645 1155,2642 1200,2642 1245,2642 1289,2642 1334,2642 1379,2648 1424,2648 1469,2651 1513,2648 1558,2645 1603,2642 1648,2645 1692,2645 1737,2642 1782,2639 1827,2636 1872,2636 1916,2636 1961,2636 2006,2636 2051,2639 2096,2636 2140,2636 2185,2636 2230,2636 2275,2636 2319,2636 2364,2633 2409,2630 2454,2630 2499,2630 2543,2630 2588,2630 2633,2630 2678,2627 2723,2630 2767,2627 2812,2627 2857,2627 2902,2627"/>
                <TextEquiv>
                    <Unicode>Abendstern: sin Spieler,ein Trinker, der</Unicode>
                </TextEquiv>
            </TextLine>
            <TextLine id="tr_1_tl_17" custom="readingOrder {index:16;}">
                <Coords points="854,2826 2855,2786 2855,2723 2747,2702 854,2720"/>
                <Baseline points="868,2794 892,2794 937,2797 982,2797 1027,2797 1071,2797 1116,2797 1161,2794 1206,2794 1251,2791 1295,2794 1340,2794 1385,2794 1430,2794 1475,2794 1519,2794 1564,2794 1609,2794 1654,2791 1698,2791 1743,2791 1788,2788 1833,2788 1878,2788 1922,2788 1967,2788 2012,2788 2057,2785 2102,2785 2146,2785 2191,2785 2236,2785 2281,2785 2325,2785 2370,2785 2415,2785 2460,2785 2505,2782 2549,2782 2594,2782 2639,2782 2684,2782 2729,2782 2773,2779 2818,2782 2863,2791"/>
                <TextEquiv>
                    <Unicode>wahrscheinlich nichts Besseres wünscht</Unicode>
                </TextEquiv>
            </TextLine>
            <TextLine id="tr_1_tl_18" custom="readingOrder {index:17;}">
                <Coords points="843,2956 2816,2964 2943,2956 2946,2842 1615,2903 846,2826"/>
                <Baseline points="859,2955 889,2952 934,2952 979,2950 1024,2950 1068,2952 1113,2950 1158,2950 1203,2947 1248,2947 1292,2947 1337,2947 1382,2947 1427,2947 1472,2947 1516,2947 1561,2947 1606,2947 1651,2944 1695,2944 1740,2944 1785,2944 1830,2944 1875,2944 1919,2944 1964,2944 2009,2944 2054,2941 2099,2941 2143,2941 2188,2941 2233,2938 2278,2938 2322,2938 2367,2938 2412,2938 2457,2938 2502,2935 2546,2935 2591,2935 2636,2935 2681,2935 2726,2935 2770,2932 2815,2932 2860,2932 2905,2932 2950,2935"/>
                <TextEquiv>
                    <Unicode>als sich durch einen solchen Ehrenhandel</Unicode>
                </TextEquiv>
            </TextLine>
            <TextLine id="tr_1_tl_19" custom="readingOrder {index:18;}">
                <Coords points="848,3136 2763,3107 2784,3025 1959,3049 1829,2975 1723,3041 1355,2967 848,3025"/>
                <Baseline points="862,3114 907,3108 952,3108 997,3105 1042,3105 1086,3102 1131,3102 1176,3099 1221,3099 1265,3099 1310,3102 1355,3102 1400,3099 1445,3096 1489,3096 1534,3096 1579,3096 1624,3096 1669,3099 1713,3099 1758,3099 1803,3099 1848,3099 1893,3099 1937,3096 1982,3096 2027,3096 2072,3093 2116,3093 2161,3090 2206,3090 2251,3090 2296,3090 2340,3090 2385,3090 2430,3090 2475,3090 2520,3090 2564,3087 2609,3090 2654,3087 2699,3087 2743,3087 2788,3087"/>
                <TextEquiv>
                    <Unicode>zu rehabilitieren.Ein Mitarbeiter der</Unicode>
                </TextEquiv>
            </TextLine>
            <TextLine id="tr_1_tl_20" custom="readingOrder {index:19;}">
                <Coords points="864,3314 2325,3245 2500,3253 2686,3370 2744,3356 2747,3168 864,3142"/>
                <Baseline points="880,3260 916,3260 961,3257 1006,3257 1051,3257 1095,3257 1140,3257 1185,3254 1230,3254 1274,3254 1319,3254 1364,3254 1409,3251 1454,3251 1498,3251 1543,3251 1588,3251 1633,3254 1678,3254 1722,3254 1767,3251 1812,3251 1857,3248 1901,3251 1946,3251 1991,3248 2036,3248 2081,3245 2125,3245 2170,3245 2215,3245 2260,3245 2305,3245 2349,3245 2394,3245 2439,3245 2484,3242 2529,3242 2573,3242 2618,3242 2663,3242 2708,3242 2752,3248"/>
                <TextEquiv>
                    <Unicode>„Eleganten Welt v. Braucht man mehr zu</Unicode>
                </TextEquiv>
            </TextLine>
            <TextLine id="tr_1_tl_21" custom="readingOrder {index:20;}">
                <Coords points="851,3417 1015,3468 1082,3439 1190,3455 1193,3272 1129,3280 1066,3335 1037,3338 1007,3319 960,3359 925,3333 893,3349 872,3330 851,3335"/>
                <Baseline points="865,3415 883,3415 928,3412 973,3412 1018,3409 1062,3409 1107,3409 1152,3409 1197,3412"/>
                <TextEquiv>
                    <Unicode>sagen?</Unicode>
                </TextEquiv>
            </TextLine>
            <TextLine id="tr_1_tl_22" custom="readingOrder {index:21;}">
                <Coords points="854,3603 1312,3627 1604,3571 2126,3584 2126,3494 1965,3410 1768,3399 1379,3468 1079,3439 854,3489"/>
                <Baseline points="868,3571 880,3568 925,3568 970,3565 1015,3565 1059,3562 1104,3565 1149,3565 1194,3562 1239,3562 1283,3562 1328,3562 1373,3562 1418,3562 1463,3562 1507,3565 1552,3565 1597,3562 1642,3562 1686,3559 1731,3556 1776,3559 1821,3556 1866,3556 1910,3556 1955,3562 2000,3559 2045,3559 2090,3559 2134,3556"/>
                <TextEquiv>
                    <Unicode>Fliederbusch:Allerdings.</Unicode>
                </TextEquiv>
            </TextLine>
            <TextLine id="tr_1_tl_23" custom="readingOrder {index:22;}">
                <Coords points="851,3728 2789,3733 2956,3714 2956,3606 2736,3529 2391,3653 1975,3669 1811,3579 851,3651"/>
                <Baseline points="865,3726 904,3723 949,3720 994,3717 1039,3720 1083,3717 1128,3717 1173,3717 1218,3717 1263,3717 1307,3717 1352,3717 1397,3717 1442,3714 1486,3714 1531,3714 1576,3714 1621,3711 1666,3711 1710,3711 1755,3711 1800,3711 1845,3711 1890,3708 1934,3708 1979,3711 2024,3708 2069,3708 2113,3708 2158,3708 2203,3705 2248,3705 2293,3705 2337,3705 2382,3705 2427,3708 2472,3705 2517,3705 2561,3702 2606,3702 2651,3702 2696,3699 2740,3699 2785,3699 2830,3699 2875,3699 2920,3699 2964,3702"/>
                <TextEquiv>
                    <Unicode>Abendstern:Würden Sie mit ihm verkehren?</Unicode>
                </TextEquiv>
            </TextLine>
            <TextLine id="tr_1_tl_24" custom="readingOrder {index:23;}">
                <Coords points="848,3895 2855,3889 2975,3873 2975,3791 2007,3812 1760,3741 1212,3834 848,3797"/>
                <Baseline points="862,3875 877,3872 922,3875 967,3872 1012,3872 1056,3872 1101,3875 1146,3875 1191,3875 1236,3875 1280,3875 1325,3872 1370,3872 1415,3872 1460,3872 1504,3872 1549,3872 1594,3872 1639,3869 1684,3872 1728,3869 1773,3869 1818,3866 1863,3866 1907,3866 1952,3872 1997,3866 2042,3863 2087,3863 2131,3863 2176,3863 2221,3863 2266,3863 2311,3866 2355,3869 2400,3866 2445,3866 2490,3863 2534,3863 2579,3860 2624,3860 2669,3857 2714,3860 2758,3857 2803,3857 2848,3857 2893,3857 2938,3857 2982,3857"/>
                <TextEquiv>
                    <Unicode>Gewiss nicht. Und mit jemandam, mit dem man</Unicode>
                </TextEquiv>
            </TextLine>
        </TextRegion>
    </Page>
</PcGts>
