3352 3992
435 425 2788 683 1. In der Redaktion des Adelsblattes „Die Eleganz.
435 683 2791 829 In der „Arbeit" („Tagewerk") stand ein fulminanter
438 860 2807 1006 Angriff gegen Fink und zwar wegen seines Berichtes
444 1006 2946 1153 über die Aristokrat envorstellung im X palais. Es wird
444 1156 2873 1340 ihm Kriecherei vorgeworfen, es heisst darin, er leckt
451 1375 2858 1556 den Leuten die Füsse ab, die seinen Vater vielleicht
457 1562 3007 1724 unglücklich gemacht haben in einer Zeit, da die grossen
457 1749 1032 1953 Fragen etc.-
460 1927 2892 2064 Der Artikel wird von einigen Leuten besprochen, even-
473 2051 2807 2251 tuell vom Sportberichterstatter, von der Baronesse,
467 2289 1940 2432 die Modeberichterstatterin ist.
467 2473 1753 2642 Sie kommen eben vom Rennen.
448 2610 2007 2826 Der Chef des Blattes verschuldet.
1819 2737 2229 2851 Hussaren
457 2838 3000 2972 Sein Sohn Einjähriger bei den Maassa; durch die Ver-
470 2991 1473 3191 bindungen des Vaters.
460 3115 2911 3362 Diesen Artikel kann sich Fink nicht gefallen lassen.
