3368 4072
2673 260 2791 439 61
998 390 2332 623 Fanny: Ich war auch dort.
1006 532 2801 731 Fliederbusch: Ja, ich bin/schon vor
1010 736 2835 937 geraumer Zeit von dort Weggegangen.
1001 885 2735 1086 Was gibt’s denn? Du siehst etwas
1050 1045 2992 1231 (wirklich besorgt) Ist's etwas mit den
1006 1221 1300 1381 Kind?
1006 1334 2690 1550 Fanny: Oh nein. Es gibt überhaupt
1013 1513 2703 1665 gar nichts. Ich wollte dich eben
1013 1636 2901 1847 einmal aus der Redaktion abholen. Ich
1006 1790 2882 1982 hab mir's ja schon lang vorgenommen.
1010 1974 2847 2126 dich einmal hier wo du - (sie blickt
1006 2121 1736 2325 rings um sich)
1006 2296 2749 2457 Fliederbusch: (rasch) Das ist nett
1013 2423 2747 2624 von dir. Ich dachte wirklich - die
998 2558 2793 2757 Stunde dass Gretl - (zu Abendtern)
1006 2735 2833 2901 Sie hat uns ein paar Mal Sorgan ge-
993 2869 2933 3080 macht in diesem Winter unsere Kleine.
1001 3073 2975 3215 Aber nun wird sie sich hoffentlich er-
993 3198 2906 3397 holen. Morgen geht meine Frau nämlich
996 3350 2850 3559 mit der Kleinen aufs Land. Zu ihrer
993 3502 2850 3689 Mutter. Sie hat ein kleines Häuschen
