3432 4152
2622 289 2923 476 276 a
991 421 2903 647 mon) Aber sagen Sie selbst,Herr Fink,
1257 560 2918 717 ist es Ihnen die noch vie aufgefälle
1006 625 2951 812 dass es schliesslich auf der geite je-
1006 784 2739 1008 der Partei sowohl kluge Leute als
1011 891 2697 1143 Dummköpfe, sowohl Ehrenmänner als
1006 1013 2971 1317 Schurken gibt. Ich für meinen
1021 1240 2963 1459 Teil habe mich eigentlich mein Lebtag
1036 1389 2876 1619 über die Leute gewundert (längst, ehe
1041 1514 2831 1760 ich in die Politik geraten bin die
1051 1686 2789 1907 darauf stolz sind, dass sie gerade
1053 1840 2986 2082 diese und nicht eine andere Ueberzeu-
1290 1982 1718 2097 & d heller
1061 1987 3020 2219 gung haben und die alle diejenigen für
2821 2064 2958 2164 be
2333 2084 2791 2194 réfalles
1066 2151 3015 2373 Schurken oder Idioten halten, die ent-
1071 2301 2555 2565 gegengesetzten Meinung sinde
1078 2428 3090 2702 Fliedsbusch: Und mit dieser Auffassung
1078 2629 3045 2826 Herr Graf, haben sie es vermocht so ra-
1091 2734 3055 2998 dikale, ja man darf wohl sagen,ungeheu.
1116 2893 2948 3140 erliche Ansichten auszusprechen, wie
1106 3065 2911 3327 wir sie im Parlament von Ihnen ge-
1113 3274 1726 3466 hört haben?
1133 3394 2961 3598 Graf: Ungeheuerlich sagen Sie. Diese
1128 3518 3010 3802 Ansichten haben ja Ihren Beifall ge-
1135 3750 1514 3912 funden.
