3352 4008
383 492 902 654 Wahlstatt.
410 648 2165 816 Engelbert und seine zwei Sekundanten.
410 839 2813 1011 Fink kommt mit seinen beiden: Schneider und Flögel.
423 1021 2928 1243 Engelbert es anfangs missverstehend: Du? Fort, ich bin
410 1190 2895 1454 für dich eingetreten, Du hast in Böhmen zu sein beim
423 1408 790 1610 streik.
420 1563 3084 1768 Fink: Lass nur alles geschehen, ich schiesse in die Luft.
426 1738 2095 1907 Engelbert: (der versteht) Ich nicht,
430 1943 1679 2082 Vielleicht jetzt die Frau.
433 2069 2998 2254 Schneider: Ach so steht es? (Da sich die Frau Engelbert
433 2261 3047 2419 zu Füssen stürzt, für Fink) Ah so steht es, nun trete ich
446 2413 2965 2710 für das Blatt ein. Herr Fink treten Sie auf die andere
449 2667 793 2789 Seite.
459 2799 2948 2945 Einer:Es muss entschieden werden für welche Ueberzeu-
463 2958 2076 3173 gung Fink in den Tod zu gehen hat.
479 3328 2033 3536 Das Ganze ins Satyrisch-Groteske.
