3400 4056
999 377 2997 625 Bedingungen trotz der Klarheit des Fal
1009 543 2943 779 les gewisse Meinungsverschiedenheiten
991 712 2935 935 zu ergeben scheinen möchte ich mir er
1001 917 2961 1071 lauben meine Anschauun ganz im Allge
978 1048 3012 1232 mainen zu präzisieren. - Meine Herren,ge-
989 1224 3004 1378 radeidie sogenannten Journalistenduelle
1767 1301 2477 1409 in weiterte sein.
989 1355 2922 1534 erfreuen sich eines leider nicht ganz
976 1524 2992 1698 ungerechtfertigten zweifelijaften Rufes
3035 238 3255 371 + c
2651 190 2894 448 242.
2994 351 3260 487 2426
978 1670 3015 1834 Durch die besondere Milde der bei ihnen
1160 1760 1393 1859 Arn
981 1829 2904 1988 üblichen Bedingungen sind sie allmäh-
981 1977 3015 2149 lich zur Spielerei, ja zur Farce herabge
978 2131 2948 2303 würdigt worden. Unser Streben geht da
973 2282 2981 2472 hin, dass hierin Wandel geschaffen werde.
963 2441 2971 2589 Jeder Mann, der Schriftsteller nicht we-
968 2589 2828 2756 niger wie der Offizier, sollte jeder-
958 2720 2920 2920 zeit bereit sein für jede seiner Hand.
960 2871 3022 3058 lungen und jedes seiner Worte mit seiner
963 3030 2817 3189 ganzen Person einzustehen. Als, Idahl
1775 3127 3048 3232 amts wieder järmelich
963 3186 2935 3355 erschiene uns, dass jeder Zweikampf nur
950 3335 2856 3511 auf Tod und Leben ausgefochten werde.
950 3499 2979 3719 So weit sind wir noch nicht.Daher haben
955 3637 2938 3829 wir auch darauf verzichtet Bedingungen
