3352 4088
2490 277 2685 491 246
733 419 1350 599 Abendeterns-
725 528 2759 699 D.a.Fliederbusch: Recht hat er.Aber die
1741 646 2324 773 Ein Ulligat:
2545 659 2759 781 1 a
725 696 2390 865 Herren sind noch nicht fertig?
1543 799 2086 897 ( Schevenson)
725 802 2812 1052 tun: Sie ganz, als wenn Sie zu Hause wären.
728 1002 2616 1205 Es war mir eine besondere Ehre,meine
715 1113 2703 1358 Herren. (gibt jedem Einzelnen die Hand,
723 1324 1730 1511 mit parl links ab.)
733 1480 2754 1670 Wöbl: Ich muss schon sagen, meine Herren,
725 1641 2814 1757 in meiner Carriere als Sekundant ist mir
1817 1722 3017 1886 Yrs. Alss. wein Herre
725 1796 1804 1899 etwas Aehnliches -
2160 1841 2965 2005 in man webe
746 1888 2234 2144 (Das Schloss draussen knarrt)
723 2094 1946 2292 Wöbl: Was ist denn das?
707 2250 2725 2448 Abeddstern: Das wird wohl Maria Flieder.
704 2411 1300 2535 busch sein.
709 2445 2608 2754 Egon: Weitere Mitglieder der Familie
715 2698 2706 2899 wünsche ich nicht kennen zu lernen. Ich
1991 2801 2690 2896 entfernen in
720 2872 2835 3020 glaube,meine Herren,wir sotzen unsere Be-
770 2980 2036 3052 nur als eine Beweing
707 3036 2806 3189 ratungen an einem anderen Orte fort. Wöbl
715 3162 2324 3371 Obendorfer: Ich geh gleich mit.
733 3302 2595 3524 (In der Türe begegnen sie der Mutter
699 3489 2651 3663 Fliederbusch mit den Zwillingen.Egon,
704 3616 2819 3824 Wöbl, Obendorfer grüssen höflich und gehen
