3352 4008
2763 295 2896 509 25
447 496 1018 736 (22.9.1913.)
441 671 3038 905 Vorgeschichte Müllers. Er war entweder Bankbeamter, even-
457 888 3054 1051 tuell gar Commis in einem grossen Modewarenhaus; stammt
457 992 2909 1219 aus ärmlichen Kreisen. Sein Vater ein Projektemacher
457 1213 2931 1394 mit genialen Zügen. (Sollte er nicht auftreten?) Sei-
454 1333 2876 1592 ne Jugend. Früh der Drang nach. Höherem.“ Vielleicht
464 1582 1942 1774 irgendwie literarische Anfänge.
470 1738 2883 1958 Ist er Bankbeamter, so hat er einen Kollegen, der zum
467 1910 2925 2114 Rennen zu gehen pflegt.Lump, eventuell im Nebenerwerb
477 2143 2928 2283 Sportberichterstatter. Dieser junge Mensch tritt aus
486 2276 2970 2468 der Bank aus, besser er muss durchgehen. Er bittet Mül-
483 2471 2947 2636 ler für ihn einmal den Sportbericht zu schreiben; Mül-
480 2617 2980 2850 ler tut das mit Begeisterung. Dem Redakteur fällt der
483 2808 3061 2996 Bericht auf. Er lässt den Miller kommen, der verschweigt
493 3022 3006 3197 seinen Beruf, lügt, schwindelt nach seiner Art. Er wird
490 3165 3097 3418 fix engagiert, um seinen wahren Namen nicht zu verraten
499 3372 2967 3596 aus fal scher Scham, aus Snobismus verschweigt er sein
