3352 4024
2681 300 2808 424 Es
459 513 1294 717 4. Graf - Engler.
469 625 3031 838 Graf: Ich komme mit einem bestimmten Vorschlag. Sie ha-
484 848 3044 1055 ben glänzende Kräfte. Insbesondere Funk. Nicht nur, weil
504 985 2980 1221 er für mich eingetreten ist. Statt dass wir ein neues
484 1141 2961 1380 Blatt gründen, wollen wir aus Ihrem allmählich ein Ta-
494 1387 2859 1594 gesblatt machen. Statt die „Elegante Welt" wird es
500 1568 2942 1753 heissen die „Christliche Welt." Es gibt viel zu tun.
513 1737 3003 1948 Dieser Funk schreibt so gut, dass man beinah selber an
516 1897 3003 2145 das glauben könnte, was man gesagt hat. Wer ist dieser
510 2155 768 2301 Funk?
526 2234 2862 2461 Engler: Er scheint aus verannter Adelsfamilie. Mir
526 2458 2977 2623 schickte ihn ein gewisser Wendra, der Wien verlassen
526 2588 2907 2805 musste, ziemlich plötzlich. In einem Spiel erprozess,
529 2808 2942 2999 wo er als Zeuge vernommen wurde,wurde ihm der Boden
539 2999 2955 3172 heiss und dieser Funk schrieb für ihn einen sehr ge-
542 3162 2799 3353 lungenen Artikel über dæ erste Frühjahrsrennen.
319 3184 430 3506 e
551 3321 2961 3548 Aber erst seit diesem merkwürdigen Artikel über Sie,
