3384 4072
2580 301 2696 456 46
368 444 986 712 (18.11.1913.)
368 621 1908 901 Erster Akt. Redaktion „Tagewerk“.
228 803 2373 1062 1. Kohnberger (Lokalredakteur), der Metteur.
386 1007 1482 1257 Einteilung des Blattes.
399 1114 2817 1418 Heute war das Leichenbegängnis Epsteins, (des polit i-
411 1363 1260 1546 schen Redakteurs).
411 1488 2778 1716 Der Artikel über ihn kommt an zweite Stelle, gleich
417 1664 2747 1965 nach dem Leitartikel. -Ein Artikel über das bevor-
432 1889 1746 2127 stehende Wohltätigkeitsfest.
432 2060 2032 2276 Mitteur: Ich wart auf den Epstein.
438 2151 2890 2458 Kohnberger: Jetzt so intim mit ihm. Gestern noch der
444 2464 1028 2677 Herr Doktor.
