3416 4120
2547 259 2845 457 275 b
1008 433 2742 709 aber all das ist noch lange nicht
1001 638 2825 834 Ueberzeugung.Für das Vorhandensein
1018 753 2918 1015 einer Ueberzeugung gibt es nur einen
1013 932 2909 1130 Beweis,vielleicht: - für sie zu ster
1027 1120 1615 1311 ben wissen.
1037 1235 2503 1468 Fliederbusch: (zieht den Hut)
1049 1389 2945 1629 Graf: Vielleicht, hab ich gesagt.Denn
1042 1524 2997 1749 auch durch einen solchen Tod will man
1054 1695 2987 1937 am ende nur den Andern oder sich sel-
1054 1862 2273 2074 ber etwas weiss machen.
1071 1999 2896 2243 Fliederbusch: (Was Sie da sagen.Herr
1076 2160 3019 2368 Graf, ist grauenvoll. Verhielte es sich
1089 2297 2862 2515 wirklich so, so müsste man nur wün-
1089 2439 2887 2681 schen, dass die Welt möglichst bald
1098 2627 2397 2828 ondgiltig zu Grunde geht.
1103 2779 3070 2972 Graf: Das tut Sie ja sowieso.Jeden Tag
1108 2936 2975 3139 aufs Neue seit Erschaffung der Welt.
1111 3085 2860 3315 Die Geschichtsschreiber nennen es
1118 3280 1752 3457 Entwicklung.
1123 3383 2769 3616 Fliedibusch: Und sie,Herr Graf?
1128 3535 3050 3787 Graf: (nach Zögern) Politik, (in neuem
