<?xml version="1.0" encoding="UTF-8" standalone="yes"?>
<PcGts xmlns="http://schema.primaresearch.org/PAGE/gts/pagecontent/2013-07-15" xmlns:xsi="http://www.w3.org/2001/XMLSchema-instance" xsi:schemaLocation="http://schema.primaresearch.org/PAGE/gts/pagecontent/2013-07-15 http://schema.primaresearch.org/PAGE/gts/pagecontent/2013-07-15/pagecontent.xsd">
    <Metadata>
        <Creator>prov=READ-COOP:name=TrHtr:version=2.1.0:model_id=51170:date=01_08_2023_06:26</Creator>
        <Created>2023-05-10T13:29:37.067+02:00</Created>
        <LastChange>2023-08-01T06:26:00.350+02:00</LastChange>
        <TranskribusMetadata docId="1428579" pageId="55412897" pageNr="132" tsid="131652120" status="IN_PROGRESS" userId="64420" imgUrl="https://files.transkribus.eu/Get?id=SPKAGYMIKIWHTVQCGDYSIIWQ&amp;fileType=view" xmlUrl="https://files.transkribus.eu/Get?id=LQSSXOCHBLRBHTHADCZRYCRW" imageId="44687038"/>
    </Metadata>
    <Page imageFilename="1428579_0132.jpg" imageWidth="3528" imageHeight="4200">
        <ReadingOrder>
            <OrderedGroup id="ro_1711791757362" caption="Regions reading order">
                <RegionRefIndexed index="0" regionRef="tr_1"/>
                <RegionRefIndexed index="1" regionRef="tr_2"/>
            </OrderedGroup>
        </ReadingOrder>
        <TextRegion id="tr_1" custom="readingOrder {index:0;}">
            <Coords points="1065,355 3104,355 3104,2186 1065,2186"/>
            <TextLine id="tr_1_tl_1" custom="readingOrder {index:0;}">
                <Coords points="2646,442 2697,430 2765,440 2859,412 2881,430 2947,440 2952,349 2907,349 2864,324 2828,334 2765,318 2720,334 2651,329"/>
                <Baseline points="2659,420 2686,420 2731,417 2776,414 2820,411 2865,408 2910,405 2955,408"/>
                <TextEquiv>
                    <Unicode>195 b</Unicode>
                </TextEquiv>
            </TextLine>
            <TextLine id="tr_1_tl_2" custom="readingOrder {index:1;}">
                <Coords points="1051,690 2232,617 2442,665 2722,571 3030,612 3063,470 1891,488 1395,581 1059,508"/>
                <Baseline points="1068,641 1095,641 1140,638 1185,635 1229,635 1274,632 1319,632 1364,632 1408,632 1453,632 1498,629 1543,626 1588,626 1632,623 1677,620 1722,617 1767,614 1811,614 1856,614 1901,611 1946,608 1991,605 2035,605 2080,602 2125,600 2170,597 2214,597 2259,594 2304,591 2349,591 2394,585 2438,585 2483,582 2528,579 2573,579 2617,576 2662,576 2707,573 2752,570 2797,567 2841,567 2886,564 2931,561 2976,558 3020,555 3065,555"/>
                <TextEquiv>
                    <Unicode>Mutter: Der Herr Doktor hat mir deinen</Unicode>
                </TextEquiv>
            </TextLine>
            <TextLine id="tr_1_tl_3" custom="readingOrder {index:2;}">
                <Coords points="1049,832 1251,799 1393,824 1466,784 1559,816 1638,784 1726,826 2062,809 2065,703 2035,687 1648,680 1461,728 1390,695 1054,705"/>
                <Baseline points="1065,794 1083,797 1128,794 1173,791 1217,788 1262,788 1307,785 1352,782 1397,782 1441,782 1486,782 1531,776 1576,776 1620,776 1665,776 1710,773 1755,770 1800,767 1844,767 1889,761 1934,761 1979,758 2023,761 2068,764"/>
                <TextEquiv>
                    <Unicode>Artikel vorgelesen.</Unicode>
                </TextEquiv>
            </TextLine>
            <TextLine id="tr_1_tl_4" custom="readingOrder {index:3;}">
                <Coords points="1049,1016 1479,968 1562,1006 1886,986 1977,943 2229,968 2234,821 1749,872 1552,842 1056,869"/>
                <Baseline points="1065,955 1074,955 1119,949 1164,946 1208,943 1253,940 1298,940 1343,937 1388,934 1432,934 1477,931 1522,931 1567,928 1611,928 1656,928 1701,931 1746,925 1791,925 1835,919 1880,916 1925,916 1970,910 2014,907 2059,907 2104,904 2149,904 2194,901 2238,901"/>
                <TextEquiv>
                    <Unicode>Fliedibusch: Wirklich?</Unicode>
                </TextEquiv>
            </TextLine>
            <TextLine id="tr_1_tl_5" custom="readingOrder {index:4;}">
                <Coords points="1051,1173 2260,1079 2618,1125 3084,1041 3089,930 1059,1039"/>
                <Baseline points="1071,1101 1077,1101 1122,1098 1167,1098 1211,1098 1256,1092 1301,1092 1346,1092 1391,1089 1435,1089 1480,1089 1525,1083 1570,1083 1614,1080 1659,1077 1704,1077 1749,1074 1794,1071 1838,1071 1883,1068 1928,1065 1973,1062 2017,1062 2062,1059 2107,1059 2152,1056 2197,1056 2241,1053 2286,1053 2331,1047 2376,1044 2420,1044 2465,1041 2510,1038 2555,1038 2600,1035 2644,1032 2689,1032 2734,1029 2779,1026 2823,1023 2868,1020 2913,1020 2958,1017 3002,1014 3047,1011 3092,1008"/>
                <TextEquiv>
                    <Unicode>Mutter: Und aus so was machst du deiner</Unicode>
                </TextEquiv>
            </TextLine>
            <TextLine id="tr_1_tl_6" custom="readingOrder {index:5;}">
                <Coords points="1067,1302 2768,1279 2922,1213 2927,1094 1074,1168"/>
                <Baseline points="1083,1262 1092,1259 1137,1256 1182,1253 1226,1250 1271,1247 1316,1244 1361,1244 1405,1241 1450,1238 1495,1235 1540,1235 1585,1235 1629,1232 1674,1229 1719,1226 1764,1226 1808,1223 1853,1220 1898,1217 1943,1217 1988,1214 2032,1214 2077,1214 2122,1211 2167,1211 2211,1208 2256,1205 2301,1202 2346,1202 2391,1200 2435,1197 2480,1194 2525,1191 2570,1188 2614,1188 2659,1185 2704,1182 2749,1179 2794,1179 2838,1176 2883,1173 2928,1176"/>
                <TextEquiv>
                    <Unicode>Mutter ein Geheimnis. Das ist nicht</Unicode>
                </TextEquiv>
            </TextLine>
            <TextLine id="tr_1_tl_7" custom="readingOrder {index:6;}">
                <Coords points="1069,1441 1170,1451 1213,1474 1231,1461 1279,1466 1329,1431 1345,1441 1367,1423 1398,1423 1403,1322 1317,1314 1294,1332 1236,1342 1196,1304 1160,1304 1120,1327 1077,1307"/>
                <Baseline points="1086,1411 1092,1411 1137,1408 1182,1405 1226,1402 1271,1400 1316,1397 1361,1397 1405,1397"/>
                <TextEquiv>
                    <Unicode>schön</Unicode>
                </TextEquiv>
            </TextLine>
            <TextLine id="tr_1_tl_8" custom="readingOrder {index:7;}">
                <Coords points="1079,1592 2568,1567 3036,1496 3041,1400 1084,1481"/>
                <Baseline points="1095,1567 1116,1564 1161,1561 1205,1558 1250,1552 1295,1552 1340,1549 1385,1546 1429,1546 1474,1543 1519,1540 1564,1540 1608,1540 1653,1537 1698,1534 1743,1534 1788,1534 1832,1528 1877,1525 1922,1522 1967,1519 2011,1519 2056,1516 2101,1516 2146,1513 2191,1510 2235,1510 2280,1510 2325,1510 2370,1504 2414,1504 2459,1501 2504,1498 2549,1498 2594,1498 2638,1498 2683,1492 2728,1492 2773,1489 2817,1486 2862,1480 2907,1477 2952,1474 2997,1474 3041,1477"/>
                <TextEquiv>
                    <Unicode>Fliederbusch: Aber ich hätte ja - Hat</Unicode>
                </TextEquiv>
            </TextLine>
            <TextLine id="tr_1_tl_9" custom="readingOrder {index:8;}">
                <Coords points="1089,1747 1949,1724 1954,1605 1777,1628 1691,1592 1650,1623 1539,1602 1443,1643 1345,1620 1155,1658 1097,1623"/>
                <Baseline points="1107,1713 1149,1710 1194,1710 1238,1707 1283,1707 1328,1704 1373,1704 1417,1701 1462,1698 1507,1698 1552,1695 1597,1689 1641,1686 1686,1683 1731,1683 1776,1683 1820,1680 1865,1680 1910,1677 1955,1680"/>
                <TextEquiv>
                    <Unicode>er dir gefallen?</Unicode>
                </TextEquiv>
            </TextLine>
            <TextLine id="tr_1_tl_10" custom="readingOrder {index:9;}">
                <Coords points="1097,1916 1825,1835 2065,1868 2143,1817 2833,1837 2841,1714 1105,1787"/>
                <Baseline points="1113,1871 1140,1871 1185,1865 1229,1862 1274,1859 1319,1856 1364,1856 1408,1856 1453,1856 1498,1856 1543,1850 1588,1850 1632,1844 1677,1841 1722,1838 1767,1838 1811,1835 1856,1832 1901,1829 1946,1829 1991,1829 2035,1829 2080,1826 2125,1820 2170,1817 2214,1814 2259,1811 2304,1811 2349,1808 2394,1808 2438,1808 2483,1805 2528,1805 2573,1802 2617,1800 2662,1797 2707,1797 2752,1794 2797,1791 2841,1788"/>
                <TextEquiv>
                    <Unicode>Mutter: Ob er mir gefallen hat.So</Unicode>
                </TextEquiv>
            </TextLine>
            <TextLine id="tr_1_tl_11" custom="readingOrder {index:10;}">
                <Coords points="2040,1954 2070,1966 2136,1923 2179,1931 2224,1896 2257,1903 2297,1880 2434,1906 2442,1832 2406,1812 2376,1827 2346,1812 2290,1843 2275,1827 2207,1820 2146,1860 2103,1848 2047,1865"/>
                <Baseline points="2059,1907 2083,1907 2128,1901 2173,1889 2217,1886 2262,1880 2307,1877 2352,1877 2397,1877 2441,1877"/>
                <TextEquiv>
                    <Unicode>qu'ils dis</Unicode>
                </TextEquiv>
            </TextLine>
            <TextLine id="tr_1_tl_12" custom="readingOrder {index:11;}">
                <Coords points="1099,2025 2735,2030 2942,1971 2945,1868 1102,1964"/>
                <Baseline points="1113,2020 1158,2020 1202,2017 1247,2017 1292,2014 1337,2011 1382,2008 1426,2005 1471,2002 1516,2002 1561,2000 1605,1997 1650,1994 1695,1994 1740,1991 1785,1991 1829,1988 1874,1988 1919,1988 1964,1985 2008,1985 2053,1985 2098,1982 2143,1976 2188,1976 2232,1973 2277,1967 2322,1964 2367,1964 2411,1961 2456,1961 2501,1961 2546,1958 2591,1952 2635,1952 2680,1949 2725,1946 2770,1946 2814,1946 2859,1946 2904,1943 2949,1940"/>
                <TextEquiv>
                    <Unicode>schreibt überhaupt - Uebrigens sagt</Unicode>
                </TextEquiv>
            </TextLine>
            <TextLine id="tr_1_tl_13" custom="readingOrder {index:12;}">
                <Coords points="1102,2224 2414,2191 2795,2116 2945,2161 3099,2100 3101,2027 1107,2108"/>
                <Baseline points="1119,2176 1134,2176 1179,2176 1223,2173 1268,2167 1313,2167 1358,2161 1402,2161 1447,2158 1492,2158 1537,2158 1582,2155 1626,2152 1671,2152 1716,2149 1761,2146 1805,2143 1850,2143 1895,2140 1940,2137 1985,2137 2029,2134 2074,2131 2119,2131 2164,2128 2208,2125 2253,2122 2298,2119 2343,2119 2388,2116 2432,2116 2477,2116 2522,2113 2567,2110 2611,2110 2656,2104 2701,2104 2746,2098 2791,2095 2835,2098 2880,2095 2925,2092 2970,2089 3014,2086 3059,2086 3104,2089"/>
                <TextEquiv>
                    <Unicode>auch der Doktor Abendstern, du hast ei-</Unicode>
                </TextEquiv>
            </TextLine>
        </TextRegion>
        <TextRegion id="tr_2" custom="readingOrder {index:1;}">
            <Coords points="1119,2242 3167,2242 3167,3732 1119,3732"/>
            <TextLine id="tr_2_tl_1" custom="readingOrder {index:0;}">
                <Coords points="1102,2358 1522,2366 1688,2335 1772,2361 1812,2330 1934,2353 2065,2310 2067,2237 1923,2207 1837,2247 1764,2224 1719,2255 1673,2224 1620,2265 1446,2239 1107,2270"/>
                <Baseline points="1119,2334 1131,2331 1176,2328 1220,2328 1265,2325 1310,2325 1355,2322 1400,2316 1444,2313 1489,2310 1534,2310 1579,2310 1623,2307 1668,2304 1713,2304 1758,2301 1802,2298 1847,2298 1892,2295 1937,2292 1982,2292 2026,2292 2071,2295"/>
                <TextEquiv>
                    <Unicode>ne grosse Zukunft.</Unicode>
                </TextEquiv>
            </TextLine>
            <TextLine id="tr_2_tl_2" custom="readingOrder {index:1;}">
                <Coords points="1115,2525 1648,2535 1845,2452 2939,2474 3134,2434 3139,2318 2214,2335 2067,2409 1921,2353 1825,2414 1120,2396"/>
                <Baseline points="1131,2486 1173,2483 1217,2480 1262,2477 1307,2474 1352,2471 1397,2471 1441,2468 1486,2465 1531,2465 1576,2462 1620,2462 1665,2459 1710,2459 1755,2456 1800,2453 1844,2450 1889,2447 1934,2444 1979,2444 2023,2444 2068,2444 2113,2444 2158,2441 2202,2438 2247,2432 2292,2429 2337,2429 2382,2426 2426,2423 2471,2423 2516,2426 2561,2420 2605,2417 2650,2414 2695,2411 2740,2408 2785,2408 2829,2405 2874,2405 2919,2402 2964,2397 3008,2397 3053,2394 3098,2391 3143,2394"/>
                <TextEquiv>
                    <Unicode>Fliederbusch: Nun — (sieht präokkupiert</Unicode>
                </TextEquiv>
            </TextLine>
            <TextLine id="tr_2_tl_3" custom="readingOrder {index:2;}">
                <Coords points="1117,2702 2477,2669 2538,2649 2545,2495 1122,2596"/>
                <Baseline points="1134,2641 1161,2638 1205,2638 1250,2635 1295,2635 1340,2629 1385,2629 1429,2623 1474,2623 1519,2620 1564,2620 1608,2617 1653,2617 1698,2614 1743,2611 1788,2611 1832,2608 1877,2605 1922,2600 1967,2600 2011,2597 2056,2594 2101,2591 2146,2591 2191,2588 2235,2585 2280,2585 2325,2582 2370,2579 2414,2576 2459,2576 2504,2576 2549,2579"/>
                <TextEquiv>
                    <Unicode>zu Styx und Abendstern hin)</Unicode>
                </TextEquiv>
            </TextLine>
            <TextLine id="tr_2_tl_4" custom="readingOrder {index:3;}">
                <Coords points="1125,2836 2970,2788 3066,2765 3073,2636 1132,2684"/>
                <Baseline points="1140,2791 1152,2794 1197,2791 1241,2788 1286,2788 1331,2785 1376,2782 1420,2782 1465,2782 1510,2779 1555,2779 1600,2776 1644,2773 1689,2767 1734,2764 1779,2761 1823,2758 1868,2758 1913,2755 1958,2755 2002,2752 2047,2752 2092,2746 2137,2746 2182,2743 2226,2740 2271,2740 2316,2737 2361,2737 2405,2734 2450,2728 2495,2728 2540,2728 2585,2725 2629,2725 2674,2725 2719,2722 2764,2722 2808,2716 2853,2713 2898,2710 2943,2707 2988,2704 3032,2704 3077,2704"/>
                <TextEquiv>
                    <Unicode>Mutter: Also adieu,Herr poktor Abend-</Unicode>
                </TextEquiv>
            </TextLine>
            <TextLine id="tr_2_tl_5" custom="readingOrder {index:4;}">
                <Coords points="1132,2982 2143,2972 2934,2869 3061,2919 3068,2765 1137,2879"/>
                <Baseline points="1149,2946 1191,2946 1235,2943 1280,2937 1325,2937 1370,2934 1414,2934 1459,2931 1504,2928 1549,2928 1594,2925 1638,2922 1683,2919 1728,2916 1773,2916 1817,2913 1862,2913 1907,2910 1952,2907 1997,2904 2041,2904 2086,2901 2131,2898 2176,2898 2220,2895 2265,2892 2310,2889 2355,2886 2400,2883 2444,2880 2489,2880 2534,2877 2579,2877 2623,2874 2668,2874 2713,2871 2758,2868 2802,2868 2847,2862 2892,2862 2937,2859 2982,2856 3026,2856 3071,2853"/>
                <TextEquiv>
                    <Unicode>stern, hoffentlich hab ich bald wieder</Unicode>
                </TextEquiv>
            </TextLine>
            <TextLine id="tr_2_tl_6" custom="readingOrder {index:5;}">
                <Coords points="1137,3144 2740,3094 2975,3018 2977,2950 1595,2957 1340,3038 1142,3020"/>
                <Baseline points="1155,3098 1191,3098 1235,3095 1280,3092 1325,3092 1370,3089 1414,3089 1459,3086 1504,3086 1549,3083 1594,3083 1638,3080 1683,3077 1728,3074 1773,3071 1817,3071 1862,3068 1907,3071 1952,3068 1997,3065 2041,3062 2086,3056 2131,3056 2176,3050 2220,3047 2265,3044 2310,3041 2355,3041 2400,3038 2444,3038 2489,3035 2534,3032 2579,3029 2623,3029 2668,3029 2713,3026 2758,3026 2802,3023 2847,3017 2892,3017 2937,3014 2982,3011"/>
                <TextEquiv>
                    <Unicode>das Vergnügen. (Zu Fliederbusch) Wir</Unicode>
                </TextEquiv>
            </TextLine>
            <TextLine id="tr_2_tl_7" custom="readingOrder {index:6;}">
                <Coords points="1147,3301 1903,3218 2123,3266 2265,3200 2505,3228 2611,3205 2616,3094 2351,3147 2191,3096 1989,3159 1880,3121 1714,3175 1456,3134 1155,3177"/>
                <Baseline points="1164,3253 1185,3250 1229,3250 1274,3244 1319,3241 1364,3238 1408,3238 1453,3238 1498,3235 1543,3232 1588,3229 1632,3229 1677,3229 1722,3223 1767,3220 1811,3220 1856,3220 1901,3217 1946,3214 1991,3211 2035,3211 2080,3208 2125,3205 2170,3202 2214,3200 2259,3197 2304,3197 2349,3194 2394,3191 2438,3188 2483,3188 2528,3185 2573,3185 2617,3182"/>
                <TextEquiv>
                    <Unicode>haben uns sehr angefreundet.</Unicode>
                </TextEquiv>
            </TextLine>
            <TextLine id="tr_2_tl_8" custom="readingOrder {index:7;}">
                <Coords points="1147,3407 3015,3344 3053,3225 1602,3331 1228,3301 1150,3351"/>
                <Baseline points="1161,3405 1176,3405 1220,3402 1265,3400 1310,3400 1355,3397 1400,3397 1444,3394 1489,3391 1534,3388 1579,3385 1623,3385 1668,3382 1713,3382 1758,3382 1802,3379 1847,3373 1892,3370 1937,3367 1982,3367 2026,3367 2071,3367 2116,3364 2161,3361 2205,3355 2250,3352 2295,3352 2340,3352 2385,3349 2429,3349 2474,3343 2519,3343 2564,3340 2608,3340 2653,3337 2698,3334 2743,3334 2788,3331 2832,3328 2877,3325 2922,3322 2967,3319 3011,3319 3056,3316"/>
                <TextEquiv>
                    <Unicode>Abendstern: Guten Abend,gnädige Frau</Unicode>
                </TextEquiv>
            </TextLine>
            <TextLine id="tr_2_tl_9" custom="readingOrder {index:8;}">
                <Coords points="1160,3604 3061,3498 3162,3478 3167,3367 1165,3473"/>
                <Baseline points="1176,3561 1197,3558 1241,3555 1286,3555 1331,3549 1376,3549 1420,3546 1465,3543 1510,3543 1555,3543 1600,3540 1644,3537 1689,3537 1734,3531 1779,3531 1823,3528 1868,3525 1913,3522 1958,3522 2002,3519 2047,3519 2092,3513 2137,3510 2182,3507 2226,3504 2271,3504 2316,3504 2361,3498 2405,3498 2450,3498 2495,3495 2540,3495 2585,3492 2629,3492 2674,3492 2719,3486 2764,3483 2808,3480 2853,3480 2898,3477 2943,3474 2988,3471 3032,3471 3077,3468 3122,3465 3167,3468"/>
                <TextEquiv>
                    <Unicode>und ich lass auch die Tante Resi schön</Unicode>
                </TextEquiv>
            </TextLine>
            <TextLine id="tr_2_tl_10" custom="readingOrder {index:9;}">
                <Coords points="1160,3758 1183,3763 1211,3738 1271,3756 1365,3720 1489,3738 1559,3710 1582,3733 1602,3728 1607,3627 1532,3614 1496,3642 1415,3642 1390,3619 1340,3637 1297,3622 1254,3637 1196,3602 1168,3609"/>
                <Baseline points="1176,3722 1208,3716 1253,3710 1298,3707 1343,3701 1388,3698 1432,3695 1477,3695 1522,3695 1567,3695 1611,3698"/>
                <TextEquiv>
                    <Unicode>grüssen.</Unicode>
                </TextEquiv>
            </TextLine>
        </TextRegion>
    </Page>
</PcGts>
