3352 3992
419 436 2871 641 Einer ist Mitarbeiter bei zwei feindlichen Bl채ttern.
409 624 2881 859 Er schreibt Artikel gegen sich, wird nach und nach so
429 805 1989 1016 scharf, dass er sich fordern muss.
413 959 1804 1204 Wie seine Freunde ihn hetzen.
406 1124 2928 1372 Er wird gut bezahlt von der Regierung, ist aber selbst
426 1352 2747 1523 ganz anderer Ansicht und kann sein Gewissen nicht
426 1492 3122 1720 anders beruhigen, als indem er gegen sich selbst schreibt.
453 1714 2981 1935 (Sp채testens 1905 geschrieben, von Frl.Gr체nwald, die seit
419 1932 2083 2120 1906 nicht mehr f체r mich arbeitet.!
