3352 4024
2848 241 2979 476 11
470 431 1677 662 Sache in Ordnung bringen.
486 620 2953 861 4.Bei der Baronin. Er weiss absolut nicht, was er tun
496 865 760 1047 soll.
502 969 2923 1227 Hier müsste ein Gespräch zwischen ihm und irgend ei-
499 1171 3034 1383 ner andern, aber wesentlichen Person stat tfinden, in der
515 1344 3005 1563 die Figur Ficks erklärt wird. Er stammt aus armen Ver
509 1524 2933 1745 hältnissen, ist überzeugter Sozialist, hat dabei eine
515 1677 3047 1889 brennende Sehnsucht nach dem Leben der höheren Kreise,
519 1882 3067 2081 Verehrung für Aristokrat en,ohne eigentlich ein Snob zu
532 2046 2988 2294 sein. So hat er auf irgend eine Art den Weg zu jenem
529 2241 3060 2444 Adelst hatt gefunden,wodurch er in höhere Kreise kommt.
542 2408 2992 2607 Aber um sein eigenes Gewissen zu beruhigen,greift er
538 2568 2956 2816 seinen Doppelgänger, der er selbst ist und dessen er
538 2783 3139 2988 sich schämt, den Mitarbeiter der „Eleganz“ in dem sozial-
548 2943 3080 3165 demokratischen glatt aufs Heftigste an. Den Streit der
545 3106 3168 3328 zwei Seelen in seiner Brust objektiviert er nach aussen.
548 3292 3090 3517 Daran hat er natürlich nie gedacht, dass er sich einmal
548 3488 2153 3674 mit sich selber duellieren müsste.
