3304 3992
2663 287 2785 435 79
332 454 2811 663 Schromm: Man sagte mir, das Subjekt würde um 12 in der
338 673 2048 898 Redaktion des „Tagewerk“ erscheinen.
345 866 808 1053 Funk: Hrn.
357 998 2863 1182 Egon! Wir warten. Und wenn Sie uns noch ein paar Minu-
364 1166 2789 1417 ten warten lassen, so werde ich lebhaft bedauern, dass
348 1388 2367 1575 mein Vater, ohne sich näher zu informieren -
357 1562 2869 1729 Funk: Oho! Um 12 Uhr sagten Sie? Es ist ½. Bitte bege-
364 1710 2866 1880 ben Sie sich in die Redaktion des „Tagewerk" und über-
364 1871 2950 2122 bringen Sie Herrn Funk meine Forderung. Pistolen selbst
374 2090 1008 2286 verständlich.
374 2244 1433 2450 Egon: So ist es recht.
377 2418 2489 2608 Schromm: Geben Sie dem Kerl einen Denkzettel.
380 2628 1620 2824 Funk: Ich werde ihn töten.
409 2772 2106 2978 Egon: Ioh hielte Säbel für richtiger.
402 2914 2750 3127 Schromm: Glauben Sie denn, dass ein Mitarbeiter des
448 3120 1542 3333 . Tagewerk" fechten kann?
409 3288 2908 3468 Egon! Auch nicht schiessen. Und wir sind die Sekundan-
422 3545 638 3742 ten.
