3576 4200
2809 315 3010 537 216
1009 519 3013 786 Obendorfer: Ah was Sohnespflichten. So
1009 717 2539 892 was überlegt man sich früher.
1014 839 3066 1072 Abendstern: Im übrigen bin ich nach wie
1019 1078 1562 1213 vor bereit
1027 1186 3156 1419 Fliederbusch: Verzeihung,meine Herren, ich
1033 1318 3145 1512 schlage mich nicht. Wenn es Herrn Fink be-
1038 1446 3074 1700 liebt, so soll er mich klagen, dies bitte
1035 1660 3050 1853 ich seinen Sekundanten in meinem Namen
1046 1784 3050 2017 kundzutun, im übrigen bin ich zu meinem
1040 1954 3095 2115 Bedauern leider nicht in der Lage - Sie
1040 2097 3087 2317 müssen mich entschuldigen, meine Herren,
2767 2192 3037 2295 nimmt
1054 2272 3095 2409 ein unaufschiebbares geschäft- (er xxx
1059 2372 3047 2571 seinen Geberzieher, den er beim Herein-
1054 2571 2952 2724 kommen über einen Sessel gelegt hat)
1064 2671 3084 2865 Obendorfer: Unauf schiebbares Geschäft -
1064 2833 3061 3113 Fliederbusch: Ja,meine Herren, ich muss
1070 3058 2184 3198 Sie leider verlassen.
1078 3121 3196 3402 Obendorfer: Oha, main lieber Fliederbusch.
1080 3328 2978 3526 was fall Ihnen denn eigentlich ein?
1080 3455 3129 3704 Fliederbusch, Nichts weiter, als was ich
1088 3616 3211 3955 Ihnen eben gesagt habe. Aber das dürfte ja
