3304 3976
2671 229 2815 405 85
452 395 2913 628 nicht da? Dass er knrift, glaub ich nicht. Ich hab in-
458 590 2985 756 dessen seine Wohnung in Erfahrung gebracht. Rögergasse
452 800 2932 948 17. Janohl.- Er soll um 6 Uhr Abends zu Hau sein, sagt
449 920 2844 1152 man mir. Ja, natürlich erwarte ich Sie.- Ich besitze
452 1158 2847 1306 keine, ich vertraue Ihren Pistolen. Adieu, Danke für
458 1337 2831 1532 Ihre Bemühungen. Grtissen Sie den Egon. (läutet ab).
