3528 4232
2653 310 2843 489 170
942 440 2724 669 sche genommen.) Ich kann mir Leute
947 632 2783 814 denken, die auch in die stenographie
936 801 2645 975 zurecht kommen, (beginnt zu lesen)
934 949 2336 1113 Bub: (ins Nebenzimmer binks).
1332 1064 2232 1155 I macht is it unto me in the
926 1080 2776 1280 Mutter: Spät kommt Hans heut wieder
934 1267 2037 1441 von Gericht nachhaus.
934 1410 2737 1595 D.a.Fliederbusch. (über der Zeitung
923 1550 2828 1704 Hast du ihm sein Essen warmgestellt?
2271 1660 3033 1766 ant die feitz bemglit
934 1743 2895 1904 Mutter: (Geste:- ja längst) Ist was von
942 1896 1472 2068 Hans drin?
936 2034 2729 2206 D.a.Fliederbusch: Ein paar Zeilen.
929 2198 1941 2367 Mutter: Lass sehen.
934 2313 2765 2515 D.a.Fliederbusch: Kindesmord...
929 2513 3023 2656 schuldbare Krdda...Das weiss der Staats-
929 2645 2841 2786 anwalt nämlich immer ganz genau, wenn
931 2802 2232 2978 eine Krida schuldbar ist.
923 2981 2882 3140 Mutter: (mit der Zeitung) Wie schön er
926 3122 1381 3288 schreibt
942 3233 2843 3439 Bub: (herein mit Schulbüchern; auf den
929 3413 2625 3600 Tisch blickend) Darf ich noch -?
921 3553 2770 3725 Mutter: Lass das stehen, das ist für
923 3733 1199 3910 Hans.
