3400 4088
2432 264 2786 433 22xxb
2443 400 2615 567 241
804 550 2955 746 nur leider nicht zuhause ist. (schiebt ihn
793 714 1689 902 ins Nebenzimmer.)
795 790 2642 1027 Egon: Wo sind wir stehen geblieben?
795 991 2735 1198 Wöbl: Beim Rodeln.Herr Abend stern hat
795 1144 2838 1340 mir insinuiert, dass ich die Verhandlun-
820 1297 2789 1460 gen in die Länge zu ziehen trachte und
806 1435 2797 1634 ich muss selbstverständlich darauf be-
809 1621 2702 1806 stehen, dass vor allem ehe wir unsere
814 1751 2291 1939 Unterhandlungen fortsetzen -
817 1926 2811 2100 Obendorfer: Aber der moktor Abendstern
809 2081 2800 2236 hat es ja nicht so gemeint,nicht wahr9
839 2223 2906 2408 Wöbl: Ich muss darauf bestehen, dass Herr
828 2364 2710 2552 Abendstern selbst eine Erklärung ab-
842 2476 2882 2702 gibt, wie ich sie unter diesen Umständen
2040 2618 2628 2748 unterstell
1479 2639 1830 2743 bueckte.
828 2650 2296 2868 zu fordern nicht umhih kann.
833 2854 2299 2993 Obendorfer: Also,Abendstern.
836 2917 2953 3181 Abendstern: Es lag mir selbstverständl ich
844 3140 2953 3350 ferne dem Herrn Gegensekundanten mit mei-
844 3252 3037 3459 ner Bemerkung nennen konnten in volle
863 3402 3007 3650 Obendorfer: Herr Wöbl erklärt sich befrü-
858 3614 1713 3808 digt,nicht wahr?
