3336 4008
2650 301 2800 470 69
384 451 2938 733 6. Funk allein. Er greift sich an den Kopf. Mich sohwin-
387 714 1062 886 delt. Was tun?
394 829 2822 1075 Irgend ein kurzes Gesprächmit dem Redaktionsdiener.
397 1008 2803 1213 Dann sperrt er alles sorgfältig ab und telephoniert
397 1187 2806 1434 seiner Frau? Woher? Aus dem Gerichtssaal.- Ja packe
400 1408 2790 1565 nur ein,fahre ohne mich.- Du arbeitest, mein Schatz?
397 1546 2973 1795 Wievi ole Kapitel hast du schon übersetzt? Wer sagt, dass
406 1738 2886 1949 mein Artikel Aufsehen macht? zu scharf? Unannehmlich-
410 1904 2960 2154 keiten? Ich war noch zu mild. Ohrfeigen verdient dieser
413 2122 912 2259 Herr Funk.
426 2285 874 2435 Abläuten.
419 2451 2810 2675 Funk: Ohrfeigen, ja. (vor dem spiegel) Aber ein ent-
419 2627 2957 2778 zückender Kerl. Also was jetzt? Um acht Uhr Abend soll
435 2794 2979 2960 ich bei der Baronin sein. Besprechung des Gartenfestes.
442 2960 2787 3200 (Das müsste er natürlich schon im Gespräch mit dem
435 3197 1235 3398 Grafen erwähnen).
