3288 3960
2701 277 2835 430 77
398 430 1901 631 9. Egon - Funk - Schromm kommt.
395 643 2902 828 Schromm. Offizier in Ruhestand, über 50., Schuss im Bein,
389 825 2902 1000 Referent des Blattes für militärische Angelegenheiten.
411 978 2946 1188 armer Teufel. Er kommt aus der Redaktion des „Tagewerk
404 1207 1494 1319 Funk peinlich erstaunt.
414 1360 2322 1510 Egon! Sie haben glücklicherweise Freunde.
414 1573 2933 1704 Schromm: Die Herren haben natürlich anfangs retirieren
414 1714 2914 1924 wollen. Ich verlangte den Namen des Verfassers zu wis-
417 1901 624 2070 sen.
411 2054 2382 2230 Funk: Man hat ihn natürlich nicht genannt?
411 2274 2965 2430 Schromm: Man hat ihn nicht genannt. Ich fragte nach den
414 2430 2796 2577 verantwortlichen Redakteur. Das betreffende Subjekt
417 2640 2902 2745 erschien. Ich fragte ihn, ob er geneigt sei die Verant-
420 2768 2902 2917 wortung für den Artikel zu übernehmen, in dem unser ge-
420 2968 2892 3153 schätzter Freund Funk ein alberner Snob genannt wird.
414 3131 2933 3274 Es war noch ein Herr da, der für ihn antwortete: Ja. Der
414 3319 2873 3507 verantwortliche Redakteur setzte sich zur Wehre. Ich
