3368 4040
2735 244 2846 440 51
478 434 1093 599 (23.11.1913.)
463 507 2177 767 6. Kohnberger, Adele Loser tritt ein,
491 662 2950 925 Vielleicht ist zu Anfang der Szene Kajetan noch hier.
276 754 371 992 0
488 916 2868 1122 Kurze Bemerkungen über das Gartenfest und das Fest-
497 1014 2979 1277 spiel, das Kajetan und Edele Loser zusammen schreiben?
504 1210 2912 1480 Ueber die Baronin. Merkwürdige Frau. Adele verkehrt
523 1458 1157 1651 auch bei ihr.
526 1540 2960 1809 Adele bittet um eine Gefälligkeit. In einem Berliner
526 1752 2979 2022 Cabaret wurde ein Lied von ihr gesungen; sie wünscht
539 1974 3001 2161 eine Notiz darüber. (das gefallene Mädchen-Lied.) Sie
532 2123 3083 2367 zitiert Berichte aus Berliner Blättern. Eigentlich ist
555 2320 1980 2567 sie Gegnerin der Emanpipation.
558 2529 3083 2728 Adele: Das müssen Sie doch auseinanderhalten. Ich habe
564 2662 3017 2909 von meiner Loge aus erklärt, dass ich mich mit meinen
567 2861 3017 3061 Couplets nicht identifiziere, ja, dass ich es als Dame
586 3109 1350 3305 schandbar finde.
580 3242 2979 3473 Sie ist sehr viel beschäftigt, Kunstwanderungen, Five
596 3419 2947 3616 o'olook Teas, jetzt das Stück mit Kajetan. -Ich hab
