3352 4072
2592 234 2901 486 242 et
460 367 564 625 1
836 408 2826 648 Wöbl: um die Verhandlungen nicht weiter
824 605 2872 769 in die Länge zu ziehen erkläre ich mich
816 743 2748 926 befriedigt, doch behalte ich mir vor,-
801 900 2725 1062 Abendstern: Auch ich behalte mir vor
813 1041 2843 1232 Obendorfer: Gut.Aber jetzt sprechen wir
807 1212 2852 1368 von den Badingungen des Duells zwischen
795 1336 3121 1536 unseren Mandanton. Der früherfall ist erledigt
795 1501 2878 1663 Egon: Ganz recht. Erlauben sie mir, meine
781 1681 2780 1819 Herren, bei dieser Gelegenheit eine Be¬
2531 1793 2621 1897 b
2647 1785 2890 1929 a parit
769 1788 2826 1973 merkung allgemeiner Natur. Das allen ist
784 1987 2771 2146 es bekannt, dass gerade die sogenannten
778 2112 2866 2288 Journalistenduelle sich in den weitesten
764 2285 2866 2459 Kreisen eines leider nicht ganz ungereht
761 2372 1469 2467 zweifelhaften
767 2427 2062 2589 fertigten Rufes erfreuen,
