<?xml version="1.0" encoding="UTF-8" standalone="yes"?>
<PcGts xmlns="http://schema.primaresearch.org/PAGE/gts/pagecontent/2013-07-15" xmlns:xsi="http://www.w3.org/2001/XMLSchema-instance" xsi:schemaLocation="http://schema.primaresearch.org/PAGE/gts/pagecontent/2013-07-15 http://schema.primaresearch.org/PAGE/gts/pagecontent/2013-07-15/pagecontent.xsd">
    <Metadata>
        <Creator>prov=READ-COOP:name=TrHtr:version=2.1.0:model_id=51170:date=01_08_2023_06:25</Creator>
        <Created>2023-05-10T13:29:24.658+02:00</Created>
        <LastChange>2023-08-01T06:25:40.940+02:00</LastChange>
        <TranskribusMetadata docId="1428579" pageId="55412394" pageNr="59" tsid="131652046" status="IN_PROGRESS" userId="64420" imgUrl="https://files.transkribus.eu/Get?id=MOYFONHEXCRIFDAFUZYSBMTW&amp;fileType=view" xmlUrl="https://files.transkribus.eu/Get?id=HLGRNLPDHAKFPCKXEWLRLRUC" imageId="44686535"/>
    </Metadata>
    <Page imageFilename="1428579_0059.jpg" imageWidth="3352" imageHeight="4040">
        <ReadingOrder>
            <OrderedGroup id="ro_1711791694314" caption="Regions reading order">
                <RegionRefIndexed index="0" regionRef="tr_2"/>
                <RegionRefIndexed index="1" regionRef="tr_1"/>
            </OrderedGroup>
        </ReadingOrder>
        <TextRegion id="tr_2" custom="readingOrder {index:0;}">
            <Coords points="2756,349 2873,349 2873,418 2756,418"/>
            <TextLine id="tr_2_tl_1" custom="readingOrder {index:0;}">
                <Coords points="2734,437 2756,437 2772,453 2778,447 2785,453 2814,447 2830,459 2861,466 2871,293 2833,287 2820,278 2804,284 2791,278 2775,284 2743,281"/>
                <Baseline points="2756,405 2783,408 2828,405 2873,399"/>
                <TextEquiv>
                    <Unicode>58</Unicode>
                </TextEquiv>
            </TextLine>
        </TextRegion>
        <TextRegion id="tr_1" custom="readingOrder {index:1;}">
            <Coords points="495,543 3088,543 3088,2444 495,2444"/>
            <TextLine id="tr_1_tl_1" custom="readingOrder {index:0;}">
                <Coords points="478,699 2415,664 2727,616 2734,443 2188,440 1754,571 1528,501 482,584"/>
                <Baseline points="495,662 540,662 584,662 629,662 674,662 719,659 763,656 808,653 853,653 898,653 942,650 987,647 1032,650 1077,650 1121,644 1166,644 1211,644 1256,644 1300,638 1345,635 1390,635 1435,635 1479,632 1524,629 1569,626 1614,626 1658,626 1703,623 1748,623 1793,620 1837,620 1882,620 1927,617 1972,614 2017,614 2061,611 2106,611 2151,611 2196,608 2240,608 2285,605 2330,602 2375,599 2419,599 2464,596 2509,596 2554,596 2598,596 2643,593 2688,596 2733,599"/>
                <TextEquiv>
                    <Unicode>11. Die Vorigen und Markus mit einem Manuscript.</Unicode>
                </TextEquiv>
            </TextLine>
            <TextLine id="tr_1_tl_2" custom="readingOrder {index:1;}">
                <Coords points="482,868 731,858 849,925 1250,820 1420,896 1691,820 2227,871 2233,676 488,759"/>
                <Baseline points="501,838 537,838 581,835 626,835 671,835 716,835 760,832 805,832 850,832 895,826 939,829 984,829 1029,829 1074,826 1118,823 1163,820 1208,820 1253,817 1297,817 1342,814 1387,817 1432,811 1476,811 1521,808 1566,808 1611,805 1655,805 1700,805 1745,802 1790,802 1835,799 1879,799 1924,799 1969,799 2014,793 2058,790 2103,790 2148,787 2193,784 2237,778"/>
                <TextEquiv>
                    <Unicode>Markus: Wer hat mir das hineingelegt?</Unicode>
                </TextEquiv>
            </TextLine>
            <TextLine id="tr_1_tl_3" custom="readingOrder {index:2;}">
                <Coords points="491,1069 676,1050 711,1024 740,1050 791,1037 871,1062 998,1030 1002,884 957,884 890,925 871,909 810,922 766,951 686,912 667,922 622,877 587,890 494,855"/>
                <Baseline points="510,1017 554,1014 599,1014 644,1017 689,1017 734,1017 778,1014 823,1014 868,1011 913,1011 957,1008 1002,1011"/>
                <TextEquiv>
                    <Unicode>Fink: Ioh.</Unicode>
                </TextEquiv>
            </TextLine>
            <TextLine id="tr_1_tl_4" custom="readingOrder {index:3;}">
                <Coords points="501,1228 619,1263 676,1222 995,1219 1101,1180 1499,1203 1601,1190 1605,1091 1522,1113 1442,1075 1353,1120 1247,1078 1161,1110 1104,1065 638,1110 504,1065"/>
                <Baseline points="519,1196 534,1196 578,1193 623,1193 668,1193 713,1190 757,1187 802,1187 847,1184 892,1184 936,1181 981,1181 1026,1178 1071,1178 1115,1178 1160,1172 1205,1172 1250,1166 1294,1166 1339,1169 1384,1166 1429,1166 1473,1166 1518,1163 1563,1166 1608,1169"/>
                <TextEquiv>
                    <Unicode>Angemessenes Erstaunen.</Unicode>
                </TextEquiv>
            </TextLine>
            <TextLine id="tr_1_tl_5" custom="readingOrder {index:4;}">
                <Coords points="501,1416 2804,1349 2903,1314 2906,1180 504,1282"/>
                <Baseline points="519,1369 540,1366 584,1366 629,1369 674,1366 719,1366 763,1363 808,1363 853,1363 898,1360 942,1360 987,1357 1032,1357 1077,1357 1121,1354 1166,1354 1211,1351 1256,1351 1300,1345 1345,1345 1390,1345 1435,1345 1479,1342 1524,1342 1569,1339 1614,1339 1658,1336 1703,1333 1748,1333 1793,1330 1837,1330 1882,1330 1927,1327 1972,1324 2017,1321 2061,1321 2106,1318 2151,1315 2196,1315 2240,1315 2285,1312 2330,1312 2375,1309 2419,1309 2464,1309 2509,1306 2554,1309 2598,1306 2643,1303 2688,1303 2733,1300 2777,1303 2822,1300 2867,1297 2912,1297"/>
                <TextEquiv>
                    <Unicode>Markus: Der Artikel kommt an zweite Stelle. Ebsten</Unicode>
                </TextEquiv>
            </TextLine>
            <TextLine id="tr_1_tl_6" custom="readingOrder {index:5;}">
                <Coords points="520,1601 2498,1547 2747,1499 2750,1384 523,1464"/>
                <Baseline points="537,1560 560,1557 605,1548 650,1548 695,1548 739,1548 784,1545 829,1542 874,1539 918,1536 963,1539 1008,1536 1053,1536 1098,1533 1142,1533 1187,1530 1232,1527 1277,1527 1321,1524 1366,1524 1411,1521 1456,1518 1500,1518 1545,1518 1590,1518 1635,1518 1679,1515 1724,1512 1769,1512 1814,1512 1858,1509 1903,1506 1948,1506 1993,1509 2037,1506 2082,1506 2127,1500 2172,1503 2216,1497 2261,1497 2306,1494 2351,1494 2395,1494 2440,1488 2485,1488 2530,1485 2574,1485 2619,1482 2664,1479 2709,1482 2754,1482"/>
                <TextEquiv>
                    <Unicode>ganz hinaus. Es ist ein Artikel gegen Niederhof.</Unicode>
                </TextEquiv>
            </TextLine>
            <TextLine id="tr_1_tl_7" custom="readingOrder {index:6;}">
                <Coords points="520,1761 2507,1713 2574,1566 523,1633"/>
                <Baseline points="540,1724 566,1721 611,1721 656,1721 701,1721 745,1721 790,1715 835,1712 880,1712 924,1709 969,1706 1014,1703 1059,1703 1103,1703 1148,1703 1193,1700 1238,1700 1283,1700 1327,1700 1372,1700 1417,1697 1462,1697 1506,1694 1551,1691 1596,1691 1641,1691 1685,1685 1730,1682 1775,1685 1820,1682 1864,1682 1909,1679 1954,1679 1999,1676 2043,1673 2088,1670 2133,1667 2178,1667 2222,1667 2267,1664 2312,1664 2357,1664 2401,1664 2446,1661 2491,1661 2536,1661 2580,1664"/>
                <TextEquiv>
                    <Unicode>Voll: Dessen Name nicht genannt werden darf.</Unicode>
                </TextEquiv>
            </TextLine>
            <TextLine id="tr_1_tl_8" custom="readingOrder {index:7;}">
                <Coords points="517,1946 3015,1879 3085,1745 523,1825"/>
                <Baseline points="537,1903 581,1903 626,1900 671,1900 716,1900 760,1897 805,1897 850,1894 895,1894 939,1891 984,1891 1029,1891 1074,1891 1118,1888 1163,1885 1208,1885 1253,1885 1297,1882 1342,1882 1387,1879 1432,1879 1476,1876 1521,1876 1566,1873 1611,1870 1655,1870 1700,1867 1745,1864 1790,1864 1835,1864 1879,1861 1924,1858 1969,1855 2014,1855 2058,1852 2103,1852 2148,1849 2193,1849 2237,1849 2282,1846 2327,1846 2372,1843 2416,1843 2461,1840 2506,1843 2551,1840 2595,1840 2640,1837 2685,1837 2730,1837 2774,1832 2819,1832 2864,1832 2909,1829 2953,1829 2998,1826 3043,1826 3088,1823"/>
                <TextEquiv>
                    <Unicode>Markus: Der Artikel ist ausgezeichnet. Der junge Mensch</Unicode>
                </TextEquiv>
            </TextLine>
            <TextLine id="tr_1_tl_9" custom="readingOrder {index:8;}">
                <Coords points="526,2137 2839,2074 3062,2048 3069,1920 533,2000"/>
                <Baseline points="546,2082 566,2082 611,2079 656,2079 701,2076 745,2079 790,2076 835,2073 880,2073 924,2070 969,2070 1014,2067 1059,2067 1103,2061 1148,2064 1193,2064 1238,2064 1283,2064 1327,2061 1372,2058 1417,2055 1462,2052 1506,2052 1551,2049 1596,2049 1641,2046 1685,2046 1730,2043 1775,2043 1820,2043 1864,2040 1909,2040 1954,2037 1999,2034 2043,2037 2088,2034 2133,2031 2178,2028 2222,2028 2267,2025 2312,2022 2357,2022 2401,2020 2446,2020 2491,2020 2536,2017 2580,2017 2625,2017 2670,2017 2715,2014 2759,2014 2804,2011 2849,2008 2894,2008 2938,2008 2983,2011 3028,2014 3073,2020"/>
                <TextEquiv>
                    <Unicode>kann schreiben. Und mehr als das, er hat Weltanschauung.</Unicode>
                </TextEquiv>
            </TextLine>
            <TextLine id="tr_1_tl_10" custom="readingOrder {index:9;}">
                <Coords points="539,2297 849,2265 1040,2313 1585,2239 1917,2300 1987,2262 1994,2112 1375,2188 1206,2112 1078,2172 542,2156"/>
                <Baseline points="557,2261 566,2261 611,2258 656,2258 701,2258 745,2258 790,2258 835,2252 880,2252 924,2252 969,2249 1014,2246 1059,2243 1103,2240 1148,2243 1193,2240 1238,2240 1283,2240 1327,2237 1372,2237 1417,2234 1462,2234 1506,2234 1551,2231 1596,2225 1641,2228 1685,2222 1730,2222 1775,2219 1820,2219 1864,2219 1909,2216 1954,2213 1999,2213"/>
                <TextEquiv>
                    <Unicode>Wer sind Sie? Woher kommen Sie?</Unicode>
                </TextEquiv>
            </TextLine>
            <TextLine id="tr_1_tl_11" custom="readingOrder {index:10;}">
                <Coords points="549,2463 1050,2498 1321,2418 1786,2472 2026,2408 2214,2479 2329,2444 2332,2281 1598,2255 1078,2357 555,2332"/>
                <Baseline points="569,2434 590,2434 635,2434 680,2434 725,2434 769,2434 814,2431 859,2431 904,2428 948,2428 993,2425 1038,2425 1083,2425 1127,2422 1172,2422 1217,2419 1262,2416 1306,2416 1351,2413 1396,2413 1441,2410 1485,2410 1530,2410 1575,2407 1620,2407 1664,2404 1709,2404 1754,2401 1799,2401 1843,2398 1888,2398 1933,2395 1978,2392 2022,2392 2067,2392 2112,2389 2157,2389 2202,2389 2246,2387 2291,2387 2336,2389"/>
                <TextEquiv>
                    <Unicode>Er nimmt ihn mit sich in sein Bureau.</Unicode>
                </TextEquiv>
            </TextLine>
        </TextRegion>
    </Page>
</PcGts>
