3432 4120
2663 277 2909 446 275a
867 469 2926 689 Fliederbusch: Herr Graf sind nach Ihrem
864 603 2906 795 Morgenritt sehr gut gelaunt. (Natürlich.)
875 761 2972 972 Herr Graf scherzen.. Obwohl dieser Augen-
872 938 3012 1135 blick zu Scherzen -) (sich rasch unterbre
887 1067 2937 1318 chend) Nein,Herr Graf, niemals werde ich
889 1221 3077 1433 von Ihnen glauben, dass Sie eine politische
895 1419 2946 1584 Carrière eingeschlagen haben, ohne eine
884 1539 2977 1750 ganz ausgesprochene politische Ueberzeu-
909 1733 2906 1922 gung. Ich begreife ja zur Not, dass man
915 1865 2943 2082 seine Ueberzeugung gelegentlich ändert.
2348 1956 2666 2056 haben.
1264 2013 1496 2105 muss
912 2002 2909 2191 Aber man hoet doch irgend eine in jedem
915 2182 2168 2362 Stedium seiner Existenz.
924 2334 2966 2540 Graf: Das ist ein Vorurteil, mein lieber
921 2445 2974 2660 Herr Fink, man muss nicht und die gresse
2657 2534 3177 2688 Überzeugnen
1481 2623 1639 2708 ter
924 2648 2974 2814 Mehrzahl aller Menachen, die eine zu ha-
932 2771 2857 2969 ben glauben, die bilden sich das wahr.
950 2914 2932 3163 scheinlich oder nur ein. Man hat Sympathien,
958 3086 3258 3298 Antipathien, man hat Beziehungen,man hat
955 3209 2299 3349 nach einer bestimmte Richts jenemal
958 3235 3100 3441 Ehrgeiz. Daraus und aus mancherlei anderem
2016 3286 3269 3463 eine nicht sehr reinliche Wochen
583 3340 887 3458 emer
967 3415 3052 3606 entwickelt sich dann etwas, was man viel-
970 3538 2989 3795 leicht Parteizugehörigkeit nennen kann.
