3464 4168
2710 266 2905 419 179
813 391 2916 719 gekommen,wir haben vielleicht vohor-pri-
824 552 3106 895 vat noch einiges zu besprechen, eh die andern Sie
830 756 2823 1045 Fliederbusch: Sehr freundlich. Erlaube,
838 929 2726 1203 liebe Mutter, das ist der Herr Doktor
844 1093 2939 1362 Abendstern, von dem ich dir schon oft ge-
855 1314 1602 1520 sprochen habe.
861 1387 2995 1670 Abendstern: Es freut mich sehr die Mutter
881 1518 2928 1792 eines liebenswürdigen und begabten jun¬
878 1789 1602 1973 gen Kollegen.
883 1843 2894 2140 Mutter: Wollen Sie nicht Platz nehmen,
903 2070 1566 2271 Herr Doktor?
