3304 3976
2631 244 2761 443 87
383 469 2422 630 Baronin! Darüber wird sich ja reden lassen.
412 659 2957 864 Funk: Man möchte einmal etwas erleben, etwas Herrliches,
415 823 1270 1032 ehe man dahingeht.
399 991 2853 1244 Baronin: Sie haben eine Ahnung, dass es schlimm ausge-
402 1203 849 1403 then wird?
408 1368 2897 1555 Funk: Was tut's, wenn man nur einmal glücklich gewesen
405 1545 674 1722 wäre.
396 1703 2185 1916 Baronin: Sie reden ja wie ein Dichter.
405 1900 2334 2077 Funk: Auch davon hab ich einmal geträumt.
393 2093 2755 2232 Baronin: Es gibt schon Träume, die Wahrheit werden.
399 2254 1251 2454 Funk: Mein Traun -
396 2391 2755 2669 Baronin: Also,wie sehen uns ja heute Abend bei der
399 2609 1054 2761 Comitesitzung.
393 2736 2552 2973 Funk: Darf man fragen, ob viele Leute da sind?
386 2935 2764 3116 Baronin! No ja, es wären eigentlich sieben, aber ich
402 3125 2235 3293 denk, ich werde den andern fünf absagen.
383 3315 1814 3477 Funk! Baronin! (ihr zu Füssen)
386 3448 2226 3717 Baronin: Aber was fallt Ihnen denn ein.
