3304 4104
2462 198 2648 326 278
915 268 2849 519 oder ihn zu verwunden oder eine wenigstens
915 454 2738 634 durch eine feindselige Geste Ihrem
1234 589 2919 710 abgeregten. wie man jetzt sagt.
316 622 903 843 la rince
908 670 2751 848 Zorns zu entlasten. Ist es nicht so?
908 802 2116 1008 Fliederbusch: Ungefähr.
918 950 2859 1138 Graf: Nun sehen sie, so wie Sie binnen
913 1118 2929 1251 kurzem Ihrem Gegner Fliederbusch gegen
918 1294 2889 1434 überstehen werden, so bin ich vor einer
915 1409 2896 1555 Reihe von Jahren dem Baron Napador ge¬
940 1575 2916 1730 genübergestahden. Das Duell war nach den
930 1740 2904 1883 in unseren Kreisen bestehenden Satzun
930 1868 2864 2079 gen, wie man so sagt, unvermeidlich ge-
933 2026 2803 2179 wesen. Aber ich kann Ihnen schwören,
935 2171 2803 2355 dass ich den Baron Napador nicht ge-
925 2299 2866 2497 hasst habe und dass es mir aufrichtig
935 2477 2919 2653 und der unglückliche Ausgang mich
1018 2605 1562 2726 in ahrtefft
1703 2615 1983 2716 adhitt
933 2643 2846 2806 aufs tiefste geschmenst hat Gleich da-
933 2796 2871 2976 mals. Und trotzdem - ich kann es nicht
943 2949 2826 3139 läugnen- habe ich damals, als ich
930 3104 2946 3272 ihn auf fünfundzwanzig Schritte Distanz
930 3292 2811 3460 mitten in die Stirn getroffen hatte,
935 3435 2941 3613 irgendwo in meinem Herzem eine Art von
930 3556 2109 3779 Befriedigung verspürt.
935 3766 1444 3929 - - -  -    —
