<?xml version="1.0" encoding="UTF-8" standalone="yes"?>
<PcGts xmlns="http://schema.primaresearch.org/PAGE/gts/pagecontent/2013-07-15" xmlns:xsi="http://www.w3.org/2001/XMLSchema-instance" xsi:schemaLocation="http://schema.primaresearch.org/PAGE/gts/pagecontent/2013-07-15 http://schema.primaresearch.org/PAGE/gts/pagecontent/2013-07-15/pagecontent.xsd">
    <Metadata>
        <Creator>prov=READ-COOP:name=TrHtr:version=2.1.0:model_id=51170:date=01_08_2023_06:25</Creator>
        <Created>2023-05-10T13:29:18.707+02:00</Created>
        <LastChange>2023-08-01T06:25:31.190+02:00</LastChange>
        <TranskribusMetadata docId="1428579" pageId="55412147" pageNr="22" tsid="131652009" status="IN_PROGRESS" userId="64420" imgUrl="https://files.transkribus.eu/Get?id=XZZBALTHNFWQQRESYKXQPMJM&amp;fileType=view" xmlUrl="https://files.transkribus.eu/Get?id=TSUSIOXSCLOWUGEHIOVBUEUI" imageId="44686289"/>
    </Metadata>
    <Page imageFilename="1428579_0022.jpg" imageWidth="3336" imageHeight="4008">
        <ReadingOrder>
            <OrderedGroup id="ro_1711791663036" caption="Regions reading order">
                <RegionRefIndexed index="0" regionRef="tr_1"/>
                <RegionRefIndexed index="1" regionRef="tr_2"/>
            </OrderedGroup>
        </ReadingOrder>
        <TextRegion id="tr_1" custom="readingOrder {index:0;}">
            <Coords points="480,338 3040,338 3040,1894 480,1894"/>
            <TextLine id="tr_1_tl_1" custom="readingOrder {index:0;}">
                <Coords points="2835,403 2857,403 2873,412 2879,406 2892,406 2914,415 2943,403 2959,406 2962,308 2930,301 2899,327 2895,323 2870,327 2854,342 2838,339"/>
                <Baseline points="2852,391 2873,391 2917,388 2962,388"/>
                <TextEquiv>
                    <Unicode>21</Unicode>
                </TextEquiv>
            </TextLine>
            <TextLine id="tr_1_tl_2" custom="readingOrder {index:1;}">
                <Coords points="463,669 2724,615 2829,603 2832,482 1335,466 466,555"/>
                <Baseline points="480,627 507,627 552,627 597,624 642,624 686,624 731,624 776,624 821,621 866,621 910,618 955,618 1000,618 1045,618 1090,615 1134,615 1179,615 1224,612 1269,612 1314,609 1358,606 1403,603 1448,603 1493,603 1538,600 1582,600 1627,600 1672,603 1717,603 1762,603 1806,600 1851,597 1896,597 1941,594 1986,597 2030,594 2075,591 2120,591 2165,591 2210,588 2254,588 2299,585 2344,582 2389,582 2434,579 2478,579 2523,576 2568,579 2613,579 2658,576 2702,573 2747,570 2792,570 2837,570"/>
                <TextEquiv>
                    <Unicode>kommt, eventuel 1 Kaffeehaus. Die jungen Leute, Ficks</Unicode>
                </TextEquiv>
            </TextLine>
            <TextLine id="tr_1_tl_3" custom="readingOrder {index:2;}">
                <Coords points="466,831 2851,828 3010,786 3013,666 1043,752 469,691"/>
                <Baseline points="483,812 510,812 555,806 600,806 645,806 689,806 734,806 779,806 824,803 869,800 913,797 958,800 1003,797 1048,797 1093,797 1137,794 1182,794 1227,791 1272,791 1317,788 1361,788 1406,785 1451,782 1496,785 1541,782 1585,782 1630,779 1675,779 1720,776 1765,776 1809,773 1854,773 1899,770 1944,770 1989,770 2033,770 2078,767 2123,764 2168,761 2213,764 2257,761 2302,758 2347,758 2392,758 2437,758 2481,758 2526,758 2571,755 2616,755 2661,752 2705,752 2750,752 2795,752 2840,749 2885,746 2929,746 2974,743 3019,743"/>
                <TextEquiv>
                    <Unicode>neuer kreis, halten es alle für selbstverständlich, dass</Unicode>
                </TextEquiv>
            </TextLine>
            <TextLine id="tr_1_tl_4" custom="readingOrder {index:3;}">
                <Coords points="495,999 2350,961 2512,1031 2949,948 2952,866 495,904"/>
                <Baseline points="513,985 537,985 582,985 627,985 671,982 716,985 761,985 806,982 851,982 895,979 940,979 985,976 1030,976 1075,976 1119,973 1164,973 1209,970 1254,970 1299,970 1343,970 1388,967 1433,967 1478,967 1523,964 1567,964 1612,964 1657,961 1702,958 1747,958 1791,955 1836,952 1881,952 1926,949 1971,952 2015,952 2060,949 2105,949 2150,949 2195,946 2239,943 2284,943 2329,943 2374,943 2419,940 2463,937 2508,937 2553,937 2598,934 2643,934 2687,931 2732,931 2777,931 2822,928 2867,922 2911,922 2956,919"/>
                <TextEquiv>
                    <Unicode>er sich den Artikel im „Tagewerk" nicht gefallen las-</Unicode>
                </TextEquiv>
            </TextLine>
            <TextLine id="tr_1_tl_5" custom="readingOrder {index:4;}">
                <Coords points="498,1205 2372,1196 2829,1138 2832,1018 501,1088"/>
                <Baseline points="516,1164 552,1164 597,1164 642,1164 686,1164 731,1164 776,1161 821,1161 866,1161 910,1161 955,1161 1000,1161 1045,1158 1090,1155 1134,1155 1179,1152 1224,1149 1269,1149 1314,1146 1358,1143 1403,1146 1448,1143 1493,1140 1538,1143 1582,1140 1627,1140 1672,1140 1717,1137 1762,1134 1806,1131 1851,1128 1896,1128 1941,1128 1986,1128 2030,1125 2075,1128 2120,1125 2165,1125 2210,1125 2254,1122 2299,1125 2344,1122 2389,1122 2434,1119 2478,1116 2523,1116 2568,1113 2613,1113 2658,1113 2702,1111 2747,1111 2792,1111 2837,1111"/>
                <TextEquiv>
                    <Unicode>sen kann. Er muss den Verfasser unbedingt for dern.</Unicode>
                </TextEquiv>
            </TextLine>
            <TextLine id="tr_1_tl_6" custom="readingOrder {index:5;}">
                <Coords points="485,1411 2860,1345 2867,1183 488,1291"/>
                <Baseline points="504,1343 540,1343 585,1343 630,1340 674,1340 719,1340 764,1340 809,1337 854,1337 898,1337 943,1337 988,1337 1033,1335 1078,1337 1122,1335 1167,1332 1212,1332 1257,1329 1302,1329 1346,1323 1391,1323 1436,1323 1481,1323 1526,1320 1570,1317 1615,1317 1660,1314 1705,1311 1750,1311 1794,1308 1839,1308 1884,1308 1929,1308 1974,1305 2018,1305 2063,1305 2108,1305 2153,1302 2198,1302 2242,1302 2287,1302 2332,1299 2377,1299 2422,1296 2466,1296 2511,1296 2556,1293 2601,1293 2646,1293 2690,1290 2735,1290 2780,1290 2825,1287 2870,1290"/>
                <TextEquiv>
                    <Unicode>Ob er denn gar nicht die versteckten Beleidigungen</Unicode>
                </TextEquiv>
            </TextLine>
            <TextLine id="tr_1_tl_7" custom="readingOrder {index:6;}">
                <Coords points="492,1563 2886,1535 3029,1497 3032,1367 492,1446"/>
                <Baseline points="510,1523 531,1526 576,1523 621,1520 666,1520 710,1517 755,1517 800,1517 845,1514 890,1514 934,1511 979,1511 1024,1511 1069,1511 1113,1508 1158,1508 1203,1508 1248,1508 1293,1508 1337,1508 1382,1505 1427,1502 1472,1502 1517,1499 1561,1499 1606,1496 1651,1496 1696,1493 1741,1490 1785,1490 1830,1487 1875,1490 1920,1487 1965,1487 2009,1487 2054,1487 2099,1487 2144,1484 2189,1484 2233,1484 2278,1481 2323,1478 2368,1478 2413,1478 2457,1475 2502,1472 2547,1472 2592,1472 2637,1469 2681,1469 2726,1466 2771,1466 2816,1466 2861,1463 2905,1463 2950,1463 2995,1460 3040,1463"/>
                <TextEquiv>
                    <Unicode>bemerkt habe? Fink will zuerst irgendwie aus der Sache</Unicode>
                </TextEquiv>
            </TextLine>
            <TextLine id="tr_1_tl_8" custom="readingOrder {index:7;}">
                <Coords points="501,1747 571,1744 587,1760 622,1732 634,1741 653,1725 675,1741 701,1722 733,1747 761,1735 774,1744 821,1709 863,1732 863,1627 748,1627 726,1643 650,1627 618,1640 580,1608 501,1598"/>
                <Baseline points="519,1702 558,1699 603,1699 648,1696 692,1693 737,1696 782,1696 827,1696 872,1699"/>
                <TextEquiv>
                    <Unicode>heraus.</Unicode>
                </TextEquiv>
            </TextLine>
            <TextLine id="tr_1_tl_9" custom="readingOrder {index:8;}">
                <Coords points="511,1900 2267,1852 2442,1919 2975,1852 3010,1766 907,1823 514,1747"/>
                <Baseline points="528,1881 549,1884 594,1881 639,1878 683,1875 728,1875 773,1872 818,1872 863,1872 907,1872 952,1872 997,1869 1042,1869 1087,1866 1131,1866 1176,1866 1221,1866 1266,1866 1311,1866 1355,1866 1400,1866 1445,1860 1490,1860 1535,1857 1579,1857 1624,1857 1669,1854 1714,1854 1759,1854 1803,1854 1848,1851 1893,1848 1938,1848 1983,1845 2027,1845 2072,1842 2117,1842 2162,1842 2207,1839 2251,1836 2296,1839 2341,1836 2386,1836 2431,1836 2475,1833 2520,1833 2565,1833 2610,1833 2655,1830 2699,1830 2744,1827 2789,1827 2834,1824 2879,1824 2923,1824 2968,1824 3013,1824"/>
                <TextEquiv>
                    <Unicode>Die Baronesse wird gemeldet, eine Dilettantin, die Fink</Unicode>
                </TextEquiv>
            </TextLine>
        </TextRegion>
        <TextRegion id="tr_2" custom="readingOrder {index:1;}">
            <Coords points="531,1948 3025,1948 3025,3133 531,3133"/>
            <TextLine id="tr_2_tl_1" custom="readingOrder {index:0;}">
                <Coords points="517,2099 2902,2071 2959,1941 517,1995"/>
                <Baseline points="534,2060 543,2060 588,2057 633,2057 677,2054 722,2054 767,2051 812,2051 857,2048 901,2048 946,2048 991,2045 1036,2048 1081,2045 1125,2045 1170,2045 1215,2042 1260,2039 1305,2039 1349,2039 1394,2039 1439,2039 1484,2036 1529,2036 1573,2033 1618,2033 1663,2030 1708,2030 1753,2027 1797,2027 1842,2027 1887,2027 1932,2027 1977,2021 2021,2024 2066,2021 2111,2021 2156,2021 2201,2021 2245,2018 2290,2018 2335,2018 2380,2015 2425,2015 2469,2012 2514,2012 2559,2009 2604,2009 2649,2009 2693,2012 2738,2009 2783,2006 2828,2004 2873,2004 2917,2001 2962,1998"/>
                <TextEquiv>
                    <Unicode>neulich kennen gelernt hat;nicht mehr ganz jung, aber</Unicode>
                </TextEquiv>
            </TextLine>
            <TextLine id="tr_2_tl_2" custom="readingOrder {index:1;}">
                <Coords points="517,2255 2765,2239 2987,2210 2990,2090 1871,2147 1418,2074 517,2188"/>
                <Baseline points="534,2236 576,2236 621,2236 666,2233 710,2233 755,2233 800,2233 845,2230 890,2230 934,2227 979,2230 1024,2227 1069,2225 1113,2225 1158,2225 1203,2225 1248,2225 1293,2222 1337,2219 1382,2219 1427,2216 1472,2216 1517,2216 1561,2213 1606,2213 1651,2213 1696,2210 1741,2210 1785,2210 1830,2210 1875,2207 1920,2204 1965,2204 2009,2204 2054,2201 2099,2201 2144,2201 2189,2198 2233,2201 2278,2201 2323,2198 2368,2195 2413,2195 2457,2195 2502,2189 2547,2189 2592,2186 2637,2186 2681,2186 2726,2183 2771,2183 2816,2183 2861,2180 2905,2180 2950,2177 2995,2177"/>
                <TextEquiv>
                    <Unicode>aus einem uralten Geschlecht. Sie bringt entweder Ge-</Unicode>
                </TextEquiv>
            </TextLine>
            <TextLine id="tr_2_tl_3" custom="readingOrder {index:2;}">
                <Coords points="536,2436 2883,2385 2883,2264 539,2353"/>
                <Baseline points="552,2416 561,2416 606,2416 651,2413 695,2413 740,2413 785,2410 830,2410 875,2407 919,2407 964,2407 1009,2407 1054,2407 1099,2404 1143,2404 1188,2404 1233,2401 1278,2401 1323,2401 1367,2398 1412,2398 1457,2398 1502,2395 1547,2395 1591,2392 1636,2389 1681,2389 1726,2386 1771,2386 1815,2386 1860,2386 1905,2386 1950,2386 1995,2383 2039,2383 2084,2380 2129,2383 2174,2380 2219,2380 2263,2377 2308,2377 2353,2374 2398,2374 2443,2374 2487,2371 2532,2371 2577,2368 2622,2365 2667,2365 2711,2365 2756,2365 2801,2365 2846,2362 2891,2365"/>
                <TextEquiv>
                    <Unicode>dichte oder ersucht um eine Motiz. Vielleicht sind</Unicode>
                </TextEquiv>
            </TextLine>
            <TextLine id="tr_2_tl_4" custom="readingOrder {index:3;}">
                <Coords points="514,2629 2971,2559 2895,2439 517,2505"/>
                <Baseline points="531,2592 558,2592 603,2589 648,2592 692,2589 737,2589 782,2589 827,2589 872,2589 916,2589 961,2589 1006,2589 1051,2586 1096,2586 1140,2586 1185,2583 1230,2583 1275,2580 1320,2577 1364,2577 1409,2574 1454,2574 1499,2574 1544,2571 1588,2571 1633,2568 1678,2568 1723,2568 1768,2565 1812,2565 1857,2565 1902,2562 1947,2562 1992,2562 2036,2562 2081,2559 2126,2559 2171,2556 2216,2559 2260,2556 2305,2556 2350,2553 2395,2553 2440,2553 2484,2547 2529,2547 2574,2547 2619,2544 2664,2547 2708,2547 2753,2547 2798,2547 2843,2544 2888,2541 2932,2541 2977,2538"/>
                <TextEquiv>
                    <Unicode>Sachen von ihr in einem Cabaret gesungen worden; sie</Unicode>
                </TextEquiv>
            </TextLine>
            <TextLine id="tr_2_tl_5" custom="readingOrder {index:4;}">
                <Coords points="523,2813 1230,2838 2233,2737 2480,2797 2629,2781 2635,2648 1164,2696 1024,2635 526,2702"/>
                <Baseline points="540,2774 576,2777 621,2774 666,2774 710,2771 755,2771 800,2771 845,2768 890,2765 934,2765 979,2765 1024,2762 1069,2762 1113,2759 1158,2759 1203,2756 1248,2756 1293,2756 1337,2753 1382,2750 1427,2750 1472,2750 1517,2747 1561,2747 1606,2744 1651,2744 1696,2744 1741,2741 1785,2741 1830,2741 1875,2738 1920,2738 1965,2735 2009,2735 2054,2732 2099,2732 2144,2729 2189,2729 2233,2729 2278,2726 2323,2726 2368,2723 2413,2723 2457,2723 2502,2720 2547,2720 2592,2720 2637,2720"/>
                <TextEquiv>
                    <Unicode>ist konfus, affektiert, aber nicht ohne Charme.</Unicode>
                </TextEquiv>
            </TextLine>
            <TextLine id="tr_2_tl_6" custom="readingOrder {index:5;}">
                <Coords points="530,2984 2914,2959 3019,2918 3022,2784 533,2832"/>
                <Baseline points="546,2944 561,2944 606,2944 651,2941 695,2941 740,2941 785,2938 830,2935 875,2935 919,2932 964,2932 1009,2932 1054,2929 1099,2929 1143,2929 1188,2926 1233,2926 1278,2923 1323,2923 1367,2920 1412,2920 1457,2920 1502,2920 1547,2920 1591,2917 1636,2914 1681,2911 1726,2911 1771,2908 1815,2908 1860,2908 1905,2908 1950,2908 1995,2905 2039,2905 2084,2902 2129,2899 2174,2899 2219,2899 2263,2896 2308,2894 2353,2894 2398,2891 2443,2891 2487,2891 2532,2891 2577,2891 2622,2888 2667,2888 2711,2885 2756,2888 2801,2885 2846,2885 2891,2885 2935,2888 2980,2888 3025,2888"/>
                <TextEquiv>
                    <Unicode>Vielleicht wird sie vom Grafen Niederhof vorgestellt,</Unicode>
                </TextEquiv>
            </TextLine>
            <TextLine id="tr_2_tl_7" custom="readingOrder {index:6;}">
                <Coords points="523,3149 2562,3190 2600,3013 1906,2968 526,3035"/>
                <Baseline points="540,3123 546,3123 591,3120 636,3120 680,3120 725,3117 770,3115 815,3115 860,3112 904,3112 949,3112 994,3112 1039,3112 1084,3112 1128,3109 1173,3109 1218,3106 1263,3106 1308,3103 1352,3100 1397,3100 1442,3097 1487,3097 1532,3094 1576,3094 1621,3091 1666,3088 1711,3091 1756,3091 1800,3091 1845,3088 1890,3088 1935,3085 1980,3085 2024,3082 2069,3082 2114,3079 2159,3076 2204,3076 2248,3073 2293,3076 2338,3070 2383,3070 2428,3070 2472,3070 2517,3070 2562,3073 2607,3076"/>
                <TextEquiv>
                    <Unicode>mit dem sie in Beziehungen stand oder steht.</Unicode>
                </TextEquiv>
            </TextLine>
        </TextRegion>
    </Page>
</PcGts>
