3256 3912
2532 200 2655 340 90
356 385 2842 614 Funk! Und Sie holen mich ab morgen vormittag Punkt 11
359 550 1365 783 aus der Schwindgasse.
233 666 2833 970 Egon: Ich denke wohl, wir werden uns noch heute sehen?
375 925 2742 1061 Funk: Wenn es dabei bleibt, kaum notwendig. Ueber die
362 1038 2057 1300 Abendstunden habe ich schon verfügt.
362 1261 2548 1478 Egon! Wenn sich aber die Notwendigkeit ergibt -
359 1442 2758 1646 Funk: Dann bitte ich oder vielmehr bitte jedenfalls
359 1633 2846 1827 um ein Wort in die Schwindgasse. Und jetzt müssen Sie
349 1811 2846 2011 mich leider entschuldigen, Sie begreifen, dass man noch
352 1966 2810 2189 allerlei zu tun hat. Jedenfalls danke ich Ihnen herz-
352 2150 1116 2374 lich. (er geht.)
