3336 4008
2726 287 2846 497 30
1205 423 1806 572 Vierter Akt.
413 594 1302 753 Bei der Baronesse.
326 778 2923 1024 Kann entweder am Abend oder am darauffolgenden Morgen
426 992 833 1205 spielen.
420 1098 2920 1344 Wenn Abends eventuell kleine Gesellschaft, bei welcher
433 1324 2842 1483 Gelegenheit Fink die Bekanntschaft einiger Personen
417 1525 740 1728 macht.
446 1647 2904 1815 Demnächst soll eine Aristokratenvorstellung stattfin-
446 1838 2758 2077 den, in der Fink mitzuwirken hat, womit er am Ziele
459 2038 1373 2193 seiner Träume wäre.
449 2200 2926 2348 Er hat beim Rennen die junge Gräfin X.kennen gelernt,
459 2348 2862 2545 denkt daran sie zu entführen, die Leute vor ein Fait
468 2497 2865 2691 accompli zu stellen. Für dramatische Zwecke wohl zu
455 2726 2817 2888 kompliziert, eventuell wäre die Figur der Baronesse
481 2917 1773 3078 entsprechend umzugestalten.
468 3088 3023 3230 Vielleicht besser so, dass die Baronesse keine Dilettan-
484 3243 2997 3443 tin, sondern Arrangeurin von Wohltätigkeitsfesten, lite-
481 3456 2926 3608 rarischer Snob etc. wäre. Sie hat einen brustkranken
