3288 3976
2655 217 2797 377 83
490 390 2970 660 Baronin: Grad dafür. Mit der Zeit werde ich überhaupt
493 585 1772 808 ganz zur Politik übergehen.
484 814 2938 984 Funk: Herr Engler ist mit dem Grafen Niederhof wegge-
475 974 845 1172 fahren.
481 1100 2970 1336 Baronin: Ah,war der Graf schon da? Was schaun S' mich
490 1342 2960 1540 denn so an? Der Graf ist mein Cousin.- Also, da schrei-
497 1512 1948 1691 ben Sie Ihre berühmten Artikel.
481 1688 2080 1889 Funk: Bin ja erst kurze Zett hier.
478 1845 2923 2052 Baronin: Uebrigens, was das Fest anbelangt, wir reflek
500 2011 2813 2234 tieren auf Ihre Mitwirkung. Erschrecken s' nicht..
509 2184 2945 2423 in einem der lebenden Bilder. Sie sind nicht der ein-
484 2379 2995 2539 zig bürgerliche. Der Hoffmann singt ein paar Couplets.
487 2545 2307 2781 Funk: Welches Bild soll ich denn leben?
481 2693 2866 2929 Baronin: Das werden wir heute Abend bei der Comité-
500 2879 2219 3114 sitzung feststellen. rommen Sie auch!
497 3086 2869 3262 Funk: Baronin waren schon so gütig mich einzuladen.
478 3246 3004 3510 Baronin: Ja richtig. Sie könnten in Comité eintreten.
