3592 4232
2901 314 3107 465 215
1061 493 1967 668 Obendorfer: Wieso?
1058 582 3155 817 Fliederbusch: Ich habe nicht die Absicht
1045 779 2722 936 mich mit Herrn Fink zu schlagen.
1066 907 3004 1107 Obendorfer: Was? Sie haben nicht - (zu
1066 1123 3001 1242 Abendstern) Er hat nicht die Absicht?
1088 1226 3185 1410 (zu Fliederbusch) Haben Sie nicht gest em
1058 1391 3061 1583 ausdrücklich erklärt alle Konsequenzen
1050 1559 2078 1735 auf sich zu nehmen?
1061 1694 3185 1843 Fliederbusch: Ich war bereit meinen Namen
1053 1851 3099 2005 unter meinen Artikel zu setzen, von wei-
1069 1995 3034 2162 teren Konsequenzen war nicht die Rede.
1085 2151 2484 2352 Obendarfer: Nicht die Rede?
1061 2341 3204 2455 Fliederbusch: Und auch unser Freund Abend-
1061 2457 3126 2639 stern ist der Ansicht, dass mannicht ver
1082 2603 3074 2806 pflihhtet ist sich einem Desparado,wie
1077 2741 3063 2928 dem Herrn Fink mit der Waffe gegenüber.
1072 2936 1599 3104 zustellen.
1074 3080 2271 3258 Obendorfer: Aben steru!
1072 3174 3063 3404 Abendstern: pardon.Ich habe es nur für
1069 3353 2977 3537 angemessen erachtet unseren Kollegen
1069 3521 3242 3716 Fliederbusch in Hinblick auf seine Sohnes-
1074 3656 2839 3851 pflichten auf alle Eventualitäten
