3384 4072
2600 293 2732 470 43
384 526 1125 712 Zum ersten Akt.
400 630 2921 892 Fink müsste schon zu Beginn ganz nebensächlich, schüch-
419 835 2934 1103 tern, eben in seiner Eigenschaft als Gerichtssaalrepor-
422 1068 1106 1286 ter auftreteh.
422 1213 2631 1402 Der Verlauf dieses Aktes wäre dann ungefähr so.
429 1355 2801 1588 Es wird von dem Streik gesprochen, von den Schüssen,
438 1595 1951 1799 von den Toten. Das Blattist lau.
441 1755 2745 1957 Sind wir überhaupt noch ein demokratisches Organ?
501 1878 2877 2118 Voll spricht von der Rede Niederhofs: Dieser Kerl,
470 2108 2827 2285 der im Parlament auszusprechen wagt, dass das Leben
479 2294 2111 2486 des Einzelnen nichts wert sei - etc.
476 2445 2827 2691 Obendorfer (?) bringt nun den „Salon“: Da schreibt
476 2571 3013 2839 nun dieser Fink, dass Niederhof Recht hat. (Wer ist die
498 2770 3028 3003 der Fink?) Was Niederhof beiläufig ausspricht, das führt
511 2968 2757 3186 dieser Kerl aus, macht eine Weltanschauung draus.
507 3186 2527 3362 Stellen daraus werden eventuell vorgelesen.
520 3378 1743 3602 Ist Fink hier schon dabei?
