3512 4264
2675 346 2861 510 194
877 479 2767 715 famos. Sie sind wirklich ein begabter
906 641 2861 895 junger Mensch. Sie werden Karriere ma-
882 893 1157 1010 chen.
877 971 2976 1183 Flidderbusch: Also um acht oder neun Uhr
893 1126 2539 1301 Abends stünde ich zur Verfügung
1212 1262 1746 1366 (nach togen
906 1280 2837 1458 Styx: Nicht doch. So eine Besichtigung
895 1390 2898 1625 kann sich in die Länge ziehen. Und ich
900 1568 3005 1777 möchte Ihrem Glück nicht im Wege stehen.
1866 1665 2709 1785 désolére à
1084 1714 1639 1827 un entretien
919 1762 2937 1940 Wir wollen unseren Besuch in der Redak_
1879 1830 2395 1953 doen liebes
597 1856 1283 2026 stavollen in
934 1903 2958 2057 tion der gegenwart/auf morgen Vormittag
1848 1963 3010 2102 4 voorses Vormittes etc
924 2065 2785 2238 verschieben.) Zehn Uhr, wenn es Ihnen
929 2259 1471 2392 recht ist.
940 2335 2932 2594 Fliederbusch: Einverstanden,Herr Styx.
948 2510 2531 2733 Und wo wollen wir uns treffen?
995 2871 2665 3073 (Mutter und Abendstern von links
968 3028 3065 3212 Mutter: Ich bitte um Entschuldi-
974 3196 2971 3416 gung,aber wenn ich mit den Kinden noch
992 3345 2963 3552 zu rechter Zeit von der Tante Resi zu-
989 3523 1879 3709 hause sein will -
1000 3636 3008 3848 Styx: Aber bitte „gnädige Frau,wir sind
