3544 4200
2864 385 3049 547 200
1000 555 3002 720 Ringkämpferallüren des Herrn Wöbl.Wenn
997 720 3015 874 so eine Sache schief ausgeht, sind meis
1000 879 2989 1039 tens die Sekundanten dran Schuld gewe¬
1005 1013 2976 1204 sen. Aber Sie sind ja in guten Händen,
1005 1173 3112 1340 Herr Fliederbusch. Ihr anderer Zeugel-
1081 1298 1801 1393 man haren dach
1010 1343 2319 1513 Fliederbusch: Obendorfer.
1005 1492 2853 1688 Abendstern: Wenn der Anschein nicht
1021 1639 3052 1764 trügt, Herr Styx, haben Sie einige Erfah¬
1008 1803 2173 1958 rung in diesen Dingen.
1018 1958 2939 2081 Fliederbusch: Herr Styx-war Offizier.
1018 2104 2578 2277 styx: Vor undeuklichen Zeiten.
1023 2275 2806 2421 Abend stern: Jedenfalls dürfte Herr
1018 2395 3049 2552 Styx mehr Rautine in diesen Dingen ha-
1029 2570 2916 2699 ben als unsereiner,zum mindesten als
1026 2720 3068 2853 ich. Und vielleicht wäre es von Vorteil
1110 2858 2968 3013 ich wäre jedesfalls ohneweiters be-
1023 3008 3076 3162 reit,Herr Fliederbusch,zu Gunsten eines
1042 3170 2971 3379 Ihrer älteren Freunde zurückzutreten.
1037 3369 1262 3479 und
1042 3455 3089 3680 styx: Ich möchte nochmals bemerken, dass
1034 3602 3128 3780 meine Kavalleristenzeit hinter mir liegt.
