3352 4008
2740 281 2876 466 23
501 466 2996 705 Aber wenn Fink darauf nicht regaiert, so ist er satis-
495 624 3102 870 faktionsunfähig, aus ihren Kreisen endgiltig eliminiert.
518 844 2837 1025 Der eine Sekundant sagt, man könnte ja von Müller
527 1025 3018 1184 vielleicht verlangen, dass er alles zurücknehme. Fink!
527 1184 2844 1372 Das wird er nicht tun, das kann er doch nichttun,
527 1394 2989 1556 Egon! Hier gibt es keine Entschuldigung, hier gibt er
527 1566 2161 1740 nur einen Kampf auf Tod und Leben,
540 1718 3025 1909 Am Ende beauftragt Fink die Leute formell heute Nach-
543 1935 3064 2129 mittags um sechs bei Herrn Müller Rechenschaft zu ver-
543 2138 912 2313 langen.
540 2222 2976 2494 Warum gerade um sechs? Hier beginnen wieder leichte
553 2449 1802 2662 Verdachtsmomente bei Egon.
550 2627 2802 2853 Fink geht zuerst. Gespräch der Andern über ihn,
