3416 4104
2667 256 3062 405 236 -() -
1024 414 2757 614 ker, daher ist ihm dieses Geräusch
895 600 2489 802 nicht besonders sympathisch.
1041 768 1653 958 Wöbl: (lacht)
1031 882 2986 1090 Egon: Meine Herren, ich bitte den Ernst
1034 1034 2791 1221 der Situation im Auge zu behalten.
1043 1197 2801 1384 Darf ich die Frage an Sie richten,
1038 1363 2808 1548 Herr Abendstern,ob Sie irgend eine
1046 1519 2040 1692 Einwendung erheben?
1043 1653 2654 1870 Abendstern: (schüttelt den vopf)
1058 1835 2157 2013 Obendorfer: Aber ich.
1060 1962 2430 2167 Egon: Und darf man fragen?
1065 2150 2835 2301 Obendorfer: Sie sprachen von einer
1070 2262 2832 2450 besonders schweren Beleidigung. Wir
1072 2445 2923 2594 sind nicht in der Lage diese Auffas-
2520 2508 2730 2594 Tod
1070 2594 3032 2752 sung zu teilen. In der journalistischen
1072 2715 2984 2932 Polemik ist ein hartes Wort bald nie-
1082 2891 3013 3059 dergeschrieben und es kommt ihm nicht
1246 3013 1494 3118 dent
1094 3008 3008 3266 die Bedeutung zu,wie etwa einem münd-
1087 3183 3018 3369 lich ausgesprochenen. Es ist etwas an-
1097 3374 2947 3493 deres jemanden vo Zeugen in Gesell
1097 3490 2971 3676 schaft eine Beschimpfung ins Gesicht
