3320 3976
469 481 2789 625 Der Einjährige: Eventuell spring ich für ihn ein.
484 653 2795 794 Aber die Sozialdemokraten schlagen sich ja nicht.
469 835 2923 982 Fink hochelegant eben vom Rennplatz zurück. Die Grä-
481 1017 2939 1205 fin X. hat ihn angesprochen, und sich bedankt, weil er
488 1189 2569 1399 ihr schauspielerisches Talent gepriesen hat,
488 1380 2231 1587 Er macht der Baronin lebhaft den Hof.
488 1568 1033 1696 Sie zögert.
488 1708 3022 1868 Es stellt sich heraus, dass man den beleidigenden Arti-
484 1916 1406 2053 kel nicht goutiert.
497 2062 2955 2225 Der Einjährige: Sie dürfen sich das einfach nicht ge-
491 2266 1186 2419 fallen lassen.
494 2391 2872 2576 Es wird beschlossen, dass der Freiwillige mit einem
494 2566 3060 2856 Freund vom „Tagewerk" Aufklärung fordern wird. Der ano-
510 2795 1804 3009 nyme Kerl soll sich nennen.
510 3006 2987 3108 Der Sportberichterstatter bietet sich als zweiten Se-
510 3127 2878 3388 kundaten an. Der Freiwillige: Das möcht ich lieber
520 3340 1010 3541 vermeiden.
1364 3347 1508 3611 lung
