<?xml version="1.0" encoding="UTF-8" standalone="yes"?>
<PcGts xmlns="http://schema.primaresearch.org/PAGE/gts/pagecontent/2013-07-15" xmlns:xsi="http://www.w3.org/2001/XMLSchema-instance" xsi:schemaLocation="http://schema.primaresearch.org/PAGE/gts/pagecontent/2013-07-15 http://schema.primaresearch.org/PAGE/gts/pagecontent/2013-07-15/pagecontent.xsd">
    <Metadata>
        <Creator>prov=READ-COOP:name=TrHtr:version=2.1.0:model_id=51170:date=01_08_2023_06:26</Creator>
        <Created>2023-05-10T13:29:40.268+02:00</Created>
        <LastChange>2023-08-01T06:26:06.373+02:00</LastChange>
        <TranskribusMetadata docId="1428579" pageId="55413034" pageNr="153" tsid="131652141" status="IN_PROGRESS" userId="64420" imgUrl="https://files.transkribus.eu/Get?id=QPVHAQNLPXFQVXYNJAKJHXPT&amp;fileType=view" xmlUrl="https://files.transkribus.eu/Get?id=PSUIGNOOAYFZVEXREFZATSOD" imageId="44687175"/>
    </Metadata>
    <Page imageFilename="1428579_0153.jpg" imageWidth="3432" imageHeight="4120">
        <ReadingOrder>
            <OrderedGroup id="ro_1711791775614" caption="Regions reading order">
                <RegionRefIndexed index="0" regionRef="tr_1"/>
                <RegionRefIndexed index="1" regionRef="tr_2"/>
            </OrderedGroup>
        </ReadingOrder>
        <TextRegion id="tr_1" custom="readingOrder {index:0;}">
            <Coords points="862,385 2976,385 2976,2631 862,2631"/>
            <TextLine id="tr_1_tl_1" custom="readingOrder {index:0;}">
                <Coords points="2701,465 2722,467 2764,449 2788,465 2819,454 2835,462 2843,454 2864,475 2888,472 2890,341 2840,360 2827,349 2806,360 2756,323 2748,326 2730,304 2706,302"/>
                <Baseline points="2716,441 2761,438 2806,438 2851,435 2895,438"/>
                <TextEquiv>
                    <Unicode>227</Unicode>
                </TextEquiv>
            </TextLine>
            <TextLine id="tr_1_tl_2" custom="readingOrder {index:1;}">
                <Coords points="853,680 2796,620 2840,467 2488,541 1772,491 856,556"/>
                <Baseline points="868,629 877,629 922,626 967,623 1012,623 1056,623 1101,623 1146,623 1191,623 1236,620 1280,618 1325,618 1370,618 1415,618 1459,620 1504,618 1549,615 1594,615 1639,615 1683,615 1728,615 1773,612 1818,612 1862,612 1907,612 1952,609 1997,609 2042,609 2086,609 2131,606 2176,606 2221,606 2266,606 2310,606 2355,603 2400,603 2445,603 2489,603 2534,600 2579,600 2624,600 2669,600 2713,597 2758,594 2803,594 2848,594"/>
                <TextEquiv>
                    <Unicode>Abeddstern: ich versteh Sie eigentlich</Unicode>
                </TextEquiv>
            </TextLine>
            <TextLine id="tr_1_tl_3" custom="readingOrder {index:2;}">
                <Coords points="850,819 2767,798 2898,764 2901,675 850,722"/>
                <Baseline points="865,782 889,782 934,779 979,776 1024,776 1068,776 1113,776 1158,776 1203,776 1247,773 1292,773 1337,773 1382,773 1427,770 1471,770 1516,767 1561,767 1606,767 1650,770 1695,770 1740,770 1785,767 1830,767 1874,767 1919,764 1964,764 2009,764 2054,761 2098,761 2143,758 2188,758 2233,761 2277,755 2322,755 2367,755 2412,755 2457,755 2501,752 2546,752 2591,749 2636,749 2680,749 2725,749 2770,749 2815,746 2860,746 2904,752"/>
                <TextEquiv>
                    <Unicode>nicht Obendorfer.Es macht ja beinah den</Unicode>
                </TextEquiv>
            </TextLine>
            <TextLine id="tr_1_tl_4" custom="readingOrder {index:3;}">
                <Coords points="848,971 1533,934 1969,1000 2210,919 2895,906 2895,843 2738,798 850,845"/>
                <Baseline points="862,949 886,946 931,940 976,934 1021,934 1065,931 1110,931 1155,931 1200,928 1244,928 1289,928 1334,928 1379,925 1424,925 1468,922 1513,922 1558,922 1603,919 1648,922 1692,922 1737,922 1782,922 1827,919 1871,916 1916,916 1961,916 2006,916 2051,913 2095,913 2140,910 2185,910 2230,910 2274,910 2319,910 2364,907 2409,907 2454,907 2498,907 2543,907 2588,907 2633,907 2678,907 2722,904 2767,904 2812,898 2857,898 2901,904"/>
                <TextEquiv>
                    <Unicode>Eindruck, als wenn Sie Wert drauf legten</Unicode>
                </TextEquiv>
            </TextLine>
            <TextLine id="tr_1_tl_5" custom="readingOrder {index:4;}">
                <Coords points="856,1100 2276,1166 2449,1084 2848,1063 2851,956 856,1005"/>
                <Baseline points="871,1092 883,1089 928,1083 973,1083 1018,1080 1062,1083 1107,1080 1152,1080 1197,1080 1241,1080 1286,1080 1331,1080 1376,1080 1421,1077 1465,1077 1510,1077 1555,1077 1600,1077 1645,1077 1689,1074 1734,1074 1779,1071 1824,1071 1868,1071 1913,1068 1958,1068 2003,1065 2048,1065 2092,1065 2137,1065 2182,1065 2227,1065 2271,1062 2316,1062 2361,1059 2406,1059 2451,1059 2495,1056 2540,1056 2585,1056 2630,1053 2675,1053 2719,1053 2764,1053 2809,1050 2854,1053"/>
                <TextEquiv>
                    <Unicode>unseren jungen Kollegen möglichst bald</Unicode>
                </TextEquiv>
            </TextLine>
            <TextLine id="tr_1_tl_6" custom="readingOrder {index:5;}">
                <Coords points="856,1257 1992,1292 2216,1226 2216,1163 2139,1137 1816,1142 1746,1184 1365,1144 1053,1200 858,1150"/>
                <Baseline points="874,1236 877,1238 922,1236 967,1236 1012,1236 1056,1236 1101,1233 1146,1233 1191,1233 1236,1230 1280,1233 1325,1230 1370,1230 1415,1230 1459,1230 1504,1230 1549,1227 1594,1227 1639,1227 1683,1227 1728,1227 1773,1224 1818,1224 1862,1224 1907,1221 1952,1221 1997,1218 2042,1218 2086,1218 2131,1215 2176,1218 2221,1218"/>
                <TextEquiv>
                    <Unicode>ins Gras beissen zu sehen.</Unicode>
                </TextEquiv>
            </TextLine>
            <TextLine id="tr_1_tl_7" custom="readingOrder {index:6;}">
                <Coords points="861,1454 1858,1460 2163,1402 2334,1473 2704,1460 2706,1318 2436,1270 864,1323"/>
                <Baseline points="877,1394 922,1391 967,1388 1012,1388 1056,1388 1101,1388 1146,1388 1191,1385 1236,1385 1280,1385 1325,1382 1370,1385 1415,1385 1459,1385 1504,1382 1549,1382 1594,1379 1639,1379 1683,1379 1728,1376 1773,1376 1818,1373 1862,1373 1907,1373 1952,1373 1997,1373 2042,1370 2086,1370 2131,1367 2176,1370 2221,1370 2266,1370 2310,1367 2355,1367 2400,1364 2445,1364 2489,1364 2534,1364 2579,1361 2624,1358 2669,1358 2713,1358"/>
                <TextEquiv>
                    <Unicode>Obendorfer: Es beisst sich nicht so</Unicode>
                </TextEquiv>
            </TextLine>
            <TextLine id="tr_1_tl_8" custom="readingOrder {index:7;}">
                <Coords points="866,1575 942,1604 1045,1551 1137,1583 1312,1559 1436,1580 1441,1457 1376,1444 1270,1475 1221,1457 1134,1480 1089,1441 1000,1491 956,1467 869,1475"/>
                <Baseline points="880,1558 907,1552 952,1549 997,1543 1041,1540 1086,1540 1131,1537 1176,1537 1221,1534 1265,1534 1310,1531 1355,1534 1400,1537 1444,1543"/>
                <TextEquiv>
                    <Unicode>g’schwind.</Unicode>
                </TextEquiv>
            </TextLine>
            <TextLine id="tr_1_tl_9" custom="readingOrder {index:8;}">
                <Coords points="864,1714 2179,1743 2376,1670 2859,1680 2861,1570 1457,1641 1118,1588 987,1638 866,1575"/>
                <Baseline points="880,1695 892,1698 937,1695 982,1692 1027,1692 1071,1689 1116,1689 1161,1689 1206,1686 1250,1686 1295,1686 1340,1686 1385,1686 1430,1686 1474,1686 1519,1686 1564,1683 1609,1683 1653,1680 1698,1680 1743,1677 1788,1677 1833,1677 1877,1674 1922,1674 1967,1674 2012,1674 2057,1674 2101,1671 2146,1671 2191,1674 2236,1671 2280,1671 2325,1671 2370,1668 2415,1668 2460,1668 2504,1668 2549,1665 2594,1665 2639,1662 2683,1662 2728,1662 2773,1659 2818,1656 2863,1659"/>
                <TextEquiv>
                    <Unicode>Abendstern: Nun nach allem, was man von</Unicode>
                </TextEquiv>
            </TextLine>
            <TextLine id="tr_1_tl_10" custom="readingOrder {index:9;}">
                <Coords points="864,1895 1554,1861 1919,1903 2042,1830 2045,1772 1848,1740 1761,1788 1677,1751 1536,1788 1087,1788 937,1746 864,1782"/>
                <Baseline points="877,1848 883,1848 928,1845 973,1845 1018,1845 1062,1845 1107,1842 1152,1842 1197,1842 1241,1842 1286,1842 1331,1839 1376,1839 1421,1839 1465,1839 1510,1839 1555,1839 1600,1836 1645,1833 1689,1830 1734,1830 1779,1830 1824,1830 1868,1830 1913,1827 1958,1827 2003,1827 2048,1827"/>
                <TextEquiv>
                    <Unicode>déesem Herrn Fink hört</Unicode>
                </TextEquiv>
            </TextLine>
            <TextLine id="tr_1_tl_11" custom="readingOrder {index:10;}">
                <Coords points="866,2045 2832,1995 2895,1908 869,1929"/>
                <Baseline points="880,1997 883,2000 928,1997 973,1997 1018,1997 1062,1997 1107,1997 1152,1997 1197,1994 1241,1994 1286,1991 1331,1994 1376,1991 1421,1997 1465,1991 1510,1991 1555,1991 1600,1988 1645,1985 1689,1985 1734,1985 1779,1985 1824,1985 1868,1982 1913,1979 1958,1979 2003,1976 2048,1976 2092,1976 2137,1976 2182,1973 2227,1973 2271,1970 2316,1970 2361,1970 2406,1970 2451,1970 2495,1967 2540,1967 2585,1967 2630,1967 2675,1967 2719,1967 2764,1967 2809,1964 2854,1961 2898,1961"/>
                <TextEquiv>
                    <Unicode>Obendrfer: Ja, mein lieber Abendstenn,da</Unicode>
                </TextEquiv>
            </TextLine>
            <TextLine id="tr_1_tl_12" custom="readingOrder {index:11;}">
                <Coords points="866,2166 2859,2168 2861,2066 2712,2032 1294,2103 869,2045"/>
                <Baseline points="880,2158 895,2155 940,2149 985,2149 1030,2149 1074,2146 1119,2146 1164,2146 1209,2146 1253,2146 1298,2146 1343,2146 1388,2143 1433,2143 1477,2140 1522,2140 1567,2140 1612,2137 1656,2137 1701,2137 1746,2137 1791,2134 1836,2134 1880,2134 1925,2134 1970,2134 2015,2134 2060,2131 2104,2131 2149,2128 2194,2128 2239,2128 2283,2125 2328,2122 2373,2122 2418,2122 2463,2122 2507,2125 2552,2125 2597,2125 2642,2122 2686,2119 2731,2119 2776,2119 2821,2119 2866,2125"/>
                <TextEquiv>
                    <Unicode>kann man nichts machen. In diesen pingen</Unicode>
                </TextEquiv>
            </TextLine>
            <TextLine id="tr_1_tl_13" custom="readingOrder {index:12;}">
                <Coords points="864,2313 1604,2357 1693,2307 1782,2362 1890,2302 2006,2357 2221,2286 2701,2300 2704,2205 1176,2208 1024,2258 866,2202"/>
                <Baseline points="877,2304 916,2307 961,2301 1006,2301 1050,2301 1095,2301 1140,2301 1185,2298 1230,2298 1274,2298 1319,2295 1364,2295 1409,2295 1453,2292 1498,2292 1543,2289 1588,2289 1633,2289 1677,2289 1722,2289 1767,2289 1812,2289 1856,2286 1901,2286 1946,2286 1991,2283 2036,2286 2080,2283 2125,2283 2170,2280 2215,2280 2260,2277 2304,2277 2349,2277 2394,2277 2439,2280 2483,2277 2528,2280 2573,2277 2618,2274 2663,2271 2707,2277"/>
                <TextEquiv>
                    <Unicode>habe ich meine eigene Auffassung.Es</Unicode>
                </TextEquiv>
            </TextLine>
            <TextLine id="tr_1_tl_14" custom="readingOrder {index:13;}">
                <Coords points="866,2523 1250,2460 2874,2460 2966,2439 2969,2357 869,2376"/>
                <Baseline points="880,2460 916,2460 961,2457 1006,2457 1050,2457 1095,2457 1140,2454 1185,2454 1230,2454 1274,2451 1319,2451 1364,2451 1409,2451 1453,2448 1498,2448 1543,2448 1588,2445 1633,2445 1677,2445 1722,2445 1767,2442 1812,2445 1856,2442 1901,2439 1946,2439 1991,2439 2036,2439 2080,2436 2125,2436 2170,2436 2215,2433 2260,2433 2304,2433 2349,2433 2394,2430 2439,2430 2483,2430 2528,2430 2573,2430 2618,2430 2663,2430 2707,2427 2752,2424 2797,2421 2842,2421 2886,2418 2931,2418 2976,2418"/>
                <TextEquiv>
                    <Unicode>hängt wahrscheinlich mit der Rasse zusam-</Unicode>
                </TextEquiv>
            </TextLine>
            <TextLine id="tr_1_tl_15" custom="readingOrder {index:14;}">
                <Coords points="864,2654 927,2636 1029,2675 1060,2662 1097,2675 1095,2562 1074,2570 1037,2541 979,2557 945,2530 932,2536 924,2528 903,2546 861,2538"/>
                <Baseline points="877,2615 922,2612 967,2609 1012,2612 1056,2612 1101,2621"/>
                <TextEquiv>
                    <Unicode>men.</Unicode>
                </TextEquiv>
            </TextLine>
        </TextRegion>
        <TextRegion id="tr_2" custom="readingOrder {index:1;}">
            <Coords points="886,2675 2988,2675 2988,3849 886,3849"/>
            <TextLine id="tr_2_tl_1" custom="readingOrder {index:0;}">
                <Coords points="874,2827 2964,2769 2985,2630 877,2667"/>
                <Baseline points="889,2773 928,2767 973,2767 1018,2764 1062,2764 1107,2761 1152,2761 1197,2761 1241,2761 1286,2761 1331,2761 1376,2761 1421,2758 1465,2761 1510,2758 1555,2755 1600,2752 1645,2752 1689,2752 1734,2752 1779,2752 1824,2752 1868,2749 1913,2749 1958,2746 2003,2746 2048,2743 2092,2740 2137,2740 2182,2740 2227,2737 2271,2737 2316,2737 2361,2737 2406,2737 2451,2737 2495,2737 2540,2737 2585,2737 2630,2734 2675,2734 2719,2737 2764,2737 2809,2731 2854,2731 2898,2728 2943,2725 2988,2728"/>
                <TextEquiv>
                    <Unicode>Abendstern: Reden Sie keinen Unsinn,Oben-</Unicode>
                </TextEquiv>
            </TextLine>
            <TextLine id="tr_2_tl_2" custom="readingOrder {index:1;}">
                <Coords points="872,2950 2520,2974 2914,2927 2961,2822 872,2864"/>
                <Baseline points="886,2925 904,2922 949,2922 994,2919 1038,2916 1083,2916 1128,2916 1173,2916 1218,2916 1262,2916 1307,2916 1352,2913 1397,2913 1442,2913 1486,2910 1531,2910 1576,2910 1621,2910 1665,2910 1710,2907 1755,2907 1800,2907 1845,2907 1889,2904 1934,2904 1979,2901 2024,2898 2068,2898 2113,2898 2158,2898 2203,2895 2248,2895 2292,2895 2337,2892 2382,2892 2427,2895 2472,2895 2516,2892 2561,2892 2606,2889 2651,2886 2695,2886 2740,2884 2785,2884 2830,2881 2875,2881 2919,2881 2964,2886"/>
                <TextEquiv>
                    <Unicode>dorfer, ich habe, wie Sie wissen,in meiner</Unicode>
                </TextEquiv>
            </TextLine>
            <TextLine id="tr_2_tl_3" custom="readingOrder {index:2;}">
                <Coords points="874,3098 2441,3158 2583,3050 2861,3071 2861,2966 2725,2927 2481,3003 2315,2948 2100,3006 877,3000"/>
                <Baseline points="889,3078 898,3078 943,3078 988,3078 1032,3078 1077,3072 1122,3069 1167,3072 1212,3069 1256,3066 1301,3066 1346,3069 1391,3066 1436,3069 1480,3066 1525,3066 1570,3066 1615,3063 1659,3060 1704,3063 1749,3063 1794,3063 1839,3060 1883,3057 1928,3057 1973,3054 2018,3054 2062,3054 2107,3057 2152,3057 2197,3054 2242,3051 2286,3048 2331,3048 2376,3048 2421,3048 2466,3048 2510,3045 2555,3045 2600,3045 2645,3045 2689,3042 2734,3042 2779,3039 2824,3036 2869,3042"/>
                <TextEquiv>
                    <Unicode>Jugend auch Gelegenheit gehabt. mit der</Unicode>
                </TextEquiv>
            </TextLine>
            <TextLine id="tr_2_tl_4" custom="readingOrder {index:3;}">
                <Coords points="874,3281 1226,3258 1299,3289 1475,3258 1730,3292 1732,3134 877,3134"/>
                <Baseline points="892,3233 934,3230 979,3227 1024,3227 1068,3227 1113,3224 1158,3224 1203,3221 1247,3221 1292,3221 1337,3221 1382,3218 1427,3218 1471,3218 1516,3215 1561,3215 1606,3215 1650,3215 1695,3215 1740,3215"/>
                <TextEquiv>
                    <Unicode>Waffe in derHand</Unicode>
                </TextEquiv>
            </TextLine>
            <TextLine id="tr_2_tl_5" custom="readingOrder {index:4;}">
                <Coords points="887,3439 2838,3441 2877,3200 2580,3176 2284,3305 890,3294"/>
                <Baseline points="901,3385 910,3382 955,3382 1000,3382 1044,3382 1089,3379 1134,3379 1179,3379 1224,3379 1268,3376 1313,3376 1358,3376 1403,3376 1447,3376 1492,3376 1537,3376 1582,3373 1627,3373 1671,3370 1716,3370 1761,3370 1806,3367 1851,3367 1895,3370 1940,3367 1985,3364 2030,3364 2074,3361 2119,3358 2164,3355 2209,3358 2254,3358 2298,3358 2343,3358 2388,3358 2433,3358 2477,3358 2522,3355 2567,3352 2612,3355 2657,3352 2701,3352 2746,3349 2791,3349 2836,3346 2881,3352"/>
                <TextEquiv>
                    <Unicode>Obendorferä No also,da müssen sie doch</Unicode>
                </TextEquiv>
            </TextLine>
            <TextLine id="tr_2_tl_6" custom="readingOrder {index:5;}">
                <Coords points="874,3552 2294,3591 2331,3478 2184,3428 1559,3468 1412,3418 1236,3481 877,3481"/>
                <Baseline points="889,3543 901,3540 946,3537 991,3534 1035,3534 1080,3531 1125,3531 1170,3531 1215,3531 1259,3531 1304,3531 1349,3528 1394,3528 1439,3528 1483,3528 1528,3525 1573,3525 1618,3522 1662,3522 1707,3519 1752,3519 1797,3519 1842,3519 1886,3516 1931,3519 1976,3519 2021,3516 2065,3513 2110,3513 2155,3510 2200,3510 2245,3513 2289,3513 2334,3516"/>
                <TextEquiv>
                    <Unicode>meinen Standpunkt begreifen.</Unicode>
                </TextEquiv>
            </TextLine>
            <TextLine id="tr_2_tl_7" custom="readingOrder {index:6;}">
                <Coords points="887,3730 2342,3730 2643,3654 2966,3675 2969,3602 2460,3554 890,3612"/>
                <Baseline points="901,3699 913,3693 958,3687 1003,3684 1047,3681 1092,3681 1137,3681 1182,3681 1227,3681 1271,3681 1316,3678 1361,3675 1406,3675 1450,3678 1495,3678 1540,3672 1585,3672 1630,3669 1674,3669 1719,3669 1764,3669 1809,3666 1854,3666 1898,3666 1943,3669 1988,3666 2033,3663 2077,3663 2122,3663 2167,3660 2212,3660 2257,3660 2301,3660 2346,3660 2391,3660 2436,3657 2480,3657 2525,3657 2570,3654 2615,3651 2660,3654 2704,3651 2749,3651 2794,3651 2839,3648 2884,3648 2928,3645 2973,3651"/>
                <TextEquiv>
                    <Unicode>Abendstern: Aber was wollen Sie denn ma-</Unicode>
                </TextEquiv>
            </TextLine>
            <TextLine id="tr_2_tl_8" custom="readingOrder {index:7;}">
                <Coords points="887,3872 2922,3817 2866,3722 890,3756"/>
                <Baseline points="901,3839 913,3839 958,3839 1003,3836 1047,3836 1092,3836 1137,3836 1182,3836 1227,3833 1271,3833 1316,3830 1361,3830 1406,3833 1450,3830 1495,3830 1540,3827 1585,3824 1630,3824 1674,3824 1719,3824 1764,3824 1809,3824 1854,3821 1898,3824 1943,3827 1988,3824 2033,3821 2077,3818 2122,3818 2167,3818 2212,3815 2257,3815 2301,3818 2346,3815 2391,3815 2436,3812 2480,3812 2525,3809 2570,3809 2615,3806 2660,3806 2704,3806 2749,3806 2794,3803 2839,3803 2884,3800 2928,3806"/>
                <TextEquiv>
                    <Unicode>chen? Sie haben doch gehört. Sie können</Unicode>
                </TextEquiv>
            </TextLine>
        </TextRegion>
    </Page>
</PcGts>
