3288 3976
2652 210 2789 442 88
445 426 2881 671 12. Funk - Baronin - Nach vorheriger Meldung Schromm
458 661 900 846 und Egon.
455 827 1266 1024 Egon: Oh, Baronin!
439 906 2992 1186 Baronin: Ich habe eigentlich Ihren Herrn Papa sprechen
458 1170 2245 1393 wollen. (Einiges über das Gartenfest.)
445 1323 2989 1520 Baronin: Der Herr von Funk wird mitwirken. Sie könnten
464 1523 2856 1743 sich auch beteiligen und Sie, Herr Rittmeister,- als
458 1685 960 1918 Gott Mars.
455 1832 2767 2070 Schromm: Wenn man eine solche genus zur Verfügung
461 2067 865 2271 hätte...
467 2169 3002 2433 Baronin! Ich will die Herren nicht weiter stören. (Ver-
477 2445 1126 2643 abschiedung.)
