3512 4168
2748 198 2935 419 174
824 402 2728 628 erzählen. Ich kann dir leider heut bei
821 592 2566 810 Tisch nicht Gesellschaft leisten.
841 712 2941 963 Fliederbusch: Das Bedauern ist ganz mei-
838 961 1326 1117 nerseits.
849 1025 2818 1279 D.a.Fliederbusch: (beiläufig) Ich habe
860 1223 2078 1413 nämlich eine Konferenz.
866 1315 3005 1581 Fliederbusch: So Um was handelt es sich
871 1488 2971 1701 denn? Diamantenfelder in Afrika - Salpe-
868 1631 2977 1874 tergruben in Paraguai - Fabrik für Dyna-
880 1756 3130 2036 In Hynawefahrik en Plalleur
894 1977 2857 2203 D.a.Fliederbusch: einen witzigen Sohn
888 2100 3024 2312 hab ich, meinerseel. Von Diamantenfeldenn
908 2240 2977 2466 war nie die Rede und mit der Fabrik bin
919 2407 3033 2619 ich damals grad um einen Tag zu spät ge-
916 2572 3066 2829 kommen. Aber die Florisdorfer Sache ist so
941 2781 1698 2957 gut wie sicher.
947 2932 1918 3133 Fliederbusch: So...
941 3033 3038 3270 D.a.Fliederbusch: Ein Millionengeschäft,
955 3192 3008 3390 Fliederbusch: Ich glaubs dir,Vater, aber
952 3348 3021 3569 mehr als fünf Kronen vorschuss kann ich
966 3510 2139 3742 dir nicht drauf geben.
977 3661 3086 3932 Daa.Fliederbusch: Hab ich davon - Uebri-
