3400 4072
2713 187 2837 430 42
443 497 2843 731 Immerhin ist er einigen Leuten im „Salon“, zumindest
468 642 2846 936 dem Sohn des Herausgebers, von Anfang an verdächtig.
471 835 3017 1066 Das Subjekt, dem Fink seine Stellung verdankt,müsste na-
478 1021 3017 1274 türlich noch einmal auftreten, am besten wohl zu Beginn
493 1199 2928 1401 des dritten Aktes, im Hause Finka, eventuell darauf be-
484 1388 3001 1600 stehen seine Stelle wieder zu erringen. Immerhin könn-
506 1575 2837 1755 te er zur Lösung des Konfliktes ausgenützt werden.
497 1765 2970 1954 Im dritten Akt müsste wohl der Vater von Fink auftre-
503 1882 2913 2094 ten, eine Spekulanten- und Abenteurernatur,jetzt even-
509 2100 2910 2315 tuell Bookmaker für kleine Leute. Er ist es, der der
509 2201 3039 2502 Frau seines Sohnes die neue Existenz desselben verrät.
528 2486 2037 2691 (unabsichtlich, andeutungsweise.)
