3384 4056
2832 221 2944 438 40
457 476 1893 718 Gründung eines neuen Blattes
476 734 1290 914 Welcher Richtung?
246 827 351 957 6
482 855 2789 1032 Graf: Darauf kommt es wohl nicht an, meine Herren.
482 1020 2978 1225 Fink akzeptiert, wünscht nur einen Vorschuss, will sich
494 1188 2941 1430 von den Aufregungen erholen, und mit seiner Frau eine
494 1433 1464 1610 kleine Reise machen.
501 1557 2984 1803 Der Graf zur Baronesse: Und wie wär's mit uns beiden?
516 1669 2966 1959 In der Nähe ist ein Frühstück bestellt. Alle begeben
510 1952 1579 2189 sich vergnügt dorthin.
