3352 4008
2800 240 2914 411 31
456 487 1851 702 Mann, der immer im Süden lebt.
475 636 2870 876 Der Akt kann erst am Morgen spielen im Garten einer
475 873 2351 1041 kleinen Villa der Baronesse in Hietzing.
487 1047 1582 1240 Die Baronesse und Fink.
490 1136 2949 1386 Vielleicht zuerst ein alter Kammerdiener, der derglei-
503 1417 1601 1569 chen schon gewöhnt ist.
506 1550 2904 1740 Doch wird das Dekorum in der Weise gewahrt, dass der
503 1718 2933 1930 Kammerdiener die Herren, die er morgens im Garten an-
528 1920 2958 2063 trifft, immer so behandelt, als wären sie eben von der
528 2075 3072 2281 Strasse hereingekommen. „Ich werde sofort der Frau Grä¬
528 2322 1082 2477 “fin melden.“
525 2436 1920 2629 Nachklang der Zärtlichkeiten.
522 2629 2964 2784 Fink, den es unter den Sohlen brennt,versucht die Ba-
538 2765 2945 2971 ronsse zur Abreise zu bewegen. Sie ist diesen Plan
532 2974 2977 3202 gegenüber auffallend kühl. Das Arrangement des Früh-
538 3157 2205 3369 lingsfestes ist ihr viel wichtiger.
554 3344 1560 3540 Graf Niederhof kommt.
