3336 4008
2683 297 2830 412 22
415 434 2897 718 Das Gespräch zwischen Fink und ihr zu Zweien wird in-
421 632 2960 817 timer. Sie haben sich schon öfters in der Gesellschaft
418 842 2948 1008 getroffen, er wird dringender, verlangt ein Rendez-vous,
434 986 2932 1193 er hat vielleicht nicht mehr viel Zeit, deutet an, dass
443 1196 2938 1391 er einem Duell entgegensieht.glaubt vielleicht selbst
447 1353 3011 1576 daran. Egon Engel und ein anderer junger Mann, eventuell
459 1538 2817 1723 auch der Duellgegner, der nur selbst aus religiösen
453 1751 2909 1908 Fründen gegen das Duell ist, treten ein, die Baronesse
459 1936 2909 2080 begreift, die beiden Herren entfernen sich wieder, die
466 2058 2909 2255 Baronesse bewilligt Fink für heute Nacht ein Rendez-
463 2303 2045 2469 vous, nennt ihn „mein junger Held."
478 2431 3027 2619 Nun Fink und seinem beiden Sekundanten. Sie haben schon
478 2590 2909 2830 Erkundigungen eingezogen. Dieser Müller ist ein ver-
507 2814 2874 2964 heirateter Mann, hat sogar ein Kind, Fink findet, man
488 3011 2995 3200 müsste ihn schonen. Egon gibt nicht nach, die Ehre des
504 3171 2922 3334 Blattes steht auf dem spiel.Man kann ja das Weitere
507 3340 2999 3589 abwarten. Vidleicht nimmt Müller das Zuell nicht an.
