3464 4168
2720 305 2893 443 181
2071 361 2288 538 Mr
904 411 2903 695 Abendstern: Erst recht. Er ist Iamos! Zu
909 623 2882 848 Haus gemacht? Das schmeckt man gleich.
915 819 2940 994 Mutter: Also jetzt will ich die Herren
920 925 2855 1156 Weisst du,Hans,ich werde wirklich zur
915 1071 3046 1344 Tante Resi gehen, und die Kinder könnt ich
923 1283 1832 1448 gleich mitnehmen.
931 1376 3044 1620 Fliederbusch: Ausgezeichnet. Da wird sich
931 1583 2429 1707 die Tante Resi riesig freuen.
931 1702 3007 1885 Mutter: (macht sich zur Fortgehen bereit)
941 1856 2948 2065 Abendstern: (essend) Ja, die Tante Resi.
944 2020 2834 2206 Wir haben alle eine Tante Resi, nicht
941 2148 2972 2322 wahr? Wir haben nicht alle eine Mutter,
944 2312 2797 2511 aber eine Tante Resi haben wir alle.
949 2415 3065 2667 Manchmal heisst sie auch Röstl, oder Karo-
954 2691 1262 2837 line.
986 2818 1546 3007 (Es läutet )
962 2914 3009 3110 Mutter: (zu Fliederbussh), der unwillkür-
960 3118 3075 3293 lich susammenzuckte Abendstern, im Hinaus-
965 3232 2975 3455 gehen) Unsere Dienerschaft ist nämlich
965 3428 1742 3584 auf Urlaub, (ab
973 3542 3062 3786 Fliederbusch: Sollte es schon Obendorfer
984 3752 1275 3921 sein?
