3320 4008
2622 275 2761 451 E 2
405 463 1736 710 Egon: Er muss sich schlagen.
411 630 2885 843 Engler: Unsinn. Wir sind jetzt so klerikal, dass sich
426 843 2900 1013 unsere Mitarbeiter schon aus religiösen Gründen nicht
429 1059 1205 1217 schlagen dürfen.
429 1217 2891 1384 Egon! Vielleicht später einmal. Heute wäre es für un-
432 1399 1572 1557 ser Blatt nach sehr gut.
436 1517 2412 1736 Engler: Uebrigens sind die Artikel anonym.
439 1745 2317 1909 Egon: Wir werden es schon herausbringen.
442 1921 2094 2113 Fräulein Emma Negedy wird geneldet.
432 2088 2696 2255 Egon! Die solltest du nicht im Bureau empfangen.
448 2279 2907 2452 Engler: Ktimmere dich um deine Angelegenheiten. Uro ri-
451 2434 2934 2604 gens handelt es sich sicher um eine Angelegenheit des
432 2656 874 2786 Blattes.
439 2780 2338 2968 Wie Frl.Megedy kommt, entfernt sich Egen.
