3304 3960
2686 224 2831 418 73
414 496 2952 638 niederschrieb und dann die Gelegenheit benützte, diesen
427 651 2939 822 Artikel in das Bureau seines Chefs Markus zu legen. Das
418 825 2942 993 wiederholt sich (technisch natürlich nicht in gleicher
427 967 2929 1157 Geise), so kommt es zur Polenik zwischen Fink und Funk.
460 1151 2965 1371 (Dies sollte er doch lieber erst dem Grafen sagen. Von-
427 1374 2765 1552 dra gegenüber brauchte er sich nicht preiszugeben.
434 1539 2906 1690 Wohl auch vorteilhafterwenn die Spannung erst im 4.
431 1667 3071 1926 Akt gelöst wird. Die Szene mit Vondra müsste dann anders-
427 1926 2877 2071 wo hingehen, eventuellläuft das Ganze auf eine kleine
434 2088 2975 2229 Erpressung hinaus. Vorläufig vertröstet er Wendra even-
447 2272 2890 2400 tuell damit, dass er ihm wieder den Sportbericht über-
434 2436 2831 2623 lässt, und ihm für das zu gründende grössere Blatt
431 2600 2939 2798 eine besser dotierte Stelle in Aussicht stellt. Jeden-
427 2778 2893 2975 falls droht von Wendra her die Gefahr der Entdeckung.
434 3001 2988 3172 Aber irgendwie müsste es doch auch schon in diesem Akte
444 3153 3005 3327 klar werden, warum er diese Doppelrolle spielt, zumindest
457 3324 1134 3537 scheinbar klar.
