3304 3960
2698 289 2821 417 74.
424 449 2890 656 Eventuell könnte der Eindruck entstehen, dass die Lie-
433 656 2636 850 besgeschichte mit der Baronin ihn dahin treibt.
433 822 2899 998 Wondra steht irgendwie mit der Polizei in Verbindung.
433 988 2956 1192 Er ist jetzt von der Polizei engagiert, weil er sich in
436 1180 2959 1387 den Spielerkreisen auskennt, daher wurde der Steckbrief
433 1343 1437 1553 gegen ihn aufgehoben.
433 1525 2783 1757 War es sein Einfall, dass Fink unter falschem Namen
436 1729 2896 1882 die Redaktion der „Eleganten Welt“ zu betreten hätte?
