3384 4056
2743 267 2876 423 47
436 472 2727 732 2. Kohnberger, Obendorfe r,vorher noch der Motteur.
443 628 2740 865 Obendorfer, Feuilletonredakteur, wienerisch, bieder,
247 729 371 1022 9
446 905 813 1067 falsch.
456 986 1926 1233 Das morgige Sonntagsfeuilleton.
465 1184 2841 1448 Eventuell über den Augarten, wo das Fest sein solll
478 1493 3062 1767 Obendorfer: Was sagen Sie? Markus nicht beim Begräbnis.
482 1724 2701 1913 27jährige treue Dienste. Voll wird sich freuen.
488 1877 2893 2144 Obend. hat am Grabe Epsteins gesprochen. Kohnberger
504 2134 944 2281 lobt ihn.
511 2226 2583 2447 Obend.: Was einen halt aus dem Herzen kommt.
504 2440 3124 2649 Was sagen Sie zu der Rede des Grafen Niederhof? (Streik,
511 2613 2948 2828 Soldaten, Arbeiter sind erschossen worden, Interpella-
527 2727 2997 2974 tion der Sozialdemokraten,Graf M. vertritt den Saand-
527 2902 3062 3169 punkt: das Leben des Einzelnen hat keinen Wert, auf das
521 3143 2889 3368 Prinzip kommt es an. - Ueber die Persönlichkeit des
537 3342 1360 3550 Graf en Niederhof.
540 3488 2561 3670 Ueber die Haltung des Blattes. Ueber Markus.
540 3621 2121 3852 Silberstein ist bei der Premiere.
