3352 4008
2775 254 2905 439 60
1284 423 1872 569 Zweiter Akt.
1303 537 1799 703 ............ ia
451 677 2057 865 1. Redaktion der „Eleganten Welt.“
458 868 2931 1081 Engler, Chefredakteur. (Monocle, etwas schäbige Eleganz,
458 1071 718 1249 müd).
458 1198 1704 1418 Kausik, Redaktionssekretär.
461 1389 3010 1539 Kausik: Einzelverkauf wächst. Die Polmik zwischen der
483 1577 2781 1742 „Eleganten Welt" und dem „Tagewerk“ interessiert.
480 1745 2368 1952 Heute der scharfe Artikel im „Tagewerk“.
470 1891 2057 2123 Graf Niederhof hat sich angesagt.
480 2069 2600 2301 Es handelt sich um Vergrösserung des Blattes.
490 2317 2559 2457 Engler: Gerade jetzt, wo ich Ruhe haben will.
477 2444 2530 2664 Kausik ein Intriganter, verhungerter Mensch.
