3304 3976
2805 226 2936 430 78
478 418 2853 692 wohnte sozusagen einer internen Sitzung bei. Er er-
491 682 2830 892 klärte, dass er nicht daran denke für einen Artikel
504 806 2875 1020 einzutreten, der nebstbei miserabel geschrieben sei.
494 1017 2827 1205 Funk: Unverschämt! Aber er nannte den Namen nicht?
494 1214 3050 1438 Schromm: Gewiss nannte er ihn. Der Bursche heisst Fink.
494 1358 1227 1549 Egon: Nun also.
494 1552 2996 1788 Funk: Unerhört! Sie verraten ihn. Was für eine Gesell-
500 1753 899 1890 schafft!
494 1912 2611 2081 Egon: Sie werden wissen, was Sie zu tun haben.
491 2104 1077 2270 Funk: Wieso?
500 2276 1823 2470 Egon: Hören sie, mein Freund.
497 2378 2904 2585 Schromm: Alberner Snob, so steht es gedruckt.Hundert-
500 2604 2984 2767 tausend Menschen haben es gelesen. Man muss sagen, Sie
494 2792 1148 2955 sind geduldig.
484 2984 2053 3149 Funk: (hin und her) Infan! Infam!
504 3165 2955 3366 Egon: Wir erwarten Ihre Aufträge. (zu Segromm) Haben
494 3302 1272 3506 Sie die Adresse?
