3448 4104
2023 358 2590 527 enommen wurde.
1248 368 1636 542 von mir
1261 400 2531 576 in uns recht beleit - mit einem
1270 569 1697 750 (lachend
1013 567 1116 748 Gr
1251 728 1704 853 derbusch:
2585 817 3007 1001 ers spre¬
1003 849 2033 1074 Sie eigentlich och
1023 952 2801 1192 chen konnten, nicht anders sprechen
1425 1126 2092 1231 v. die verworben sollen.
1025 1126 2992 1368 durften. Ich verstand Sie. Ich glaube,
1030 1275 2877 1496 dass es keinen Menschen auf der Wel-
1035 1452 2860 1663 gibt, der Sie so vollkommen versteht
1020 1631 2992 1815 wie ich es tu, Herr Graf. Und aus
1030 1749 2918 1930 sem verständnis heraus habe ich eben
1045 1930 2771 2139 jenen Artikel geschrieben, der das
1018 2053 2909 2283 Glück hatte Ihren Beifall zu finden.
1023 2224 2818 2452 Grag: Das ist ja sehr interessant.
1033 2376 2987 2605 Das ist ja famos. Da muss ja wirklich
1040 2497 2914 2725 irgendwie an schicksalsvolle Zusam -
1040 2688 2909 2906 menhänge glauben. /Der gute Radowitz,
1067 2850 2825 3014 er ist jetzt in Constantinopel und
1047 2982 2833 3193 Betty - übrigens war es vielleicht
1055 3124 2838 3367 Philippine. Na, das gehört ja nicht
1050 3308 2865 3487 mehr hieher. Wir haben ja gewisser.
1064 3443 3017 3622 massen eine redaktionelle Besprechung.
2379 3581 2867 3831 nicht wahr
1697 3622 2276 3796 Von er Herr Fin
