3416 4104
2755 332 2953 469 238
1018 435 2576 670 Egon: Albert-würdeloser Snob -
1018 646 2834 833 Obendorfer: Snob ist das Hauptwort,
1002 801 2932 970 meine Herren. Albern nur das Adjektiv.
1015 904 2731 1120 Wöbl: Adjektiv hin.Adjektyv her -
999 1065 2934 1210 Obendorfer: Würdelos kann als Insulte
997 1197 3077 1466 unserer Ansicht nach überhaupt nicht gel
1002 1379 2270 1521 ten. in Rehachl Rommer
994 1518 2942 1703 Egon: Dieser Auffassung kann ich mich
997 1692 1996 1853 nicht anschliessen.
1002 1851 2971 2011 Obendorfer: Der Ton liegt offenbar auf
1031 2006 3019 2212 Suob. Und das mildert die Beschimpfung
991 2162 3042 2346 ganz wesentlich. Ja, ich kann mir vorseel-
994 2312 2879 2491 len, dass ein Ehrenrat hier überhaupt
997 2446 3050 2668 den Tatbestand der Beleidigung als nicht
994 2649 2193 2810 gegeben erachten würde.
991 2805 2823 2963 Egon: Von einem Ehrenrat war bisher
991 2939 2966 3113 nicht die Rede. Wir haben hier zu ent-
1453 3037 1727 3158 Ofind
981 3082 2950 3258 scheiden. Ganz richtig. Aber ich glaube,
991 3266 3058 3432 dass wir die Distanz auf dreissig Schrit
981 3403 3100 3588 te festsetzen und es bei einem einmaligst
975 3577 2491 3762 Kugelwechsel bewenden lassen.
