3384 4104
2496 262 3005 424 219— 223
1060 404 3070 626 Obendorfer: Dass er Ihnen,wenn Sie sich
1060 586 2895 781 nicht zum Zweikampf stellen, dass er
1052 766 2953 925 Ihnen alle Knohen im Leib zerbrechen
1052 868 2613 1085 wird, wo er Ihnen begegnen wird.
1027 1040 2795 1279 Fliederbusch: Hat Ihnen Herr Fink
1062 1229 1451 1404 gesagt?
1070 1344 2798 1536 Obendorfe/r: Mir? Ich kenne ihn ja
1070 1506 2985 1746 nichts Aber so hat er sich geäussert.
1070 1681 2960 1855 Fliederbusch: wem gegenüber, wenn ich
1072 1835 1721 2022 fragen/darf?
1075 1983 2913 2162 Obendorfer. Da bin ich leider nicht
1082 2130 3050 2337 in der Lage-Aper nach allem was ich
1082 2264 2905 2486 über Herrn Fin weiter gehört habe,
1085 2392 2920 2606 wäre es ihm wohl zuzutrauen.dass er
1097 2561 2915 2763 sowas im Schilde führt. Und ich, Herr
1077 2738 2721 2925 Fliederbusch, ich wurde an Ihrer
1105 2880 3037 3075 Stelle zwei Uebeln, wenn man
1100 3045 2988 3269 das Duell ein Uebel nennen kann,das
1092 3150 1955 3387 kleinere wählen.
1105 3337 2840 3496 Fliederbusch: So.Nun wir leben ja
1105 3481 2933 3761 Gott se Dank in einem Rechtsstaat.
