3352 4024
2672 177 2825 494 32
490 513 1743 706 Zuerst Gespräch zu Dreien.
490 667 1524 893 Dann Niederhof- Fink.
504 857 3015 1046 Niederhof: Ich habe Sie leider in der Redaktion nicht
510 961 3012 1272 angetroffen, wollte Ihnen für Ihren glänzenden Artikel
523 1236 1351 1422 die Hand drücken.
517 1377 2842 1586 Fink! Es freut mich, dass er Ihren Beifall findet.
513 1576 2044 1772 Niederhof: Das eigentlich nicht.
523 1727 3038 1949 Fink! Sie sind doch meiner Ansicht, wie aus Ihrer Rede
533 1887 2953 2096 im Parlament hervorgeht. Ich habe ja eigentlich nur
536 2099 2067 2296 wiederholt, was Sie gesagt haben.
543 2302 3074 2462 Niederhof: Ich habe überhaupt keine Ansicht, ich finde,
559 2439 3113 2652 dass alles gleich richtig und unrichtig ist. Da ich al-
536 2636 3025 2848 les durchmachen will, habe ich mich eben auch ins Par¬
553 2835 1573 3054 lanent wählen lassen.
553 2953 2940 3178 Er entwickelt seine Lebensanschauungen,-dass alles
562 3221 1059 3411 Sport sei.
566 3335 3195 3528 Er kommt dann auf den Artikel im „Tagewerk“ zu sprechen.
