3528 4216
2798 329 2991 461 199
937 519 1173 667 gut?
934 659 2881 846 styx: Ersten Ranges. Warum haben
926 817 2878 977 Sie mir denn das nicht gleich gesagt?
932 953 2951 1130 Ich gratuliere. (schüttelt ihm die Hand)
2758 1031 3122 1173 wise to
937 1138 2991 1256 Aber dass Herr Fink sich das nicht xxxx
932 1210 2972 1440 te bieten lassen, das hätte ich Ihnenvo-
937 1416 2975 1550 raussagen können.Sie haben courage, Herr
932 1577 2889 1743 Fliederbusch. Sind denn die Bedingun
956 1735 3047 1882 gen schon festgestellt? Darf man übrigen
956 1882 2785 2040 fragen, wer die Zeugen Ihres Gegners
940 2064 1248 2198 sind?
2067 2115 2370 2236 junior
961 2185 3018 2394 Abendstern: Herr Satan und ein gewisser
940 2367 1224 2490 Wöbl.
956 2485 2798 2691 Styx: Harxxxxjunixxx Satan und
956 2578 2969 2798 Wöbl - hm - Nun, wir wollen hoffan, dass
961 2752 2967 2993 alles gut ausgeht. Ihre Sekundanten wer.
967 2980 2471 3090 den ja gewiss das ihrige tun
972 3028 3109 3333 Abendstern: Inwiefern - was kann man denn
985 3299 1210 3408 tun?
793 3296 940 3451 dre
969 3408 3052 3540 styx: Lassen Sie sich nur nicht imponie¬
975 3518 2921 3724 ren,Herr Abendstern,weder von der Un-
988 3700 3141 3845 verschämtheit des Egon Satan noch von Len
