<?xml version="1.0" encoding="UTF-8" standalone="yes"?>
<PcGts xmlns="http://schema.primaresearch.org/PAGE/gts/pagecontent/2013-07-15" xmlns:xsi="http://www.w3.org/2001/XMLSchema-instance" xsi:schemaLocation="http://schema.primaresearch.org/PAGE/gts/pagecontent/2013-07-15 http://schema.primaresearch.org/PAGE/gts/pagecontent/2013-07-15/pagecontent.xsd">
    <Metadata>
        <Creator>prov=READ-COOP:name=TrHtr:version=2.1.0:model_id=51170:date=01_08_2023_06:26</Creator>
        <Created>2023-05-10T13:29:40.597+02:00</Created>
        <LastChange>2023-08-01T06:26:06.941+02:00</LastChange>
        <TranskribusMetadata docId="1428579" pageId="55413049" pageNr="155" tsid="131652143" status="IN_PROGRESS" userId="64420" imgUrl="https://files.transkribus.eu/Get?id=RVFXRKIZUPOHDWYGCWTJJGQE&amp;fileType=view" xmlUrl="https://files.transkribus.eu/Get?id=ULOXUSRXQZIULGSRYKBWUCZX" imageId="44687190"/>
    </Metadata>
    <Page imageFilename="1428579_0155.jpg" imageWidth="3400" imageHeight="4088">
        <ReadingOrder>
            <OrderedGroup id="ro_1711791777299" caption="Regions reading order">
                <RegionRefIndexed index="0" regionRef="tr_2"/>
                <RegionRefIndexed index="1" regionRef="tr_1"/>
            </OrderedGroup>
        </ReadingOrder>
        <TextRegion id="tr_2" custom="readingOrder {index:0;}">
            <Coords points="468,343 2924,343 2924,1633 468,1633"/>
            <TextLine id="tr_2_tl_1" custom="readingOrder {index:0;}">
                <Coords points="2400,451 2533,459 2570,428 2588,438 2695,402 2823,464 2828,300 2778,292 2755,313 2708,279 2658,297 2601,284 2533,300 2478,279 2434,305 2405,297"/>
                <Baseline points="2416,405 2428,405 2473,405 2518,402 2563,402 2607,399 2652,399 2697,396 2742,393 2787,393 2831,399"/>
                <TextEquiv>
                    <Unicode>229-231</Unicode>
                </TextEquiv>
            </TextLine>
            <TextLine id="tr_2_tl_2" custom="readingOrder {index:1;}">
                <Coords points="989,519 2144,595 2390,545 2898,618 2851,459 989,430"/>
                <Baseline points="1002,513 1047,513 1092,519 1136,522 1181,522 1226,522 1271,522 1315,525 1360,522 1405,525 1450,528 1494,528 1539,531 1584,531 1629,531 1673,528 1718,528 1763,531 1808,531 1853,531 1897,534 1942,534 1987,534 2032,531 2076,534 2121,537 2166,537 2211,540 2255,540 2300,540 2345,540 2390,540 2434,543 2479,540 2524,543 2569,543 2613,543 2658,543 2703,543 2748,546 2792,549 2837,555 2882,555 2906,557"/>
                <TextEquiv>
                    <Unicode>Obendorfer: Das ist ganz überflüssig.</Unicode>
                </TextEquiv>
            </TextLine>
            <TextLine id="tr_2_tl_3" custom="readingOrder {index:2;}">
                <Coords points="454,652 663,710 762,657 897,681 890,488 741,550 613,501 490,511 451,535"/>
                <Baseline points="468,641 513,638 557,638 602,638 647,638 692,641 737,641 781,644 826,647 871,653 898,653"/>
                <TextEquiv>
                    <Unicode>wenden:</Unicode>
                </TextEquiv>
            </TextLine>
            <TextLine id="tr_2_tl_4" custom="readingOrder {index:3;}">
                <Coords points="999,691 2765,715 2765,623 2577,574 1784,637 999,587"/>
                <Baseline points="1014,668 1059,668 1104,671 1148,671 1193,674 1238,674 1283,677 1327,677 1372,680 1417,680 1462,683 1506,680 1551,683 1596,683 1641,680 1685,680 1730,680 1775,683 1820,683 1864,686 1909,686 1954,689 1999,689 2044,689 2088,689 2133,689 2178,689 2223,692 2267,692 2312,695 2357,695 2402,692 2446,692 2491,692 2536,695 2581,692 2625,692 2670,695 2715,698 2760,704 2772,701"/>
                <TextEquiv>
                    <Unicode>Wir lassen ihm einfach ein Briserl</Unicode>
                </TextEquiv>
            </TextLine>
            <TextLine id="tr_2_tl_5" custom="readingOrder {index:4;}">
                <Coords points="989,832 1221,827 1469,916 2893,905 2893,801 2692,754 986,728"/>
                <Baseline points="1002,826 1047,826 1092,826 1136,826 1181,826 1226,829 1271,829 1315,829 1360,832 1405,835 1450,838 1494,835 1539,835 1584,838 1629,838 1673,838 1718,838 1763,838 1808,838 1853,838 1897,841 1942,841 1987,844 2032,844 2076,844 2121,844 2166,841 2211,844 2255,844 2300,847 2345,847 2390,847 2434,850 2479,850 2524,847 2569,850 2613,850 2658,850 2703,853 2748,853 2792,853 2837,853 2882,850 2900,850"/>
                <TextEquiv>
                    <Unicode>da - (da ihm Abendstern ins Wort fal-</Unicode>
                </TextEquiv>
            </TextLine>
            <TextLine id="tr_2_tl_6" custom="readingOrder {index:5;}">
                <Coords points="983,978 1881,1051 2077,1002 2262,1054 2768,1023 2729,903 2400,955 2311,903 981,892"/>
                <Baseline points="999,972 1044,975 1089,978 1133,981 1178,984 1223,984 1268,984 1312,984 1357,984 1402,987 1447,987 1491,987 1536,987 1581,987 1626,990 1671,990 1715,990 1760,990 1805,990 1850,993 1894,993 1939,993 1984,993 2029,996 2073,996 2118,993 2163,993 2208,993 2252,996 2297,999 2342,999 2387,999 2431,999 2476,1002 2521,999 2566,1002 2610,1005 2655,1005 2700,1005 2745,1005 2772,1005"/>
                <TextEquiv>
                    <Unicode>len will)Aber lassen S' einen doch</Unicode>
                </TextEquiv>
            </TextLine>
            <TextLine id="tr_2_tl_7" custom="readingOrder {index:6;}">
                <Coords points="973,1148 1821,1143 2074,1229 2301,1156 2444,1208 2729,1187 2656,1080 2285,1036 1972,1096 1589,1041 973,1072"/>
                <Baseline points="987,1133 1032,1130 1077,1130 1121,1130 1166,1133 1211,1133 1256,1133 1300,1136 1345,1136 1390,1136 1435,1139 1480,1139 1524,1139 1569,1142 1614,1142 1659,1142 1703,1142 1748,1145 1793,1142 1838,1145 1882,1145 1927,1145 1972,1145 2017,1145 2061,1145 2106,1145 2151,1145 2196,1148 2240,1148 2285,1151 2330,1154 2375,1154 2419,1154 2464,1154 2509,1154 2554,1157 2599,1157 2643,1157 2688,1160 2733,1169 2736,1169"/>
                <TextEquiv>
                    <Unicode>ausreden, ein Brieferl des Inhalts,</Unicode>
                </TextEquiv>
            </TextLine>
            <TextLine id="tr_2_tl_8" custom="readingOrder {index:7;}">
                <Coords points="973,1294 1644,1304 1944,1393 2862,1375 2862,1247 2708,1205 2525,1263 2337,1210 1964,1260 1803,1205 970,1208"/>
                <Baseline points="987,1283 1032,1286 1077,1286 1121,1286 1166,1286 1211,1286 1256,1289 1300,1289 1345,1289 1390,1289 1435,1292 1480,1292 1524,1295 1569,1295 1614,1298 1659,1300 1703,1300 1748,1298 1793,1298 1838,1298 1882,1298 1927,1298 1972,1298 2017,1300 2061,1303 2106,1303 2151,1303 2196,1303 2240,1303 2285,1303 2330,1303 2375,1303 2419,1306 2464,1306 2509,1306 2554,1306 2599,1309 2643,1309 2688,1309 2733,1309 2778,1309 2822,1309 2867,1309"/>
                <TextEquiv>
                    <Unicode>dass wir die Angelegenheit in seinem</Unicode>
                </TextEquiv>
            </TextLine>
            <TextLine id="tr_2_tl_9" custom="readingOrder {index:8;}">
                <Coords points="973,1461 1698,1450 1970,1539 2236,1479 2622,1550 2917,1477 2893,1364 973,1364"/>
                <Baseline points="987,1441 1029,1441 1074,1441 1118,1441 1163,1441 1208,1441 1253,1441 1298,1441 1342,1447 1387,1447 1432,1447 1477,1444 1521,1444 1566,1447 1611,1447 1656,1447 1700,1447 1745,1450 1790,1450 1835,1450 1879,1453 1924,1453 1969,1453 2014,1453 2058,1453 2103,1453 2148,1453 2193,1453 2237,1456 2282,1456 2327,1456 2372,1459 2416,1459 2461,1459 2506,1459 2551,1462 2596,1462 2640,1462 2685,1462 2730,1465 2775,1462 2819,1462 2864,1462 2909,1465 2924,1468"/>
                <TextEquiv>
                    <Unicode>ginn geordnet haben und dass das Duell</Unicode>
                </TextEquiv>
            </TextLine>
            <TextLine id="tr_2_tl_10" custom="readingOrder {index:9;}">
                <Coords points="957,1597 2797,1685 2794,1552 2734,1529 955,1539"/>
                <Baseline points="972,1590 1017,1590 1062,1590 1107,1590 1151,1596 1196,1596 1241,1596 1286,1593 1330,1593 1375,1596 1420,1596 1465,1599 1509,1599 1554,1599 1599,1596 1644,1599 1688,1599 1733,1602 1778,1602 1823,1605 1867,1602 1912,1602 1957,1605 2002,1605 2046,1608 2091,1608 2136,1611 2181,1611 2226,1608 2270,1611 2315,1611 2360,1614 2405,1617 2449,1617 2494,1620 2539,1623 2584,1620 2628,1620 2673,1617 2718,1617 2763,1614 2804,1614"/>
                <TextEquiv>
                    <Unicode>nicht stattfinden wird. Dann legt er</Unicode>
                </TextEquiv>
            </TextLine>
        </TextRegion>
        <TextRegion id="tr_1" custom="readingOrder {index:1;}">
            <Coords points="925,1692 3019,1692 3019,3632 925,3632"/>
            <TextLine id="tr_1_tl_1" custom="readingOrder {index:0;}">
                <Coords points="952,1771 1286,1750 1461,1795 1529,1761 1745,1808 2006,1764 2285,1844 2283,1727 2157,1680 1907,1709 1119,1662 952,1696"/>
                <Baseline points="966,1745 1011,1742 1056,1742 1101,1745 1145,1748 1190,1745 1235,1748 1280,1748 1324,1748 1369,1748 1414,1748 1459,1751 1503,1751 1548,1754 1593,1757 1638,1757 1682,1754 1727,1757 1772,1757 1817,1757 1861,1754 1906,1757 1951,1760 1996,1760 2041,1760 2085,1760 2130,1757 2175,1757 2220,1757 2264,1757 2288,1757"/>
                <TextEquiv>
                    <Unicode>sich ruhig schlafen und -</Unicode>
                </TextEquiv>
            </TextLine>
            <TextLine id="tr_1_tl_2" custom="readingOrder {index:1;}">
                <Coords points="960,1951 1023,1964 1109,1933 1200,1962 1278,1936 1542,1964 1615,1923 1766,1920 1766,1831 1737,1824 1664,1855 1638,1834 960,1829"/>
                <Baseline points="975,1897 1020,1894 1065,1894 1110,1894 1154,1897 1199,1900 1244,1900 1289,1900 1333,1903 1378,1903 1423,1903 1468,1906 1512,1906 1557,1906 1602,1903 1647,1906 1691,1906 1736,1903 1769,1906"/>
                <TextEquiv>
                    <Unicode>Abendstern: Und</Unicode>
                </TextEquiv>
            </TextLine>
            <TextLine id="tr_1_tl_3" custom="readingOrder {index:2;}">
                <Coords points="955,2053 2742,2082 2739,2004 2544,1975 1897,2009 1646,1959 1427,2009 952,1954"/>
                <Baseline points="969,2044 1014,2049 1059,2046 1104,2049 1148,2049 1193,2052 1238,2052 1283,2052 1327,2055 1372,2055 1417,2055 1462,2058 1506,2058 1551,2058 1596,2058 1641,2055 1685,2055 1730,2055 1775,2058 1820,2058 1864,2058 1909,2061 1954,2061 1999,2061 2044,2064 2088,2067 2133,2067 2178,2067 2223,2067 2267,2067 2312,2070 2357,2070 2402,2070 2446,2070 2491,2070 2536,2070 2581,2070 2625,2070 2670,2070 2715,2070 2748,2073"/>
                <TextEquiv>
                    <Unicode>Obendorfer: Und in der Früh fahren</Unicode>
                </TextEquiv>
            </TextLine>
            <TextLine id="tr_1_tl_4" custom="readingOrder {index:3;}">
                <Coords points="944,2233 1453,2215 1696,2306 2147,2223 2632,2270 2611,2147 1977,2165 1863,2074 1701,2064 1573,2142 944,2157"/>
                <Baseline points="960,2199 1005,2199 1050,2199 1095,2202 1139,2202 1184,2202 1229,2205 1274,2205 1318,2205 1363,2205 1408,2205 1453,2205 1497,2208 1542,2208 1587,2211 1632,2208 1676,2211 1721,2208 1766,2211 1811,2211 1856,2214 1900,2211 1945,2211 1990,2211 2035,2214 2079,2217 2124,2217 2169,2217 2214,2217 2258,2217 2303,2217 2348,2217 2393,2220 2437,2220 2482,2223 2527,2223 2572,2223 2616,2226 2637,2223"/>
                <TextEquiv>
                    <Unicode>wir mit dem Riakor vor und holan</Unicode>
                </TextEquiv>
            </TextLine>
            <TextLine id="tr_1_tl_5" custom="readingOrder {index:4;}">
                <Coords points="944,2356 1242,2395 1338,2361 1477,2413 1617,2374 1730,2416 2259,2379 2259,2298 2121,2330 1633,2270 1555,2319 1411,2264 1169,2322 942,2275"/>
                <Baseline points="960,2354 1005,2351 1050,2354 1095,2354 1139,2357 1184,2357 1229,2357 1274,2357 1318,2360 1363,2360 1408,2357 1453,2360 1497,2360 1542,2360 1587,2360 1632,2363 1676,2363 1721,2363 1766,2363 1811,2363 1856,2363 1900,2366 1945,2366 1990,2366 2035,2369 2079,2369 2124,2369 2169,2369 2214,2369 2258,2366 2267,2372"/>
                <TextEquiv>
                    <Unicode>ihn auf den Kampfplatz ab</Unicode>
                </TextEquiv>
            </TextLine>
            <TextLine id="tr_1_tl_6" custom="readingOrder {index:5;}">
                <Coords points="1740,2444 2011,2468 2379,2447 2523,2481 2523,2364 2460,2387 2345,2364 2296,2405 2238,2379 2134,2403 1894,2374 1740,2408"/>
                <Baseline points="1754,2440 1769,2440 1814,2440 1858,2443 1903,2446 1948,2446 1993,2443 2038,2443 2082,2443 2127,2446 2172,2446 2217,2446 2261,2443 2306,2443 2351,2446 2396,2446 2440,2446 2485,2443 2530,2437"/>
                <TextEquiv>
                    <Unicode>is in ancien cbre</Unicode>
                </TextEquiv>
            </TextLine>
            <TextLine id="tr_1_tl_7" custom="readingOrder {index:6;}">
                <Coords points="937,2538 1307,2609 1651,2517 2304,2525 2645,2606 2964,2530 2961,2450 2854,2421 2017,2489 1641,2397 1495,2465 934,2437"/>
                <Baseline points="951,2509 996,2503 1041,2503 1086,2503 1130,2503 1175,2506 1220,2506 1265,2506 1309,2506 1354,2506 1399,2506 1444,2506 1488,2509 1533,2512 1578,2512 1623,2509 1668,2509 1712,2509 1757,2509 1802,2509 1847,2512 1891,2515 1936,2515 1981,2515 2026,2515 2070,2515 2115,2518 2160,2518 2205,2518 2249,2521 2294,2521 2339,2521 2384,2521 2428,2521 2473,2521 2518,2521 2563,2521 2607,2521 2652,2521 2697,2521 2742,2524 2787,2521 2831,2521 2876,2521 2921,2521 2966,2521 2969,2521"/>
                <TextEquiv>
                    <Unicode>Abendstern: Und wenn er nicht mitfahrt?</Unicode>
                </TextEquiv>
            </TextLine>
            <TextLine id="tr_1_tl_8" custom="readingOrder {index:7;}">
                <Coords points="950,2731 2335,2677 2828,2747 2828,2606 950,2593"/>
                <Baseline points="963,2658 1008,2655 1053,2658 1098,2658 1142,2658 1187,2658 1232,2658 1277,2658 1321,2661 1366,2661 1411,2664 1456,2664 1500,2667 1545,2670 1590,2667 1635,2667 1679,2667 1724,2667 1769,2667 1814,2667 1858,2667 1903,2670 1948,2670 1993,2673 2038,2673 2082,2670 2127,2670 2172,2673 2217,2673 2261,2673 2306,2673 2351,2679 2396,2679 2440,2682 2485,2679 2530,2676 2575,2676 2619,2676 2664,2676 2709,2679 2754,2679 2798,2676 2834,2670"/>
                <TextEquiv>
                    <Unicode>Obendorfer: Er wird. Dafür garantier</Unicode>
                </TextEquiv>
            </TextLine>
            <TextLine id="tr_1_tl_9" custom="readingOrder {index:8;}">
                <Coords points="934,2810 1020,2841 1038,2857 1106,2830 1124,2844 1140,2830 1164,2833 1161,2731 1124,2742 1077,2729 1049,2755 989,2726 970,2737 931,2721"/>
                <Baseline points="948,2807 993,2807 1038,2807 1083,2810 1127,2810 1169,2816"/>
                <TextEquiv>
                    <Unicode>ich.</Unicode>
                </TextEquiv>
            </TextLine>
            <TextLine id="tr_1_tl_10" custom="readingOrder {index:9;}">
                <Coords points="910,2990 1093,3052 1620,2982 2763,3024 2760,2880 2588,2844 2024,2937 1782,2872 1286,2893 1179,2815 908,2898"/>
                <Baseline points="925,2954 969,2960 1014,2960 1059,2960 1104,2963 1148,2963 1193,2963 1238,2963 1283,2963 1327,2963 1372,2966 1417,2963 1462,2969 1506,2969 1551,2969 1596,2969 1641,2966 1685,2969 1730,2969 1775,2966 1820,2969 1864,2972 1909,2974 1954,2974 1999,2974 2044,2974 2088,2977 2133,2974 2178,2980 2223,2977 2267,2980 2312,2980 2357,2980 2402,2977 2446,2980 2491,2980 2536,2980 2581,2983 2625,2986 2670,2992 2715,2995 2760,3013 2769,3016"/>
                <TextEquiv>
                    <Unicode>Abendstern: Und wenn er doch nicht</Unicode>
                </TextEquiv>
            </TextLine>
            <TextLine id="tr_1_tl_11" custom="readingOrder {index:10;}">
                <Coords points="916,3149 968,3138 1030,3162 1072,3130 1109,3144 1143,3128 1210,3157 1250,3141 1346,3154 1435,3120 1435,3047 1409,3039 1307,3063 1218,3044 1190,3065 1153,3044 1098,3060 1075,3039 976,3055 916,3029"/>
                <Baseline points="930,3118 945,3118 990,3115 1035,3115 1080,3115 1124,3115 1169,3115 1214,3118 1259,3118 1303,3118 1348,3118 1393,3118 1438,3115"/>
                <TextEquiv>
                    <Unicode>mitfahrt?</Unicode>
                </TextEquiv>
            </TextLine>
            <TextLine id="tr_1_tl_12" custom="readingOrder {index:11;}">
                <Coords points="939,3326 1244,3365 1638,3300 1831,3389 2217,3295 2400,3357 2810,3324 2807,3180 2551,3144 2387,3037 1975,3211 937,3198"/>
                <Baseline points="951,3270 996,3267 1041,3270 1086,3270 1130,3270 1175,3270 1220,3270 1265,3270 1309,3270 1354,3270 1399,3270 1444,3270 1488,3273 1533,3276 1578,3279 1623,3279 1668,3279 1712,3279 1757,3282 1802,3282 1847,3282 1891,3282 1936,3285 1981,3285 2026,3282 2070,3285 2115,3285 2160,3285 2205,3285 2249,3282 2294,3285 2339,3288 2384,3288 2428,3288 2473,3291 2518,3288 2563,3291 2607,3291 2652,3291 2697,3291 2742,3294 2787,3294 2816,3294"/>
                <TextEquiv>
                    <Unicode>Obendorfer; Dann ist noch immer Zeit</Unicode>
                </TextEquiv>
            </TextLine>
            <TextLine id="tr_1_tl_13" custom="readingOrder {index:12;}">
                <Coords points="918,3480 1122,3431 3016,3491 2966,3331 2807,3402 2371,3337 916,3363"/>
                <Baseline points="933,3425 978,3422 1023,3422 1068,3422 1113,3419 1157,3419 1202,3422 1247,3425 1292,3425 1336,3431 1381,3431 1426,3431 1471,3431 1515,3434 1560,3434 1605,3434 1650,3437 1694,3437 1739,3437 1784,3437 1829,3437 1873,3437 1918,3440 1963,3437 2008,3440 2052,3440 2097,3440 2142,3440 2187,3443 2231,3443 2276,3446 2321,3446 2366,3443 2411,3443 2455,3443 2500,3443 2545,3443 2590,3443 2634,3446 2679,3443 2724,3443 2769,3440 2813,3440 2858,3443 2903,3452 2948,3458 2992,3461 3019,3464"/>
                <TextEquiv>
                    <Unicode>die Vertretung niederzulegen und —. Kug</Unicode>
                </TextEquiv>
            </TextLine>
            <TextLine id="tr_1_tl_14" custom="readingOrder {index:13;}">
                <Coords points="989,3660 1375,3710 1570,3611 1774,3608 2037,3738 2259,3629 2450,3694 2596,3616 2825,3637 2823,3480 2590,3491 2442,3582 2304,3498 2178,3553 1443,3514 1294,3431 986,3483"/>
                <Baseline points="1002,3571 1047,3571 1092,3568 1136,3571 1181,3571 1226,3574 1271,3574 1315,3580 1360,3577 1405,3580 1450,3577 1494,3577 1539,3577 1584,3580 1629,3586 1673,3583 1718,3583 1763,3583 1808,3586 1853,3592 1897,3595 1942,3595 1987,3592 2032,3592 2076,3595 2121,3601 2166,3604 2211,3604 2255,3601 2300,3601 2345,3601 2390,3607 2434,3607 2479,3607 2524,3604 2569,3601 2613,3610 2658,3610 2703,3610 2748,3616 2792,3616 2828,3622"/>
                <TextEquiv>
                    <Unicode>Pflicht ist es jedesfalls</Unicode>
                </TextEquiv>
            </TextLine>
        </TextRegion>
    </Page>
</PcGts>
