3352 3992
2533 238 2734 372 282
792 351 2660 594 Graf: Wie Sie und Herr Fliederbusch.
777 520 2882 742 Sie gefallen mir ja dabeinganz gut diese
795 697 2794 872 Narren, ob sie nun Fliederbusch heissen
798 829 2776 1075 oder Fink. Und sollte einer von Ihnen
792 1014 2789 1210 was ja hoffentlich nicht der Fall sein
821 1178 2895 1363 wird, seine Ueberzeugung heute mit seinem
808 1284 2847 1558 Leben besiegeln, so werde ich ihm jedes-
803 1503 2792 1643 falls ein gerührtes Andenken bewahren.
819 1595 2940 1809 Fliederbusch: Auch-dem anderen Narren, den
814 1801 2145 1962 Sie nicht einmal kennen?
816 1878 2908 2118 Graf: Wenn Sie sich vielleicht doch ent-
821 2097 2860 2264 schliessen sollten ihn am Leben zu las-
829 2250 2913 2451 sen,Herr Fink, werde ich das gern nachho-
1659 2348 2153 2448 in Stande by
829 2377 2911 2604 len, obwohl ich mir ja aus seinem Artikel
843 2533 2948 2720 ein leidliches Bild von ihm zu machen im
837 2707 2868 2916 stande bin. Ich denke mir ihn — Was ist
843 2879 1759 3059 Ihnen, Herr Finä?
880 2966 2628 3225 (Egon Saten geht an Gitter vorbei)
990 3167 2921 3365 1e. Und darf von einen, Heer hat
1263 3294 2097 3471 Haltinne.
1027 3436 2718 3669 H. has ist there. Heer Furs
1939 3611 2644 3793 Gelle urbe
1434 3611 1690 3798 at
1022 3613 1310 3814 Yours
