<?xml version="1.0" encoding="UTF-8" standalone="yes"?>
<PcGts xmlns="http://schema.primaresearch.org/PAGE/gts/pagecontent/2013-07-15" xmlns:xsi="http://www.w3.org/2001/XMLSchema-instance" xsi:schemaLocation="http://schema.primaresearch.org/PAGE/gts/pagecontent/2013-07-15 http://schema.primaresearch.org/PAGE/gts/pagecontent/2013-07-15/pagecontent.xsd">
    <Metadata>
        <Creator>prov=READ-COOP:name=TrHtr:version=2.1.0:model_id=51170:date=01_08_2023_06:25</Creator>
        <Created>2023-05-10T13:29:18.084+02:00</Created>
        <LastChange>2023-08-01T06:25:30.157+02:00</LastChange>
        <TranskribusMetadata docId="1428579" pageId="55412129" pageNr="18" tsid="131652005" status="IN_PROGRESS" userId="64420" imgUrl="https://files.transkribus.eu/Get?id=REBRWAQFHOHLWWXXKWOUDYWS&amp;fileType=view" xmlUrl="https://files.transkribus.eu/Get?id=YJMVXBQABSFNAYQKEWQGXXWW" imageId="44686271"/>
    </Metadata>
    <Page imageFilename="1428579_0018.jpg" imageWidth="3352" imageHeight="4024">
        <ReadingOrder>
            <OrderedGroup id="ro_1711791659715" caption="Regions reading order">
                <RegionRefIndexed index="0" regionRef="tr_1"/>
                <RegionRefIndexed index="1" regionRef="tr_2"/>
            </OrderedGroup>
        </ReadingOrder>
        <TextRegion id="tr_1" custom="readingOrder {index:0;}">
            <Coords points="552,335 3212,335 3212,2060 552,2060"/>
            <TextLine id="tr_1_tl_1" custom="readingOrder {index:0;}">
                <Coords points="2765,449 2791,453 2830,433 2856,459 2866,449 2898,449 2911,231 2852,228 2846,234 2830,218 2823,225 2807,208 2784,205"/>
                <Baseline points="2788,394 2820,391 2865,388 2910,385"/>
                <TextEquiv>
                    <Unicode>27</Unicode>
                </TextEquiv>
            </TextLine>
            <TextLine id="tr_1_tl_2" custom="readingOrder {index:1;}">
                <Coords points="531,716 2432,593 2866,648 3090,602 3093,475 537,528"/>
                <Baseline points="552,626 594,626 638,626 683,626 728,626 773,626 817,623 862,623 907,623 952,620 997,620 1041,620 1086,620 1131,617 1176,617 1220,617 1265,617 1310,617 1355,614 1400,614 1444,611 1489,608 1534,605 1579,605 1623,608 1668,605 1713,603 1758,603 1803,600 1847,597 1892,597 1937,597 1982,594 2026,594 2071,591 2116,591 2161,591 2206,591 2250,588 2295,588 2340,585 2385,582 2429,579 2474,579 2519,576 2564,576 2609,576 2653,573 2698,573 2743,573 2788,573 2832,570 2877,570 2922,567 2967,567 3012,567 3056,567 3101,570"/>
                <TextEquiv>
                    <Unicode>Vielleicht so, dass nur Silberstein und Müller sich auf</Unicode>
                </TextEquiv>
            </TextLine>
            <TextLine id="tr_1_tl_3" custom="readingOrder {index:2;}">
                <Coords points="560,817 2289,843 2677,804 2729,700 2120,720 1967,648 1407,739 563,729"/>
                <Baseline points="579,808 585,808 629,805 674,805 719,805 764,805 808,803 853,800 898,800 943,800 988,800 1032,797 1077,797 1122,794 1167,794 1211,794 1256,791 1301,791 1346,788 1391,788 1435,788 1480,788 1525,785 1570,785 1614,785 1659,782 1704,779 1749,779 1794,779 1838,776 1883,773 1928,773 1973,770 2017,770 2062,767 2107,767 2152,767 2197,764 2241,764 2286,764 2331,761 2376,761 2420,758 2465,758 2510,758 2555,755 2600,755 2644,755 2689,755 2734,761"/>
                <TextEquiv>
                    <Unicode>der szene befinden und beide wütend schreiben.</Unicode>
                </TextEquiv>
            </TextLine>
            <TextLine id="tr_1_tl_4" custom="readingOrder {index:3;}">
                <Coords points="554,1003 1423,1075 1664,980 2699,1006 3038,961 3041,791 2569,879 2403,811 1661,908 557,876"/>
                <Baseline points="573,988 585,985 629,982 674,985 719,982 764,982 808,979 853,976 898,976 943,976 988,976 1032,976 1077,976 1122,976 1167,973 1211,973 1256,970 1301,970 1346,970 1391,967 1435,967 1480,964 1525,964 1570,964 1614,961 1659,961 1704,958 1749,955 1794,955 1838,952 1883,949 1928,949 1973,949 2017,946 2062,946 2107,946 2152,946 2197,946 2241,943 2286,940 2331,940 2376,940 2420,937 2465,934 2510,937 2555,934 2600,934 2644,931 2689,928 2734,928 2779,928 2823,925 2868,925 2913,925 2958,925 3003,928 3047,934"/>
                <TextEquiv>
                    <Unicode>Silberst ein findet das neue Stück Wehrburgs weltfern,</Unicode>
                </TextEquiv>
            </TextLine>
            <TextLine id="tr_1_tl_5" custom="readingOrder {index:4;}">
                <Coords points="557,1172 1140,1162 1280,1244 1670,1153 2364,1185 2595,1133 2598,1000 557,1114"/>
                <Baseline points="576,1167 588,1164 632,1164 677,1161 722,1161 767,1161 811,1158 856,1155 901,1155 946,1155 991,1155 1035,1155 1080,1155 1125,1155 1170,1155 1214,1152 1259,1149 1304,1149 1349,1149 1394,1146 1438,1143 1483,1143 1528,1146 1573,1143 1617,1140 1662,1140 1707,1137 1752,1134 1797,1131 1841,1131 1886,1131 1931,1131 1976,1128 2020,1131 2065,1131 2110,1128 2155,1128 2200,1125 2244,1122 2289,1122 2334,1119 2379,1116 2423,1116 2468,1113 2513,1113 2558,1110 2603,1113"/>
                <TextEquiv>
                    <Unicode>artistisch. Wenn er,Silberstein,Zeit hätte!</Unicode>
                </TextEquiv>
            </TextLine>
            <TextLine id="tr_1_tl_6" custom="readingOrder {index:5;}">
                <Coords points="563,1381 2550,1361 2745,1335 2748,1231 1723,1192 567,1283"/>
                <Baseline points="585,1358 600,1355 644,1349 689,1349 734,1346 779,1343 823,1343 868,1340 913,1340 958,1340 1003,1337 1047,1337 1092,1334 1137,1334 1182,1331 1226,1331 1271,1331 1316,1328 1361,1328 1406,1325 1450,1322 1495,1322 1540,1322 1585,1322 1629,1322 1674,1319 1719,1316 1764,1316 1809,1313 1853,1313 1898,1313 1943,1313 1988,1310 2032,1310 2077,1307 2122,1307 2167,1307 2212,1304 2256,1301 2301,1304 2346,1301 2391,1298 2435,1298 2480,1298 2525,1295 2570,1295 2615,1295 2659,1292 2704,1292 2749,1298"/>
                <TextEquiv>
                    <Unicode>In einem kurzen Gespräch freunden sie sich an.</Unicode>
                </TextEquiv>
            </TextLine>
            <TextLine id="tr_1_tl_7" custom="readingOrder {index:6;}">
                <Coords points="560,1543 2673,1540 3106,1508 3113,1364 563,1443"/>
                <Baseline points="579,1522 611,1522 656,1519 701,1516 746,1516 791,1516 835,1513 880,1513 925,1513 970,1513 1014,1510 1059,1510 1104,1510 1149,1507 1194,1507 1238,1504 1283,1501 1328,1501 1373,1501 1417,1501 1462,1498 1507,1495 1552,1498 1597,1495 1641,1495 1686,1492 1731,1489 1776,1489 1820,1489 1865,1489 1910,1489 1955,1486 2000,1486 2044,1483 2089,1480 2134,1480 2179,1480 2223,1477 2268,1477 2313,1477 2358,1477 2403,1477 2447,1477 2492,1474 2537,1471 2582,1468 2626,1468 2671,1465 2716,1465 2761,1465 2806,1462 2850,1459 2895,1459 2940,1459 2985,1459 3029,1459 3074,1459 3119,1465"/>
                <TextEquiv>
                    <Unicode>Beide kommen aus der Tiefe. Silberstein posiert damit.</Unicode>
                </TextEquiv>
            </TextLine>
            <TextLine id="tr_1_tl_8" custom="readingOrder {index:7;}">
                <Coords points="567,1742 2051,1670 2374,1745 2511,1657 2992,1670 2996,1530 570,1615"/>
                <Baseline points="585,1704 623,1701 668,1698 713,1698 758,1695 803,1695 847,1695 892,1695 937,1692 982,1692 1026,1689 1071,1689 1116,1689 1161,1686 1206,1686 1250,1683 1295,1683 1340,1680 1385,1680 1429,1680 1474,1680 1519,1677 1564,1677 1609,1677 1653,1677 1698,1674 1743,1674 1788,1671 1832,1668 1877,1668 1922,1668 1967,1668 2011,1665 2056,1665 2101,1665 2146,1662 2191,1662 2235,1665 2280,1665 2325,1665 2370,1665 2414,1659 2459,1653 2504,1653 2549,1650 2594,1647 2638,1644 2683,1644 2728,1641 2773,1641 2817,1641 2862,1641 2907,1638 2952,1635 2997,1638"/>
                <TextEquiv>
                    <Unicode>Müller ist mit seinen Artikel fertig, geht zu Markus</Unicode>
                </TextEquiv>
            </TextLine>
            <TextLine id="tr_1_tl_9" custom="readingOrder {index:8;}">
                <Coords points="570,1924 632,1941 713,1889 765,1934 941,1967 941,1791 847,1814 759,1788 694,1810 664,1794 570,1801"/>
                <Baseline points="588,1880 632,1877 677,1877 722,1877 767,1877 811,1874 856,1874 901,1877 946,1880"/>
                <TextEquiv>
                    <Unicode>hinein.</Unicode>
                </TextEquiv>
            </TextLine>
            <TextLine id="tr_1_tl_10" custom="readingOrder {index:9;}">
                <Coords points="589,2068 3103,2058 3201,2048 3207,1879 593,1947"/>
                <Baseline points="608,2044 614,2044 659,2047 704,2050 749,2050 794,2050 838,2050 883,2050 928,2047 973,2047 1017,2047 1062,2044 1107,2044 1152,2041 1197,2041 1241,2038 1286,2038 1331,2038 1376,2035 1420,2035 1465,2035 1510,2032 1555,2032 1600,2029 1644,2029 1689,2029 1734,2029 1779,2026 1823,2023 1868,2020 1913,2020 1958,2020 2003,2017 2047,2017 2092,2017 2137,2017 2182,2014 2226,2011 2271,2011 2316,2011 2361,2009 2406,2009 2450,2011 2495,2011 2540,2009 2585,2006 2629,2003 2674,2000 2719,2000 2764,2000 2809,1997 2853,1997 2898,1997 2943,1994 2988,1994 3032,1991 3077,1991 3122,1991 3167,1991 3212,1994"/>
                <TextEquiv>
                    <Unicode>Nun eine Szene zwischen Silberstein und jemanden andern.</Unicode>
                </TextEquiv>
            </TextLine>
        </TextRegion>
        <TextRegion id="tr_2" custom="readingOrder {index:1;}">
            <Coords points="597,2120 3146,2120 3146,3484 597,3484"/>
            <TextLine id="tr_2_tl_1" custom="readingOrder {index:0;}">
                <Coords points="583,2296 2901,2231 3090,2201 3093,2094 586,2165"/>
                <Baseline points="605,2232 635,2229 680,2229 725,2229 770,2229 814,2226 859,2226 904,2226 949,2223 994,2223 1038,2223 1083,2220 1128,2220 1173,2220 1217,2217 1262,2217 1307,2214 1352,2214 1397,2214 1441,2214 1486,2212 1531,2209 1576,2212 1620,2212 1665,2209 1710,2206 1755,2203 1800,2203 1844,2200 1889,2200 1934,2200 1979,2197 2023,2194 2068,2194 2113,2194 2158,2191 2203,2188 2247,2188 2292,2188 2337,2185 2382,2185 2426,2185 2471,2185 2516,2185 2561,2185 2606,2179 2650,2179 2695,2176 2740,2176 2785,2173 2829,2173 2874,2173 2919,2173 2964,2170 3009,2170 3053,2170 3098,2173"/>
                <TextEquiv>
                    <Unicode>Eventuell mit Cajetan, der schon früher dagewesen sein</Unicode>
                </TextEquiv>
            </TextLine>
            <TextLine id="tr_2_tl_2" custom="readingOrder {index:1;}">
                <Coords points="580,2429 2410,2432 2436,2309 2133,2263 1716,2335 580,2348"/>
                <Baseline points="597,2420 603,2420 647,2412 692,2409 737,2409 782,2409 826,2409 871,2409 916,2409 961,2406 1005,2406 1050,2403 1095,2403 1140,2403 1185,2400 1229,2400 1274,2397 1319,2397 1364,2397 1408,2394 1453,2391 1498,2391 1543,2388 1588,2388 1632,2388 1677,2385 1722,2385 1767,2385 1811,2385 1856,2382 1901,2379 1946,2379 1991,2376 2035,2376 2080,2376 2125,2376 2170,2373 2214,2373 2259,2370 2304,2370 2349,2370 2394,2370 2438,2376"/>
                <TextEquiv>
                    <Unicode>müsste, und nun mit neuen Notizen kommt.</Unicode>
                </TextEquiv>
            </TextLine>
            <TextLine id="tr_2_tl_3" custom="readingOrder {index:2;}">
                <Coords points="586,2608 974,2612 1052,2657 1302,2585 1456,2625 1609,2579 1941,2602 1944,2504 1706,2445 1413,2514 1107,2530 892,2475 589,2514"/>
                <Baseline points="605,2597 650,2594 695,2591 740,2591 785,2588 829,2588 874,2588 919,2588 964,2585 1008,2582 1053,2582 1098,2582 1143,2579 1188,2579 1232,2576 1277,2576 1322,2576 1367,2573 1411,2573 1456,2570 1501,2570 1546,2567 1591,2567 1635,2567 1680,2567 1725,2564 1770,2564 1814,2564 1859,2564 1904,2561 1949,2570"/>
                <TextEquiv>
                    <Unicode>Adele Loser bleibt fraglich.</Unicode>
                </TextEquiv>
            </TextLine>
            <TextLine id="tr_2_tl_4" custom="readingOrder {index:3;}">
                <Coords points="596,2791 3113,2735 3142,2598 599,2693"/>
                <Baseline points="614,2758 638,2758 683,2755 728,2752 773,2752 817,2752 862,2752 907,2752 952,2749 997,2749 1041,2746 1086,2743 1131,2743 1176,2740 1220,2740 1265,2740 1310,2737 1355,2737 1400,2737 1444,2737 1489,2731 1534,2731 1579,2731 1623,2728 1668,2725 1713,2725 1758,2725 1803,2728 1847,2725 1892,2728 1937,2725 1982,2722 2026,2722 2071,2722 2116,2719 2161,2719 2206,2716 2250,2713 2295,2716 2340,2713 2385,2713 2429,2713 2474,2710 2519,2707 2564,2704 2609,2707 2653,2704 2698,2704 2743,2704 2788,2704 2832,2704 2877,2704 2922,2701 2967,2698 3012,2698 3056,2695 3101,2695 3146,2704"/>
                <TextEquiv>
                    <Unicode>Jemand, am besten Kohnberger, von Markus hat den Artikel</Unicode>
                </TextEquiv>
            </TextLine>
            <TextLine id="tr_2_tl_5" custom="readingOrder {index:4;}">
                <Coords points="602,2976 2937,2914 2937,2797 2615,2745 2436,2820 606,2852"/>
                <Baseline points="620,2931 662,2928 707,2928 752,2928 797,2931 841,2928 886,2928 931,2928 976,2931 1020,2931 1065,2928 1110,2928 1155,2925 1200,2922 1244,2919 1289,2922 1334,2919 1379,2916 1423,2916 1468,2913 1513,2910 1558,2910 1603,2910 1647,2910 1692,2907 1737,2907 1782,2907 1826,2907 1871,2907 1916,2907 1961,2904 2006,2904 2050,2904 2095,2904 2140,2904 2185,2901 2229,2898 2274,2898 2319,2895 2364,2895 2409,2892 2453,2892 2498,2892 2543,2889 2588,2889 2632,2886 2677,2886 2722,2886 2767,2883 2812,2883 2856,2880 2901,2880 2946,2886"/>
                <TextEquiv>
                    <Unicode>Müllers gehört, scheint entzdickt, erzählt, dass auch</Unicode>
                </TextEquiv>
            </TextLine>
            <TextLine id="tr_2_tl_6" custom="readingOrder {index:5;}">
                <Coords points="596,3152 3022,3093 3103,2963 596,3045"/>
                <Baseline points="614,3116 644,3113 689,3110 734,3107 779,3110 823,3107 868,3107 913,3104 958,3104 1003,3104 1047,3101 1092,3101 1137,3098 1182,3098 1226,3098 1271,3095 1316,3095 1361,3092 1406,3092 1450,3092 1495,3092 1540,3089 1585,3089 1629,3092 1674,3089 1719,3089 1764,3092 1809,3089 1853,3086 1898,3083 1943,3080 1988,3080 2032,3077 2077,3074 2122,3077 2167,3074 2212,3074 2256,3071 2301,3071 2346,3071 2391,3068 2435,3071 2480,3068 2525,3068 2570,3068 2615,3068 2659,3065 2704,3062 2749,3062 2794,3062 2838,3059 2883,3059 2928,3059 2973,3059 3018,3056 3062,3056 3107,3056"/>
                <TextEquiv>
                    <Unicode>Markus begeistert ist, sagt zu Silberstein: Das werden</Unicode>
                </TextEquiv>
            </TextLine>
            <TextLine id="tr_2_tl_7" custom="readingOrder {index:6;}">
                <Coords points="596,3341 749,3308 876,3331 957,3302 993,3331 1110,3318 1149,3354 1335,3341 1335,3220 922,3159 746,3237 668,3217 596,3237"/>
                <Baseline points="614,3295 626,3292 671,3292 716,3292 761,3289 805,3289 850,3289 895,3289 940,3289 985,3289 1029,3289 1074,3286 1119,3283 1164,3283 1208,3283 1253,3283 1298,3286 1343,3283"/>
                <TextEquiv>
                    <Unicode>Sie nie können.</Unicode>
                </TextEquiv>
            </TextLine>
            <TextLine id="tr_2_tl_8" custom="readingOrder {index:7;}">
                <Coords points="602,3478 856,3559 1403,3474 2289,3530 2598,3432 3051,3465 3133,3341 606,3360"/>
                <Baseline points="620,3474 629,3471 674,3468 719,3468 764,3471 808,3471 853,3468 898,3468 943,3465 988,3465 1032,3462 1077,3459 1122,3459 1167,3459 1211,3456 1256,3456 1301,3456 1346,3453 1391,3453 1435,3453 1480,3450 1525,3450 1570,3450 1614,3453 1659,3447 1704,3447 1749,3447 1794,3444 1838,3444 1883,3441 1928,3444 1973,3441 2017,3441 2062,3444 2107,3447 2152,3444 2197,3444 2241,3441 2286,3435 2331,3435 2376,3432 2420,3432 2465,3429 2510,3426 2555,3426 2600,3426 2644,3423 2689,3423 2734,3423 2779,3423 2823,3420 2868,3420 2913,3420 2958,3418 3003,3418 3047,3415 3092,3415 3137,3412"/>
                <TextEquiv>
                    <Unicode>Müller müsste vorher schon einige sonderbare Geschich-</Unicode>
                </TextEquiv>
            </TextLine>
        </TextRegion>
    </Page>
</PcGts>
