3336 4008
2755 235 2880 455 59
455 461 1650 681 12. Die Zurückbleibenden.
464 634 2300 857 Voll, Obendorfer, Kohnberger, Silberstein.
461 784 2943 1023 Silverstein: Ich hab's immer gewusst, er ist ein gros-
464 1039 1013 1217 ses Talent.
480 1158 3003 1371 Voll: Wahrscheinlich wird er keine Sachlichkeit haben.
496 1365 2601 1544 Ohne Sachlichkeit ist leicht talentiert sein.
496 1522 2893 1757 Obendorfer. (zu voll) Von morgen an gehen Sie in den
505 1766 1126 1930 Geric htssaal.
502 1835 2865 2093 Voll: Ich widme mich der aktiven Politik und lasse
493 2115 1095 2278 mich wählen.
508 2253 2723 2479 Silberstein will sein Referat weiter schreiben.
502 2579 2993 2808 Ganz zum Schluss sollte noch Kajetan mit irgend einer
518 2786 2369 2937 burlesk-unwichtigen Meldung erscheinen.
