3320 3976
2773 256 2908 500 10
449 423 2664 632 ihr die Kur. Fink wird heute wohl nicht kommen.
436 612 2921 830 Plötzlich erscheint er, die Versammlung ist aufgelöst
449 795 818 1010 worden.
446 920 2940 1196 Die junge Frau entfernt sich, über den Besuch der jun-
458 1183 1696 1382 gen Herren etwas erstaunt.
452 1321 2812 1552 Fink wird von Engel und Graf Y. mit der Mitteilung
449 1545 2873 1712 überrascht, dass er morgen um sechs Uhr Früh mit dem
458 1670 3014 1876 Verfasser jenes Artikels ein Pistolenduell haben werde.
465 1866 2979 2078 Engel und Y. hatten eben eine Besprechung mit dem geg-
458 2062 1533 2283 nerischen Sekundanten. -
468 2238 1629 2456 Fink und die junge Frau.
465 2421 2988 2597 Fink muss eingestehen, resp. lügt! Die Zwei haben mich
462 2575 3036 2796 gefordert im Namen des Herrn aus der „Eleganz“, den ich
471 2789 1212 2988 beleidigt habe.
471 2934 2886 3133 Du wirst doch nicht annehmen? Ihr perhorresziert ja
487 3133 1013 3344 das Duell.
478 3270 2940 3533 Natürlich nicht. Aber ich muss auf die Redaktion die
