3320 4008
2695 324 2830 440 61
440 478 2220 693 Engler, sein Sohn Egon, Freiwilliger (?)
440 693 3016 834 Egon: Hast du schon gelesen? Unser Herr Fink wird heute
446 895 2163 1065 im „Tagewerk“ alberner Snob genannt.
446 1011 2901 1194 Engler: Geschieht ihm recht. Ich war immer gegen den
449 1203 2840 1418 scharfen Ton. Wozu brauchen wir Politik zu treiben?
449 1396 2012 1595 Ich hätte nicht nachgehen sollen.
452 1566 2971 1713 Egon! Unser Glück. Wir werden ein Tagesblatt, ein wahr-
440 1742 2846 1909 haft reaktionäres Blatt, ein echtes Adelsblatt. Aber
449 1916 2991 2102 Fink darf sich das nicht gefallen lassen. Jetzt wird's
462 2089 1746 2281 sich zeigen, was an ihm ist.
465 2281 2743 2432 Engler: Zweifelst duf Ihr seid ja intime Freunde.
456 2416 2869 2615 Egon: Er mit mir, Uebrigens ein netter Kerl. Fabel-
459 2634 2917 2779 haftes Glück bei Frauen. Gestern scheint es hat sich
465 2808 2955 2978 die Baronin in ihn verschossen. Solltest du's für möge
456 3010 3007 3154 lich halten, während des Rennens war er mit ihr in der
475 3186 728 3337 Loge.
472 3289 2259 3549 Engler: Was willst du also eigentlich?
