3304 3976
2672 185 2798 419 82
351 374 1466 618 11. Funk - die Baronin.
348 578 2720 790 Sie ist gegen Vierzig, noch sehr hübsch, ein bischen
325 796 1976 1004 geschminkt, von wirklicher Eleganz.
364 972 2242 1176 Funk: sie sind es selbst? Welches Glück!
361 1105 2750 1329 Raronin: Ich wollte eigentlich Ihren Chef sprechen.
806 1277 1024 1381 auch
358 1329 2779 1492 zum Teil xxx Ihretwegen. Sie wissen ja, was sich vor-
377 1462 2840 1722 bereitet: habe Telegramm von meinem Mann aus Tenerif-
380 1684 2493 1849 fa, dass er sich an dem Unternehmen beteiligt.
393 1830 2662 2025 Funk: Wie, er kommt nach Wien zu Ihrem Gartenfest?
374 2041 2844 2184 Baronin: Aber, für den sind die Feste lang vorbei, lei-
393 2187 2821 2389 der. Seit 12 Jahren ist er aufgegeben und lebt immer
396 2376 2857 2551 im Aliden. Sie müssen kein solchen Beileidsgesicht ma-
400 2590 1687 2762 chen. Es geht ihm glänzend.
387 2714 2038 2948 Funk: Also woran beteiligt er sich?
393 2876 2912 3084 Baronin: Nun, an dem Blatt, das aus der „Eleganten Welt“
416 3065 2230 3279 entstehen soll. Sie wissen noch nicht?
364 3263 2977 3474 Funk: o ja, aber ich dachte nicht, dass sich Baronin auch
422 3435 1381 3660 daftir interessieren.
