3336 3976
425 374 2955 540 Die Baronin gibt ihm ein Rendez-vous. Sie ist etwas ab-
428 559 2383 700 getakelt und nennt ihn mein junger Held.
428 735 2927 914 2. In der Redaktion des sozialdemokratischen Blattes.
441 946 2534 1061 Eventuell Beratung über eine Theatergründung.
435 1128 837 1259 Figuren.
435 1291 2891 1399 Ueber den Artikel, der so viel Aufsehen gemacht hat.
431 1486 3000 1598 Er schreibt glänzend. Bald erscheint Fink. Weniger ele-
438 1677 2224 1783 gant als im ersten Bild, im Calabreser.
441 1828 2872 1984 Er mis s weg, um einer Arbeiterversammlung in der Pro-
441 2032 1262 2144 vinz beizuwohnen.
444 2166 2872 2300 Er soll als sozialdemokratischer Abgeordneter kandi-
447 2361 1636 2537 dieren. Man redet ihm zu.
447 2511 2106 2665 Er will Wien jetzt nicht verlassen.
444 2629 2939 2837 Ich höre, die Leute von der „Eleganz“ wollen sich mei-
441 2850 3006 3054 nen Artikel nicht gefallen lassen. Es trifft sich doch
441 3061 1687 3208 gut, dass er jetzt abreist.
300 3208 2834 3409 Der Redakteur erklärt, dass er die Leute die Treppe
