3544 4184
2783 491 2959 613 191
1164 596 2971 837 Er hat nur eine unklare Ahnung von
1174 793 2971 940 ihrem Wesen, xxx dumpfes Gefühl von
1182 908 3135 1147 der Gefahr, den Ihre Abgeschlossenheit,
1182 1055 2800 1289 ihr Dünkel, ihr Egotsmus für dIe
1155 1274 3066 1448 Menschheit bedeutet. Und ganz richtig
1177 1360 2917 1594 spürt er, dass ihr gefährlichsten
1167 1533 2878 1760 Bundesgenosse der Snob ist der ja
1177 1684 3015 1926 meistens noch etwas Schlimmeres ist
1174 1826 3074 2068 als ein Snob, nämlich ein Renegat,ein
2820 1963 3074 2058 Thiem
3096 1924 3352 2117 ceust
1174 1999 3027 2212 Feigling und ein Lakai. Aber was ihm
1167 2134 3117 2388 mangelt ist offenbar jede persönliche
732 2187 1091 2385 Colege
1177 2341 2971 2539 Erfahrung.Sonst könnte es ihm auch
1179 2453 3013 2683 nicht passieren,so wenig wie Ihnen,
1189 2588 3149 2832 dass er-einen Grafen Niederhof als den
1184 2798 3142 3017 Repräsentanten dieser Kreise auffasst,
1189 2915 3130 3147 der doch nichts anderes vorstellt, als
1186 3096 2251 3288 ihren dummen Augast.
1174 3276 3091 3425 Fliederbusch: Etwas stark, was Sie da
1199 3435 1736 3630 behaupten.
1199 3525 3132 3752 styx: Und és ist noch immer die beste
1191 3689 3049 3911 Rolle, dieman ihm zuweisen kann. Denn
