3288 3976
2706 191 2840 363 84
443 370 2955 625 Wir brauchen welche von den Zeitungen. Und da Sie aus-
449 551 3015 832 serdem „von“ sind - (Also das früher von dem bürgerlich
456 759 810 975 fort).
453 944 2958 1141 Funk: Bitte sehr, das „von", das ist nur Pseudonym. Ich
459 1132 1597 1326 heisse schlechtweg Funk.
456 1291 1559 1508 Baronin: (lacht) Ah so.
456 1501 1332 1661 Funk: Allerdings -
459 1597 2120 1826 Baronin! Also was wollen Sie sagen?
462 1833 2952 2005 Funk: Verzeihen Frau Baronin, das wäre eine Indiskre-
494 1995 3006 2164 tion gegen meine Familie. Mein Grossvater oder mein Ur
494 2203 3015 2375 grossvater - es heisst wenigstens so - aber wir tragen
494 2356 2987 2505 den Adel nicht mehr. Wir sind verarmt. (Erfindet noch
494 2553 2518 2716 allerlei). Aber ich langweile Frau Baronin.
484 2681 2971 2882 Baronin: Was fällt Ihnen ein. Sie erzählen so hühsch.
494 2885 2968 3095 Funk: Frau Baronin flössen mir solches Vertrauen ein,
497 3063 2802 3286 man hat so gæ niemanden.. (Es wird telefoniert).
497 3235 2932 3452 Funk: Entschuldigen, Frau Baronin.- Herr Rittmeister
