3368 4040
2772 235 2889 485 57
453 504 1567 717 10. Silberstein - Fink.
460 641 1925 910 Silberstein neuerdings gerührt.
463 748 3013 1037 Heute Abend kann er leider nicht zu Fink kommen, er ist
476 1005 2892 1249 geladen. (nachdem er vorher gesagt hat, dass er ganz
495 1243 1116 1452 einsam lebt.)
495 1557 2994 1741 Kohnberger, eventuell auch voll und Obendorfer kommen.
514 1725 2156 1938 Irgendwelche politische Telegramme.
514 1874 2990 2153 Oder Ueberschwemmungkatastrophe. Die ganze Einteilung
526 2087 2236 2331 des Blattes muss umgestossen werden.
533 2350 714 2493 22
