3320 4008
2613 309 2728 450 67
424 473 3066 762 5. Engler - Graf - Funk kommt, sehr elegant, wirklich fast
444 723 1025 904 unkenntlich.
434 881 2747 1078 Der Graf freut sich ihn endlich kennen zu lernen.
444 1055 2846 1262 Habe ich Sie nicht gestern flüchtig in der Loge der
450 1239 1213 1439 Baronin gesehen?
444 1413 1748 1617 Graf macht ihm Komplimente.
450 1577 2869 1778 Funk hat ihn seit jeher bewundert, erzählt wohl erst
490 1771 1965 1955 jetzt von jener Praterbegegnung.
460 1955 2958 2133 Graf: Wir haben Grosses mit Ihnen vor. Wir müssen Sie
467 2110 2879 2277 für die Angriffe, denen Sie ausgesetzt sind, schadlos
490 2300 2034 2507 halten. Besuchen Sie mich morgen.
477 2465 2981 2675 Funk: (zu Engler) Haben Sie den Artikel gegen mich im
532 2613 3007 2839 .Tagewerk“ gelesen? Soll man darauf überhaupt noch er-
493 2872 838 3010 widern?
500 2921 3017 3191 Engler: Es gibt sogar Leute, die finden, man sollte noch
496 3211 1144 3372 mag mehr tun.
496 3368 2705 3572 Graf: Schreiben Sie gegen die Sozialdemokratie.
