3352 4024
2725 276 2838 439 29
427 436 2948 665 Haus zurückkommt, und durch die Anwesenheit der beiden
436 646 2867 790 Herren eventuell erst durch das Erscheinen von Egon
448 759 2725 997 Engel und des zweiten Sekundanten Finka Verdacht
430 1000 759 1167 fasst.
439 1117 2148 1358 Jedenfalls wird sie wieder entfernt.
458 1314 2888 1515 Verhandlungen der beiden Sekundanten. Scharfe Bedin-
442 1556 803 1734 gungen.
448 1675 2017 1904 Egon Engel besonders blutdürstig,
448 1857 2537 2108 Ein Duell auf Tod und Leben wird verabredet.
448 2061 1556 2261 Morgen Mittag um zwölf.
