3336 4008
2848 273 2963 474 24
1351 442 1958 655 Dritter Akt.
470 668 2139 874 In der Wohnung Fanks resp. Millers.
467 807 3023 1055 Bescheidenes Heim. Zuerst Fink allein. Ob es ganz ohne
467 985 2912 1211 Monolog abgehen kann, fraglich. Er führt sein Doppel-
480 1224 1529 1408 leben noch nicht lang.
490 1373 2193 1586 Er ist vielleicht bereit zu fliehen.
496 1551 3017 1767 Er denkt daran mit der Baronesse ins Ausland zu gehen.
505 1707 3036 1926 Aber dazu müsste er doch der Baronesse alles gestehen.
528 1914 2349 2092 Und was soll mit seiner Frau geschehen?
512 2101 2931 2314 Szene zwischen ihm und seiner Frau. Sie scheint ein
515 2270 2998 2457 liebes harmloses Geschöpf und tut ihm ein wenig leid.
524 2454 3029 2635 Die Polenik zwischen Fink und Müller müsste schon län-
531 2632 3045 2829 gere Zeit im Gange sein. Stellung Müllers in der libe-
534 2807 3033 2978 ralen Zeitung das Primäre. Seine Artikel, insbesondere
534 2963 2959 3207 sein letzter, hat dazu geführt, dass man ihm ein Abge-
537 3176 1640 3414 ordnetenmandat anträgt.
