3352 4024
2688 175 2838 392 15
379 420 2902 647 Militär musste ausrücken. Einige Arbeiter wurden getö-
398 612 2831 796 tet und verwundet. In einer hierauf bezüglichen Par-
385 790 2940 1010 lamentsdebatte erhob sich graf Niederhof und sprach im
401 962 2902 1163 Namen der Ordnung, ja des Absolutismus über den Unwert
424 1121 2889 1354 des Lebens Einzelner. Hierüber grosse Entrüstung, ins-
420 1344 2819 1526 besondere in den sozialdemokratischen, und liberalen
424 1491 2816 1685 Blättern. Für den Grafen Niederhof trat ein Artikel
436 1656 2742 1860 in der klerikal angehauchten aus einem Sportblatt
436 1835 2886 2042 sich allmählich zu einer politischen Zeitschrift ent-
446 1984 2825 2226 wickelt habenden Zeitung „Salon" (eventuell„Aus ho-
452 2220 2984 2427 hen Kreisen", eventuell „Blaublut") ein. Es wurde darin
462 2354 2956 2561 Aristokratie,Rassenreinheit ausgespielt gegenüber dem
452 2532 2991 2787 Pöbel,ja sogar der arbeitenden Bevölberung. Es ist die
468 2739 2940 2930 schon bekannte Feder eines gewissen Fink (besser ir-
471 2959 1370 3140 gend eine Chiffre).
475 3067 2873 3306 Voll hat eben einen Artikel dagegen geschrieben, der
478 3290 2841 3465 aber Markus' Zufriedenheit nicht findet. Er ist zu
