3304 3976
2722 178 2854 447 el.
463 466 2916 650 10. Funk allein, hin und her. Also, was jetzt? Er verge-
460 595 2968 841 wissert sich zuerst, dass die Freunde weg sind, dann te-
476 786 2822 997 lefoniert er. Hier Fink - wer dort? Redaktion, aber
476 945 2955 1172 wer? Ha, Kohnberger. Ich wollte nur sagen, ich komm heut
479 1133 2997 1330 um 12 nicht ins Bureau,Gerichtsverhandlung. (eventuell
476 1330 2919 1515 krankes Kind) - Wie,wer war dort? Vieder um 12? Voll
482 1495 2832 1683 hat meinen Namen genannt? Sie finden, ich soll mich
479 1728 3081 1871 schlagen? Na ja. (Besser telefoniert er mit Obendorfer).
489 1848 2883 2029 Also, wollen Sie meine Vertretung übernehmen? Aber da
1547 2023 2036 2123 überlegen.
479 2036 2955 2243 ist ja noch so viel zu übernommen. Sagen Sie den Her-
482 2207 2835 2417 ren, sie möchten mich abends um 6 in meiner Wohnung
495 2414 987 2628 aufsuchen.
485 2602 2188 2790 Jetzt tritt der Redaktionsdäher ein.
485 2722 2961 2958 Funk: (zu Tod erschrocken) Ich rufe später wieder an.
518 2945 1078 3136 (läutet ab).
502 3117 1812 3327 Diener: (bringt eine Karte).
498 3285 1547 3511 Funk: Ist es möglich?
