<?xml version="1.0" encoding="UTF-8" standalone="yes"?>
<PcGts xmlns="http://schema.primaresearch.org/PAGE/gts/pagecontent/2013-07-15" xmlns:xsi="http://www.w3.org/2001/XMLSchema-instance" xsi:schemaLocation="http://schema.primaresearch.org/PAGE/gts/pagecontent/2013-07-15 http://schema.primaresearch.org/PAGE/gts/pagecontent/2013-07-15/pagecontent.xsd">
    <Metadata>
        <Creator>prov=READ-COOP:name=TrHtr:version=2.1.0:model_id=51170:date=01_08_2023_06:25</Creator>
        <Created>2023-05-10T13:29:36.429+02:00</Created>
        <LastChange>2023-08-01T06:25:59.249+02:00</LastChange>
        <TranskribusMetadata docId="1428579" pageId="55412869" pageNr="128" tsid="131652116" status="IN_PROGRESS" userId="64420" imgUrl="https://files.transkribus.eu/Get?id=WMJRHDYSPLYMYRCJXEIXBCLR&amp;fileType=view" xmlUrl="https://files.transkribus.eu/Get?id=GFRXPQNEVHOFMJAVUGIAFCLI" imageId="44687010"/>
    </Metadata>
    <Page imageFilename="1428579_0128.jpg" imageWidth="3480" imageHeight="4200">
        <ReadingOrder>
            <OrderedGroup id="ro_1711791753837" caption="Regions reading order">
                <RegionRefIndexed index="0" regionRef="tr_1"/>
                <RegionRefIndexed index="1" regionRef="tr_2"/>
            </OrderedGroup>
        </ReadingOrder>
        <TextRegion id="tr_1" custom="readingOrder {index:0;}">
            <Coords points="904,409 3220,409 3220,1860 904,1860"/>
            <TextLine id="tr_1_tl_1" custom="readingOrder {index:0;}">
                <Coords points="2636,498 2667,495 2694,513 2746,507 2780,533 2838,510 2890,527 2908,510 2969,498 2977,327 2879,371 2844,359 2775,379 2746,365 2644,362"/>
                <Baseline points="2653,474 2659,474 2704,474 2749,474 2794,474 2838,471 2883,468 2928,462 2973,459"/>
                <TextEquiv>
                    <Unicode>192 6</Unicode>
                </TextEquiv>
            </TextLine>
            <TextLine id="tr_1_tl_2" custom="readingOrder {index:1;}">
                <Coords points="930,655 1092,701 2288,655 2285,536 2187,501 1935,547 1781,492 1367,542 927,521"/>
                <Baseline points="943,600 988,600 1032,600 1077,597 1122,600 1167,600 1211,602 1256,600 1301,602 1346,602 1391,605 1435,608 1480,611 1525,614 1570,614 1614,617 1659,620 1704,617 1749,617 1794,614 1838,617 1883,614 1928,614 1973,614 2017,614 2062,614 2107,617 2152,620 2197,623 2241,629 2286,638 2292,638"/>
                <TextEquiv>
                    <Unicode>Fliederbusch. Sie haben</Unicode>
                </TextEquiv>
            </TextLine>
            <TextLine id="tr_1_tl_3" custom="readingOrder {index:2;}">
                <Coords points="927,814 1515,857 1871,779 2879,799 2879,710 2607,678 927,695"/>
                <Baseline points="943,761 988,758 1032,761 1077,761 1122,758 1167,758 1211,758 1256,758 1301,758 1346,758 1391,764 1435,767 1480,764 1525,764 1570,764 1614,764 1659,764 1704,767 1749,767 1794,770 1838,767 1883,770 1928,770 1973,770 2017,770 2062,770 2107,767 2152,770 2197,770 2241,770 2286,773 2331,773 2376,773 2420,776 2465,776 2510,776 2555,776 2600,776 2644,776 2689,779 2734,779 2779,779 2823,782 2868,785 2886,788"/>
                <TextEquiv>
                    <Unicode>styx: Genug. Sell ich Ihnen einen Namen</Unicode>
                </TextEquiv>
            </TextLine>
            <TextLine id="tr_1_tl_4" custom="readingOrder {index:3;}">
                <Coords points="921,927 1251,924 1338,999 2004,935 2792,985 2951,973 2951,843 918,825"/>
                <Baseline points="937,907 982,904 1026,907 1071,907 1116,907 1161,910 1205,910 1250,910 1295,910 1340,910 1385,910 1429,913 1474,916 1519,919 1564,916 1608,916 1653,919 1698,919 1743,916 1788,919 1832,919 1877,919 1922,922 1967,922 2011,922 2056,922 2101,922 2146,925 2191,925 2235,925 2280,928 2325,925 2370,925 2414,928 2459,928 2504,928 2549,931 2594,934 2638,934 2683,934 2728,931 2773,931 2817,934 2862,934 2907,937 2952,934 2958,931"/>
                <TextEquiv>
                    <Unicode>nennen, den ich längst nicht mehr trage?</Unicode>
                </TextEquiv>
            </TextLine>
            <TextLine id="tr_1_tl_5" custom="readingOrder {index:4;}">
                <Coords points="2751,1037 2766,1037 2786,1025 2804,1025 2827,1037 2870,1037 2870,964 2856,964 2847,973 2812,967 2804,976 2786,973 2775,982 2766,976 2751,976"/>
                <Baseline points="2767,1014 2811,1014 2856,1014 2877,1014"/>
                <TextEquiv>
                    <Unicode>in</Unicode>
                </TextEquiv>
            </TextLine>
            <TextLine id="tr_1_tl_6" custom="readingOrder {index:5;}">
                <Coords points="918,1083 2963,1121 2960,1025 2679,962 2340,938 1836,1028 915,962"/>
                <Baseline points="931,1053 976,1056 1020,1056 1065,1062 1110,1062 1155,1062 1200,1062 1244,1062 1289,1065 1334,1065 1379,1068 1423,1068 1468,1071 1513,1077 1558,1074 1602,1074 1647,1074 1692,1071 1737,1071 1782,1074 1826,1074 1871,1077 1916,1074 1961,1074 2005,1074 2050,1077 2095,1077 2140,1077 2185,1080 2229,1080 2274,1077 2319,1080 2364,1080 2408,1080 2453,1083 2498,1083 2543,1086 2588,1086 2632,1086 2677,1086 2722,1083 2767,1083 2811,1086 2856,1086 2901,1086 2946,1095 2970,1104"/>
                <TextEquiv>
                    <Unicode>Wir wissen ja,wir beide,wie wenig Namen</Unicode>
                </TextEquiv>
            </TextLine>
            <TextLine id="tr_1_tl_7" custom="readingOrder {index:6;}">
                <Coords points="915,1263 2856,1271 2815,1112 2647,1170 912,1115"/>
                <Baseline points="928,1211 973,1211 1017,1211 1062,1214 1107,1217 1152,1217 1197,1217 1241,1220 1286,1220 1331,1220 1376,1220 1420,1223 1465,1223 1510,1223 1555,1226 1600,1223 1644,1226 1689,1226 1734,1226 1779,1226 1823,1226 1868,1226 1913,1226 1958,1229 2002,1229 2047,1232 2092,1235 2137,1235 2182,1235 2226,1235 2271,1235 2316,1235 2361,1235 2405,1235 2450,1235 2495,1235 2540,1235 2585,1235 2629,1235 2674,1235 2719,1235 2764,1235 2808,1232 2853,1238 2862,1235"/>
                <TextEquiv>
                    <Unicode>bedeuten. Nun heiss ich etyx und dabei</Unicode>
                </TextEquiv>
            </TextLine>
            <TextLine id="tr_1_tl_8" custom="readingOrder {index:7;}">
                <Coords points="901,1396 1318,1373 1425,1442 1914,1466 2271,1384 2795,1451 3001,1413 3001,1309 898,1283"/>
                <Baseline points="916,1361 961,1364 1005,1367 1050,1367 1095,1370 1140,1370 1185,1370 1229,1373 1274,1373 1319,1373 1364,1373 1408,1373 1453,1373 1498,1373 1543,1373 1588,1376 1632,1376 1677,1376 1722,1379 1767,1379 1811,1379 1856,1379 1901,1382 1946,1382 1991,1382 2035,1382 2080,1382 2125,1382 2170,1382 2214,1382 2259,1382 2304,1385 2349,1385 2394,1385 2438,1385 2483,1388 2528,1391 2573,1391 2617,1394 2662,1394 2707,1394 2752,1394 2797,1397 2841,1394 2886,1394 2931,1394 2976,1394 3008,1391"/>
                <TextEquiv>
                    <Unicode>soll es bleiben bis auf weiters. Ah,ich</Unicode>
                </TextEquiv>
            </TextLine>
            <TextLine id="tr_1_tl_9" custom="readingOrder {index:8;}">
                <Coords points="898,1529 2960,1561 2960,1480 2624,1442 898,1437"/>
                <Baseline points="913,1519 958,1519 1002,1519 1047,1522 1092,1519 1137,1519 1182,1522 1226,1522 1271,1525 1316,1525 1361,1525 1405,1525 1450,1525 1495,1528 1540,1525 1585,1528 1629,1528 1674,1531 1719,1531 1764,1531 1808,1531 1853,1534 1898,1531 1943,1531 1988,1534 2032,1534 2077,1534 2122,1534 2167,1534 2211,1534 2256,1534 2301,1537 2346,1540 2391,1540 2435,1540 2480,1543 2525,1540 2570,1543 2614,1543 2659,1543 2704,1543 2749,1543 2794,1543 2838,1543 2883,1543 2928,1543 2967,1543"/>
                <TextEquiv>
                    <Unicode>könnte Geschichten erzählen, Geschickten</Unicode>
                </TextEquiv>
            </TextLine>
            <TextLine id="tr_1_tl_10" custom="readingOrder {index:9;}">
                <Coords points="976,1605 3148,1628 3125,1535 973,1535"/>
                <Baseline points="991,1591 1035,1594 1080,1588 1125,1585 1170,1585 1214,1585 1259,1588 1304,1588 1349,1588 1394,1591 1438,1591 1483,1591 1528,1594 1573,1594 1617,1597 1662,1600 1707,1602 1752,1597 1797,1597 1841,1597 1886,1594 1931,1594 1976,1594 2020,1594 2065,1597 2110,1600 2155,1602 2200,1605 2244,1605 2289,1608 2334,1608 2379,1611 2423,1611 2468,1608 2513,1608 2558,1605 2602,1605 2647,1605 2692,1605 2737,1605 2782,1608 2826,1608 2871,1605 2916,1605 2961,1605 3005,1608 3050,1611 3095,1614 3140,1617 3155,1623"/>
                <TextEquiv>
                    <Unicode>nicht über das Hof hiclertaf; - und deme weil</Unicode>
                </TextEquiv>
            </TextLine>
            <TextLine id="tr_1_tl_11" custom="readingOrder {index:10;}">
                <Coords points="892,1712 2071,1689 2268,1755 3212,1660 889,1599"/>
                <Baseline points="904,1671 949,1671 994,1671 1038,1671 1083,1674 1128,1674 1173,1677 1217,1677 1262,1674 1307,1677 1352,1680 1397,1680 1441,1680 1486,1680 1531,1680 1576,1680 1620,1683 1665,1683 1710,1683 1755,1683 1800,1683 1844,1686 1889,1686 1934,1686 1979,1686 2023,1683 2068,1686 2113,1686 2158,1689 2202,1686 2247,1686 2292,1689 2337,1692 2382,1689 2426,1692 2471,1689 2516,1692 2561,1689 2605,1692 2650,1692 2695,1695 2740,1698 2785,1698 2829,1698 2874,1695 2919,1692 2964,1692 3008,1692 3017,1692 3050,1695 3095,1680 3140,1683 3185,1689 3220,1695"/>
                <TextEquiv>
                    <Unicode>Herr Fink, anders, als ich sie in der „Ele-</Unicode>
                </TextEquiv>
            </TextLine>
            <TextLine id="tr_1_tl_12" custom="readingOrder {index:11;}">
                <Coords points="892,1851 2951,1880 2922,1761 889,1741"/>
                <Baseline points="907,1829 952,1832 997,1826 1041,1826 1086,1826 1131,1826 1176,1826 1220,1829 1265,1826 1310,1826 1355,1829 1400,1826 1444,1829 1489,1832 1534,1835 1579,1832 1623,1829 1668,1832 1713,1832 1758,1835 1802,1835 1847,1835 1892,1835 1937,1838 1982,1835 2026,1838 2071,1835 2116,1835 2161,1838 2205,1841 2250,1841 2295,1841 2340,1841 2385,1841 2429,1838 2474,1841 2519,1841 2564,1841 2608,1841 2653,1841 2698,1844 2743,1844 2788,1844 2832,1844 2877,1847 2922,1847 2958,1850"/>
                <TextEquiv>
                    <Unicode>ganten Welt" erzählt habe.Und die waren</Unicode>
                </TextEquiv>
            </TextLine>
        </TextRegion>
        <TextRegion id="tr_2" custom="readingOrder {index:1;}">
            <Coords points="844,1929 3047,1929 3047,3693 844,3693"/>
            <TextLine id="tr_2_tl_1" custom="readingOrder {index:0;}">
                <Coords points="912,2004 3041,2030 3018,1894 909,1894"/>
                <Baseline points="928,1994 973,1982 1017,1979 1062,1979 1107,1982 1152,1982 1197,1982 1241,1982 1286,1985 1331,1985 1376,1985 1420,1982 1465,1982 1510,1982 1555,1985 1600,1985 1644,1985 1689,1985 1734,1988 1779,1988 1823,1988 1868,1991 1913,1988 1958,1991 2002,1991 2047,1991 2092,1991 2137,1991 2182,1994 2226,1994 2271,1994 2316,1994 2361,1994 2405,1994 2450,1994 2495,1997 2540,1997 2585,2000 2629,2000 2674,2000 2719,2000 2764,2000 2808,2000 2853,2000 2898,2000 2943,2002 2988,2002 3032,2005 3047,2008"/>
                <TextEquiv>
                    <Unicode>ja auch nicht übel. Und ich werde, ich will</Unicode>
                </TextEquiv>
            </TextLine>
            <TextLine id="tr_2_tl_2" custom="readingOrder {index:1;}">
                <Coords points="889,2169 2876,2181 2873,2074 2511,2016 2117,2088 889,2039"/>
                <Baseline points="904,2131 949,2128 994,2128 1038,2131 1083,2131 1128,2131 1173,2134 1217,2134 1262,2134 1307,2137 1352,2137 1397,2134 1441,2137 1486,2137 1531,2137 1576,2137 1620,2140 1665,2140 1710,2140 1755,2140 1800,2140 1844,2140 1889,2143 1934,2140 1979,2143 2023,2143 2068,2146 2113,2146 2158,2146 2202,2146 2247,2146 2292,2149 2337,2149 2382,2149 2426,2149 2471,2149 2516,2152 2561,2152 2605,2152 2650,2152 2695,2155 2740,2155 2785,2155 2829,2155 2874,2158 2880,2155"/>
                <TextEquiv>
                    <Unicode>sie erzählen. Meine Feder,so lange ent-</Unicode>
                </TextEquiv>
            </TextLine>
            <TextLine id="tr_2_tl_3" custom="readingOrder {index:2;}">
                <Coords points="880,2311 3001,2340 3001,2216 2798,2181 880,2221"/>
                <Baseline points="895,2274 940,2280 985,2280 1029,2283 1074,2286 1119,2286 1164,2286 1208,2289 1253,2289 1298,2289 1343,2289 1388,2289 1432,2289 1477,2289 1522,2292 1567,2292 1611,2292 1656,2292 1701,2292 1746,2292 1791,2292 1835,2292 1880,2295 1925,2295 1970,2298 2014,2301 2059,2301 2104,2301 2149,2301 2194,2301 2238,2301 2283,2301 2328,2301 2373,2301 2417,2304 2462,2301 2507,2301 2552,2301 2597,2304 2641,2301 2686,2304 2731,2304 2776,2307 2820,2307 2865,2307 2910,2310 2955,2307 3000,2307 3008,2310"/>
                <TextEquiv>
                    <Unicode>würdigt und missbraucht, soll sich endlich</Unicode>
                </TextEquiv>
            </TextLine>
            <TextLine id="tr_2_tl_4" custom="readingOrder {index:3;}">
                <Coords points="1975,2401 2051,2395 2059,2387 2082,2404 2175,2395 2175,2329 2161,2329 2146,2317 2111,2323 2097,2308 2065,2329 2036,2334 2022,2323 2013,2331 1975,2334"/>
                <Baseline points="1991,2388 2002,2388 2047,2385 2092,2388 2137,2388 2182,2385"/>
                <TextEquiv>
                    <Unicode>edel</Unicode>
                </TextEquiv>
            </TextLine>
            <TextLine id="tr_2_tl_5" custom="readingOrder {index:4;}">
                <Coords points="889,2450 2934,2508 2931,2363 2676,2329 2135,2404 886,2352"/>
                <Baseline points="901,2432 946,2438 991,2438 1035,2435 1080,2438 1125,2441 1170,2441 1214,2441 1259,2441 1304,2441 1349,2441 1394,2441 1438,2444 1483,2444 1528,2444 1573,2444 1617,2441 1662,2444 1707,2444 1752,2444 1797,2444 1841,2447 1886,2447 1931,2453 1976,2453 2020,2453 2065,2453 2110,2453 2155,2453 2200,2453 2244,2453 2289,2453 2334,2453 2379,2453 2423,2453 2468,2456 2513,2456 2558,2456 2602,2456 2647,2459 2692,2459 2737,2459 2782,2459 2826,2459 2871,2459 2916,2459 2940,2465"/>
                <TextEquiv>
                    <Unicode>in den Dienst einer guten und gerechten</Unicode>
                </TextEquiv>
            </TextLine>
            <TextLine id="tr_2_tl_6" custom="readingOrder {index:5;}">
                <Coords points="863,2595 1567,2673 1871,2598 2974,2630 2972,2554 2688,2485 1804,2557 860,2497"/>
                <Baseline points="880,2588 925,2588 970,2591 1014,2591 1059,2591 1104,2594 1149,2594 1194,2594 1238,2594 1283,2597 1328,2597 1373,2597 1417,2597 1462,2597 1507,2600 1552,2600 1597,2600 1641,2600 1686,2600 1731,2600 1776,2600 1820,2600 1865,2600 1910,2602 1955,2602 2000,2600 2044,2602 2089,2600 2134,2602 2179,2605 2223,2605 2268,2608 2313,2608 2358,2608 2402,2608 2447,2611 2492,2611 2537,2611 2582,2611 2626,2611 2671,2611 2716,2611 2761,2611 2805,2611 2850,2614 2895,2614 2940,2614 2979,2617"/>
                <TextEquiv>
                    <Unicode>Sache stellen. Nie war die Gelegenheit so</Unicode>
                </TextEquiv>
            </TextLine>
            <TextLine id="tr_2_tl_7" custom="readingOrder {index:6;}">
                <Coords points="1796,2685 1839,2696 1854,2714 1883,2688 1909,2696 1935,2691 1952,2702 1964,2691 1981,2696 2001,2685 2027,2685 2027,2633 1996,2633 1967,2610 1955,2621 1917,2624 1909,2615 1900,2621 1883,2604 1822,2636 1796,2630"/>
                <Baseline points="1811,2677 1856,2680 1901,2677 1946,2674 1991,2674 2035,2671"/>
                <TextEquiv>
                    <Unicode>date</Unicode>
                </TextEquiv>
            </TextLine>
            <TextLine id="tr_2_tl_8" custom="readingOrder {index:7;}">
                <Coords points="860,2766 1628,2853 2195,2772 2980,2804 2954,2699 2456,2647 1856,2714 860,2665"/>
                <Baseline points="877,2755 922,2752 967,2749 1011,2749 1056,2749 1101,2752 1146,2752 1191,2752 1235,2755 1280,2755 1325,2755 1370,2752 1414,2755 1459,2755 1504,2752 1549,2752 1594,2752 1638,2752 1683,2755 1728,2755 1773,2755 1817,2758 1862,2758 1907,2758 1952,2758 1997,2761 2041,2761 2086,2761 2131,2761 2176,2758 2220,2758 2265,2758 2310,2761 2355,2761 2400,2761 2444,2764 2489,2764 2534,2767 2579,2767 2623,2767 2668,2764 2713,2764 2758,2767 2802,2767 2847,2770 2892,2773 2937,2782 2982,2785 2988,2788"/>
                <TextEquiv>
                    <Unicode>günstig. Wir wollen keine Zeit verlieren,</Unicode>
                </TextEquiv>
            </TextLine>
            <TextLine id="tr_2_tl_9" custom="readingOrder {index:8;}">
                <Coords points="863,2974 1138,2908 1312,2989 1686,2945 1828,2969 1975,2940 1975,2804 1639,2853 1468,2809 1295,2850 863,2812"/>
                <Baseline points="880,2901 925,2898 970,2898 1014,2898 1059,2901 1104,2901 1149,2901 1194,2901 1238,2901 1283,2904 1328,2904 1373,2904 1417,2904 1462,2904 1507,2907 1552,2904 1597,2907 1641,2910 1686,2913 1731,2910 1776,2907 1820,2907 1865,2907 1910,2913 1955,2916 1979,2925"/>
                <TextEquiv>
                    <Unicode>kommen Sie, Herr Fink.</Unicode>
                </TextEquiv>
            </TextLine>
            <TextLine id="tr_2_tl_10" custom="readingOrder {index:9;}">
                <Coords points="854,3085 1914,3096 1914,2983 1854,2963 1764,2992 1408,2963 1295,3006 854,2969"/>
                <Baseline points="871,3065 916,3065 961,3062 1005,3062 1050,3062 1095,3062 1140,3065 1185,3065 1229,3065 1274,3068 1319,3068 1364,3068 1408,3068 1453,3065 1498,3065 1543,3071 1588,3068 1632,3068 1677,3068 1722,3071 1767,3071 1811,3071 1856,3071 1901,3077 1922,3080"/>
                <TextEquiv>
                    <Unicode>Fliederbusch: Wohin?</Unicode>
                </TextEquiv>
            </TextLine>
            <TextLine id="tr_2_tl_11" custom="readingOrder {index:10;}">
                <Coords points="1717,3134 1787,3134 1845,3171 1885,3145 1917,3154 1940,3131 1969,3154 2097,3134 2169,3154 2172,3044 2100,3027 1883,3108 1845,3076 1781,3105 1720,3093"/>
                <Baseline points="1734,3131 1779,3134 1823,3137 1868,3134 1913,3131 1958,3131 2002,3131 2047,3131 2092,3128 2137,3125 2176,3131"/>
                <TextEquiv>
                    <Unicode>- die noch.</Unicode>
                </TextEquiv>
            </TextLine>
            <TextLine id="tr_2_tl_12" custom="readingOrder {index:11;}">
                <Coords points="851,3212 1353,3218 1439,3281 2106,3212 2972,3264 2972,3116 2896,3102 2772,3163 1848,3171 851,3111"/>
                <Baseline points="868,3197 913,3202 958,3202 1002,3205 1047,3205 1092,3205 1137,3205 1182,3205 1226,3205 1271,3205 1316,3205 1361,3205 1405,3205 1450,3202 1495,3202 1540,3202 1585,3205 1629,3208 1674,3208 1719,3208 1764,3208 1808,3208 1853,3208 1898,3208 1943,3211 1988,3211 2032,3214 2077,3214 2122,3211 2167,3211 2211,3211 2256,3211 2301,3211 2346,3211 2391,3211 2435,3214 2480,3214 2525,3214 2570,3214 2614,3217 2659,3220 2704,3220 2749,3220 2794,3220 2838,3220 2883,3217 2928,3220 2973,3220 2979,3220"/>
                <TextEquiv>
                    <Unicode>styx: Ja,haben Sie mich nicht verstanden?</Unicode>
                </TextEquiv>
            </TextLine>
            <TextLine id="tr_2_tl_13" custom="readingOrder {index:12;}">
                <Coords points="851,3415 2972,3389 2969,3264 2705,3226 1237,3305 849,3258"/>
                <Baseline points="868,3352 913,3352 958,3355 1002,3352 1047,3352 1092,3352 1137,3352 1182,3352 1226,3352 1271,3355 1316,3355 1361,3358 1405,3361 1450,3358 1495,3361 1540,3361 1585,3361 1629,3361 1674,3364 1719,3361 1764,3361 1808,3364 1853,3364 1898,3367 1943,3367 1988,3367 2032,3370 2077,3367 2122,3367 2167,3367 2211,3367 2256,3367 2301,3367 2346,3367 2391,3370 2435,3370 2480,3370 2525,3370 2570,3370 2614,3370 2659,3370 2704,3373 2749,3373 2794,3373 2838,3373 2883,3373 2928,3376 2973,3382 2979,3379"/>
                <TextEquiv>
                    <Unicode>In die pedaktion der Gegenwart! Und sofort</Unicode>
                </TextEquiv>
            </TextLine>
            <TextLine id="tr_2_tl_14" custom="readingOrder {index:13;}">
                <Coords points="843,3597 1492,3603 1836,3519 2943,3551 2943,3441 1567,3481 840,3418"/>
                <Baseline points="859,3507 904,3504 949,3507 994,3507 1038,3507 1083,3510 1128,3510 1173,3513 1217,3513 1262,3516 1307,3516 1352,3516 1397,3516 1441,3516 1486,3519 1531,3519 1576,3519 1620,3519 1665,3516 1710,3516 1755,3516 1800,3516 1844,3513 1889,3516 1934,3516 1979,3516 2023,3519 2068,3519 2113,3519 2158,3522 2202,3525 2247,3525 2292,3525 2337,3525 2382,3525 2426,3525 2471,3525 2516,3528 2561,3528 2605,3528 2650,3528 2695,3531 2740,3531 2785,3531 2829,3531 2874,3531 2919,3537 2949,3540"/>
                <TextEquiv>
                    <Unicode>Fliederbusch: Aber das ist ja unmöglich.</Unicode>
                </TextEquiv>
            </TextLine>
            <TextLine id="tr_2_tl_15" custom="readingOrder {index:14;}">
                <Coords points="828,3768 999,3727 1874,3771 2007,3693 2077,3710 2077,3615 1998,3594 1158,3617 828,3557"/>
                <Baseline points="844,3668 889,3668 934,3668 979,3674 1023,3671 1068,3674 1113,3677 1158,3683 1202,3680 1247,3674 1292,3671 1337,3671 1382,3674 1426,3674 1471,3674 1516,3677 1561,3677 1605,3677 1650,3677 1695,3674 1740,3674 1785,3674 1829,3677 1874,3677 1919,3674 1964,3677 2008,3677 2053,3680 2083,3680"/>
                <TextEquiv>
                    <Unicode>styx: unmöglich? Warum?</Unicode>
                </TextEquiv>
            </TextLine>
        </TextRegion>
    </Page>
</PcGts>
