3304 3976
2533 177 2661 350 86
369 427 1111 652 Baronin - Funk.
376 600 1743 802 Baronin: Ja, was war denn das?
372 790 1483 985 Funk: Oh nichts,nichts!
382 899 2918 1201 Baronin: Ich bin da zufällig Mitwisserin geworden. Sie
395 1146 1156 1390 haben ein Duell?
395 1351 857 1550 Funk: Ja.
395 1483 1217 1679 Baronin: Mit wen?
395 1688 1457 1878 Funk: Zeitungspolemik.
404 1826 2501 2019 Baronin? Pistolen? Eine so gefährliche Sache?
404 1984 2989 2215 Funk: Es wird nicht so schlimm werden. Fünfzehn Schritte
411 2208 1473 2408 Baronin: Ma hören sie.
417 2369 2761 2574 Funk: Wir müssen alle sterben, Frau Baronin. Aller-
433 2558 2812 2738 dings traurig, wenn man noch nicht recht gelebt hat.
411 2703 2879 2931 Baronin: Na, das möcht man nicht glauben,wenn man sie
443 2934 1030 3127 so anschaut.
433 3043 2972 3284 Funk: Wer kümmert sich um unsereinen. Wir leben in der
437 3242 2536 3457 Tiefe. Ja,wer einmal hinaufsteigen könnte....
