3336 4008
2701 237 2810 481 38
410 445 2877 663 gungen? Wisst Ihr denn, welche die richtige ist? Kann
391 666 2912 843 man nicht zwei Ueberzeugungen haben? Heute die, morgen
416 775 2887 980 die? Wisst Ihr denn nicht, dass auch die Andern Recht
420 961 2858 1166 haben, und umgekehrt? Alle hab an Recht, alle haben Un-
420 1192 2989 1362 recht. Was andere Leute in Jahren durchmachen, das mach
423 1336 2730 1531 ich innerhalb einer Stunde durch. Wenn ich einmal
433 1541 2951 1692 etwas gegen meine Ueberzeugung geschrieben habe, so ha-
436 1698 2957 1881 be ich es in der nächsten Viertelstunde wieder gut ge-
423 1890 740 2095 macht.
433 2057 2938 2281 Egon Engel will nun die Verantwortung für den Artikel
442 2259 2864 2435 auf sich nehmen, den Fink im „Salon“ gegen Müller ge-
442 2406 2912 2601 schrieben hat und fordert einen von den beiden Sekun-
455 2576 2835 2762 danten auf, für seinen Kollegen einzutreten. Silber-
458 2771 1916 2967 stein erklärt sich dazu bereit.
445 2957 2803 3143 Der Graf: Und Herr Fink-Müller soll unparteiischer
455 3136 1833 3361 sein, er hat alle Anlage dazu.
452 3322 3008 3495 Schon wegen des anwesenden Photographen soll das Duell
