3320 4008
2640 261 2789 428 72
477 477 3069 696 lung erkannt, sonst hätte er sich natürlich gar nicht an
486 647 2991 876 ihn gewandt. Sie haben vielleicht als Buben irgendwel-
496 876 3011 1050 che Gassenbubenstreiche miteinander verübt. Natürlich
509 1053 2924 1227 sprechen sie per du. Nun kann sich auch Funk ihm ge-
502 1214 1839 1397 gentüber gleich aussprechen.)
499 1356 2953 1546 Funk: Ich brauche die Stelle beim Tagewerk zu meinem
509 1584 1558 1732 inneren Gleichgewicht.
509 1723 3004 1903 Wondra: Es muss dir doch peinlich sein in einen Blatt
506 1909 2914 2087 mitzuarbeiten, wenn auch in bescheidener Stellung, in
509 2116 2351 2260 dem du ein alberner Snob genannt wirst.
522 2254 2943 2463 Funk! Das bin ja ich selber. Das schreib ich, selbst,
518 2463 3033 2628 Nun Erklärung, Seine Sehnsucht war es immer in elegan-
538 2640 3017 2789 te Kreise zu kommen. Seine Schwärmerei für Adel echt.
541 2808 2882 2985 Aber als er schwarz auf weiss jenen Artikel, den er
538 2985 3040 3159 als Funk für den Graf Niederhof schrieb, vor Augen hat-
551 3181 3030 3326 te, erfasste ihn selbst eine solche Wut, dass er heftig
554 3371 2969 3581 erwiderte; dass er diese Erwiderung zuerst für sich
