3352 4024
2691 265 2825 418 13
418 392 2781 635 sollen, wünscht Huber, dass die Sache sistiert wird.
415 647 2975 804 Am besten so, dass er glaubt, er wird verrückt. Er sieht
430 826 2650 1027 als Gegner den, in dessen Namen er sich schlägt.
434 950 1952 1205 Die Ruhe wirdwieder hergestellt.
424 1158 2892 1346 Fink ist vielleicht entschlossen sobald dieses Duell
440 1346 2873 1515 vorbei sich auch auf Seite Hubers gegen einen Stoll-
443 1518 2800 1719 vertreter zu schlagen. Seine junge Frau erscheint.
440 1719 2803 1878 Durch ihr Eintreten wird die Lösung herbeigeführt.
443 1885 2816 2105 Auch die Baronesse muss kommen, sehr erbittert, dass
459 2079 1652 2290 ihr dieses Duell entgeht.
