3368 4024
2767 261 2893 476 26
441 463 3028 692 Herkommen, seine Verheiratung, nimmt irgendwo ein kleines
438 656 3031 853 Zimmer, wo er unter dem Manen von Fink lebt. Ein kleine
447 782 2950 1017 Renngewinnst bessert seine finanziellen Verhältnisse.
463 994 2938 1197 Er wird in dem Blatt mehr beschäftigt, die Zeitung, an-
460 1229 2941 1390 fangs nur sportlichen Zwecken gewidmet, fängt an poli-
476 1409 2931 1554 tischs Farbe zu bekommen, Finka Artikel erfreuen sich
476 1570 2931 1763 eines gewissen Rufes durch bedingungslose adelstreue
470 1696 2973 1959 Färbung. Später davon, wie er in das gegnerische Blatt
467 1976 785 2146 gerät.
