3368 4040
2661 305 2800 480 55
445 499 1507 715 8. Silberstein - Fink.
455 620 2928 881 Silberstein schüttet ihm sein Herz aus: Warum bleiben
461 846 2019 1036 Sie da? Wenn ich so jung wäre...
464 1030 1844 1243 Fink! Ich habe Weib und Kind.
464 1230 2823 1424 Silberstein wird sentimental, sehnt sich nach einem
483 1399 3010 1612 armen blinden Mädel aus dem Volk. Dann wüsste man doch
496 1612 1173 1802 woftir - u. S.w.
496 1758 2095 1961 Fink gerührt lädt ihn zu sich ein.
493 1939 2883 2142 Fink erinnert sich als Bub den Grafen Niederhof (im
496 2114 3055 2308 Prater?) gesehen zu haben, war damals berückt von seiner
512 2343 900 2508 Eleganz.
515 2473 1885 2686 Einiges von der jugend Ficks.
524 2626 3042 2807 Silberstein erzählt von seinen Anfängen. Hat immer ro-
521 2861 1221 3026 botten müssen.
