3400 4104
2756 311 2896 453 65
1051 441 2846 640 Fliederbusch: Wie oft soll ich dir
1043 595 3013 802 noch erklären: Im Gericht,in der Redak-
1048 782 1922 946 tion, auf dem Weg
1061 844 2908 1111 Fanny: Es ist nicht wahr.Du belügst
1056 1106 1342 1272 mich.
1056 1178 2861 1407 Fliederbusch: Fanny, ich versichere
1068 1422 1397 1566 dich —
1078 1496 3028 1760 Fanny: Du hast Geheimnisse vor mir. Du
1073 1663 2761 1853 bist nicht mehr, der du warst.Für
1078 1835 2966 2004 Stunden, für halbe Tage verschwindest
1078 1977 2610 2174 du und ich weiss nicht wohin.
1081 2116 2886 2298 Fliederbusch: Und all das musst du
1083 2323 3083 2512 mir, heute - (er will sie mit sich fort-
1093 2483 1454 2657 ziehen)
1091 2605 2938 2809 Fanny: Du hast ja daheim keine Zeit
1093 2729 2956 2936 für mich. Du bist gar nie mehr zuhau
1096 2888 2779 3090 se. Wo bist du? Du d lmmer ausser
1083 3040 2829 3247 Hause.Du denkst nach,sagst du,auf
1096 3215 2796 3416 Spaziergängen.So sieht nicht ein
1096 3394 2804 3568 Mensch aus, der auf Spaziergängen
1098 3536 2998 3735 nachdenkt. Warum schickst du mich zur
