3352 4008
2832 201 2972 463 20
511 466 2991 677 etwas für ihn tun, glaubt ihm neulich im Palais X. ge-
508 683 2841 833 sehn zu haben. Wo ist er jetzt? Beim Rennen.- Man
508 789 3049 1018 fürchtet sogar, dass er spielt.- Ist er nicht ein Hoch-
530 1038 2685 1235 stapler? Er sucht in höhere Kreise zu kommen.-
524 1207 3011 1398 Fink kommt, höchst elegant,montiert,mit dem Opernglas,
527 1357 2924 1564 eventuell in Begleitung des Sportberichterstatters,
546 1577 3007 1743 eines verabschiedeten Offiziers. Fink ist niemand an-
536 1727 3084 1922 derer als der vom vorigen Akt her bekannte Müller, aber
543 1912 2912 2104 fast bis zur unkenntlichkeit nicht nur durch seine
536 2082 3046 2308 Kleidung, sondern durch sein ganzes Gehaben verändert.
546 2270 3113 2471 Graf Niederhof lernt ihn kennen (vielleicht noch nicht,
571 2436 3065 2618 er musste vielleicht früher weggehen). In diesen Fall
568 2627 3074 2793 erzählt man ihm vom Besuch des Grafen. Fink hat heuto
581 2781 3097 3014 einige sehr noble Bakanntschaften gemacht,ist sehr be-
568 3033 939 3177 glückt.
581 3154 2998 3362 In seine heitere Stimmung fällt der junge Engel mit
575 3362 3087 3505 seinem Bericht aus einer Gesellschaft, aus der er eben
