3336 3992
2651 254 2767 427 63
406 498 2394 657 2. Engler - Anna Negedy (Ballettänzerin).
433 681 2540 875 Emma: Dein Sohn scheint mich nicht zu lieben.
421 839 1564 1036 Engler: Was wünschst du?
436 1006 2830 1173 Emma: Erstens will ich in dem Gartenfest mitwirken.
433 1191 2833 1397 Engler: Nur Aristokratinnen. Die Baronin arrangiert
448 1406 928 1579 das Ganze.
460 1546 2657 1725 Emma! Die ist ein viel grösseres Luder als ich.
454 1719 2009 1907 Engler: Darauf kommt es nicht an.
454 1848 2815 2069 Emma! Ferner will ich, dass dudich endlich scheiden
454 2090 1651 2278 lässt und mich heiratest.
