3496 4184
2763 423 2945 616 187
950 536 3067 768 wart" zu bemühen, Ihrem Chefredakteur mit-
950 697 2787 914 teilen, dass Sie sich genötigt sehen
944 834 2983 1072 einen dringenden urlaub zu erbitten und
932 992 2870 1242 mich als Ihren vorläufigen Ersatzmann
932 1164 1498 1319 vorstellen.
929 1301 2972 1572 Fliederbusch: Und Sie glauben, dass mein
923 1489 1158 1661 Chef
911 1581 2966 1837 styx: Für alles Weitere lassen Sie mich
908 1769 2957 1962 sorgen. Sie haben nichts zu tun als mich
908 1912 3251 2102 dort vorzustellen. Diskretion Ehrensache.
524 2099 801 2245 min
911 2084 1676 2239 in diesem Fall.
905 2203 3004 2474 Fliederbusch: (nach Zögern) Und wenn ich
902 2403 3153 2552 Ihnen erwiderte, Herr Styx, dass ich keiner,a
908 2501 1161 2614 Nem
899 2543 2930 2724 Seigung verspüre meine Stellung bei
890 2698 2156 2864 der Gegenwart aufzugeben
1560 2751 2733 2918 & is Erppine Heim Wipa
878 2882 2814 3010 styx: (lacht) Das finde ich ja kostbar
992 2957 3257 3120 Gerichtsreporten bei den segenenart- und Redachten oder Eliz helt
878 3022 2963 3192 Wie lange glauben Sie denn diese Doppel-
872 3144 3266 3388 spielehan durchführen zu können? Gan abereit
849 3311 2832 3507 Fliederbusch: Doppelspiel sagend xxxnd
863 3445 2918 3639 wenn es ein Doppemernst ware. Herr Styx?
855 3594 2885 3796 Stxx. Sie sind spasshaft. Vergessen Sie,
980 3775 3004 3954 Lavon depirt es you would bepeife
