3336 4008
993 555 2975 742 morgens war er angelangt und hatte sein Ge¬
1021 749 2830 942 päck in die elterliche Wohnung schaffen
996 919 2904 1065 lassen, denn es war seine Absicht, in der
1021 1072 2926 1225 Vaterstadt dauernden Aufenthalt zu nehmen
1018 1230 2840 1371 und wieder bei den Eltern zu wohnen wie
1023 1388 2933 1565 früher. Er hatte zuhause gegessen und ver
1035 1506 2891 1691 gnügt allerlei von seiner Reise erzählt.
1040 1686 3005 1886 Gleich nach Tische war er aufgestanden, um
1040 1824 3007 2011 einige Freunde zu besuchen. Und nun sassen
1050 1979 2830 2135 die Eltern wieder allein, Herr Selauer
1062 2154 2842 2297 rauchte seine Zigarre und seine Gattin
1067 2312 2995 2450 sprach diesmal nicht über Haushaltungssor-
1067 2467 2973 2650 gen, sondern über den heimgekehrten Sohn.
