3368 4088
2481 341 2578 463 2
961 553 2897 794 sicher, dass er im nächsten Jahre Vice-Di¬
971 729 2942 948 rektor werden musste. Amalie, die einer al-
991 913 2860 1105 ten Wiener Fabrikantenfamilie entstammte,
986 1028 2882 1274 hatte seinerzeit eine hübsche Mitgift er¬
1008 1219 2827 1453 halten und vor drei Jahren überdies von
1033 1309 2957 1610 ihrer Mutter ein kleines Vermögen geerbt.
1025 1503 2892 1730 Beide hatten einen ausgeprägten Sinn für
1048 1655 2922 1869 Häuslichkeit und keine starken geselligen
1063 1770 3066 2031 Neigungen. Sie wohnten heute noch im ersten
1075 1959 2897 2193 Stock eines kleinen alten Hauses in der
1095 2110 2969 2339 Nussdorferstrasse, das sie als junge Ehe-
1110 2245 3101 2489 leute bezogen hatten. Grösstenteils standen
1125 2392 3121 2643 auch noch die gleichen soliden Möbel in den
1152 2548 2979 2790 verschiedenen Räumen, und in jedem Früh-
1165 2698 3051 2967 jahr freuten sie sich von neuem, dass der
1165 2875 3036 3103 Blick von dem rückwärts gelegenen hellen
1177 2984 3143 3270 Kinderzimmer aus in den umfriedeten Garten
1205 3163 3061 3459 des Hausherrn hinunter ging, so dass ihr
1210 3310 3118 3541 Bub schon von seinem ersten Lebensjahr an
1212 3482 3036 3723 gute Luft und Blumenduft so früh an der
