3336 4040
1029 558 2986 743 sich wie mit geheimen Staunen an. Und wenn
1022 753 2924 947 sie an schönen Abenden, während Fritz ir-
1032 887 2899 1092 gendwo in der Ferne war, in den Strassen
1042 1057 2993 1239 oder Gärten Wiens spazieren gingen, schwie
1047 1169 3051 1381 gen sie Beide im Gefühl eines tiefen Glücka,
1047 1326 2934 1550 das sie einander gegenseitig schuldig ge¬
1059 1513 2924 1725 worden waren. Und wenn dieser Empfindung
1069 1655 2998 1874 seit den vielen und langdauernden Abwesen-
1079 1787 3031 2026 heiten des Sohnes auch eine Art von Wehmut
1092 1889 3043 2163 beigemengt sein mochte, vertielte sie sich
1099 2104 2966 2256 andererseits doch wieder, denn durch die
1107 2246 2969 2475 häufigen Entfernungen des Sohnes erhöhte
1117 2398 3038 2592 sich die Hochachtung und Verehrung der El-
1134 2555 3128 2769 tern für ihn, und je fremder und veränderter
1134 2659 3141 2889 er zuweilen wiederkehrte, ein umso innigeren
1144 2874 3078 3058 Gefühl ihrer eigenen Auserwähltheit tauch-
1152 3053 1972 3210 te in ihnen empor.
1329 3160 3043 3360 Heute war er nach einem halben Jahre,
1162 3275 3116 3490 das er in Frankreich und Italien verbracht
1164 3490 3101 3639 hatte, wieder einmal zurückgekommen. Früh-
