3384 4120
999 684 2910 867 Jahreszeit riechen konnte, ohne sich über
1016 837 3017 1049 die Treppen hinunter oder ins Freie bemühen
1011 1081 1523 1204 zu miissen
1204 1134 2955 1336 Noch immer hiess es "das Kinderz immer
1049 1284 3032 1516 und der Bub wurde noch immer “Bub” genannt,
1064 1446 2972 1681 obwol er einundzwanzig Jahre alt war. Und
1064 1583 2982 1833 noch immer hiess es "Kinderzimmer", obwol
1081 1758 2947 1996 es nun nicht weniger als drei Jahre leer
1094 1906 2927 2158 gestanden war. Denn der Bub befand sich
1099 2053 3097 2288 meist auf Reisen, und wenn er auf Tage oder
1114 2195 2999 2410 Wochen nach Wien zurückkam, so zog er es
1139 2375 2967 2565 vor, in einem Hotel der Innern Stadt zu
1154 2510 2935 2747 „Wohnen, weil er dort "überallhin näher“
1151 2657 3074 2892 hatte, wie er behauptete. Nur wenn er bei
1166 2777 3179 3032 seinen Eltern speiste, was manchmal geschah,
1174 2922 3152 3162 zog er sich nach Tisch ins Kinderzimmer zu-
2557 3052 2737 3144 a
1186 3094 3157 3314 rück und bei schönem Wetter steckte an den
1199 3252 3162 3449 Kopf demokke Witterstäbe, die noch immer
1259 3274 1591 3392 et dis
1016 3307 1211 3474 dit
1224 3422 3089 3624 vorhanden waren und an denen er sich als
1224 3504 3177 3766 kleiner Knabe angehalten hatte, und freute
