3336 4040
934 548 2844 769 sich an dem frischen duftenden Hauch, der
939 716 2842 936 ihm aus dem Garten unten entgegenströmte.
934 866 2907 1082 Manchmal trat in einer solchen Stunde auch
946 1029 2872 1227 die Mutter leise ein, und wenn Fritz sich
956 1187 2884 1385 nicht umwandte oder in Gedanken versunken
961 1350 2894 1547 schien, entfernte sie sich wieder auf den
974 1487 2967 1700 Zehenspitzen, nur um den Sohn nicht zu stö-
989 1647 2999 1878 ren. Das hatte seinen besondern Grund. Denn
1004 1810 2869 1988 in jeder Minute, die der Bub einsam hin-
1014 1938 2889 2121 brachte, konnten unsterbliche (oder wenig-
1012 2086 2987 2268 stens zu sehr langem Leben bestimmte Ideen
1034 2246 2964 2436 in seinem Kopf entstehen, deren Weiterent-
1039 2396 3022 2591 wicklung zu stören unbesonnen gewesen wäre.
1034 2556 2952 2767 Der junge Selauer war nämlich ein Dichter
1054 2704 2972 2947 und trotz seiner jungen Jahren schon seit
1049 2862 3022 3080 längerer Zeit weithin berühmt. Oft konnten
1860 2857 1980 2947 wch
1067 3017 3007 3205 es die Eltern garnicht fassen, dass es ge-
1077 3177 2984 3370 rade ihnen beschieden war, einen so herr-
1087 3325 2974 3528 lichen Sohn zu haben, und manchmal, wenn
1099 3440 3060 3676 sie einander gegenübersassen, schauten sie
