3432 4136
1078 741 3093 960 Albert Selauer und seine Gattin sassen nach
1080 917 2982 1100 dem Mittagessen, das sie erst um vier Uhr
1090 1065 2985 1256 einnahmen, wie gewöhnlich noch eine Zeit-
1088 1214 2975 1417 lang bei Tische. Während Selauer rauchte,
1103 1367 2997 1595 pflegte seine Gattin um diese Zeit haupt-
1116 1533 3088 1744 sächlich über verschiedene Fragen des Haus¬
1103 1671 2997 1892 haltes zu reden, die sie weder mit allzu
1118 1827 3002 2018 grosser Wichtigkeit noch allzu leicht be-
1118 1967 3078 2176 handelte. Dementsprechend pflegte aush ihr
1131 2136 3121 2367 Gatte weder gar zu gespannt noch gar  zu un-
1151 2269 3141 2490 aufmerksam zuzuhören. Im allgemeinen gab er
1161 2417 3118 2641 seiner Frau in diesen Fragen Recht. Es war
1161 2575 3093 2796 überhaupt eine glückliche Ehe, und in den
1166 2703 3186 2980 zweiundzwanzig Jahren war niemals ein ernst-
1181 2852 3173 3131 licher Streit zwischen den Beiden vorgefal-
1181 2990 3065 3216 len. Herr Selauer war Oberbuchhalter bei
1201 3153 3176 3409 einer Versicherungsgesellschaft, und in An-
1196 3324 3073 3492 betracht seiner vorzüglichen Haltung und
1226 3457 3168 3721 persönlichen Beliebtheit war es so gut wie
