3368 4280
2579 774 2796 902 151:
2431 1105 2829 1274 Hernen
1048 1381 2774 1548 Anlissl ich der Aufführungen von Hervleuf im-
1062 1510 1745 1681 Théatre Trangais.
2122 1548 2279 1717 i
1210 1662 2762 1781 Wenn die Leute aus dem Zimmer forigehen
1053 1765 2900 1924 treten sie nicht in einen Vorragen, sondern ver-
1062 1862 2010 2055 sifiken in einen Abgrund.
1205 2031 2869 2172 Die Aussicht geht nur in den eigenen Garte
1207 2150 2991 2324 Die Charakteristik erinnert af Gschnasfiguren
1688 2246 2143 2338 eines Kopfs
1110 2279 2841 2460 eia Federzeichnung an der Wand, und in dem
1053 2415 2962 2536 Mund steckt ing eine wirkliche abakspfeife, die
1062 2543 2419 2719 in die Welt, ins Reale Lineinragt.
