3384 4312
2567 761 2721 892 151.
1800 1318 2865 1518 Taketstuhe des Dr. Fockerat
913 1347 1755 1496 in die Frühstück- und
953 1480 2977 1621 hereingeschwebt mit dem so grossen verständigen und
1861 1587 2165 1688 nn
913 1603 2846 1752 ewiger Reiz einfach die andre Zu sein. Ich hätte
943 1715 2942 1872 nicht nach mehr verlang und Johannes auch nicht-!
943 1834 2953 2013 ich bürge dafür. Er hätte noch ein Uebriges getan,
1028 1938 3043 2127 haette sich jedenfalts von ihr verstanden-gegläubt,
1313 2053 2966 2263 seil es ehen die andre wär;– in die er sieh.
1387 2213 1613 2332 der wa-
1542 2183 2918 2362 weil es all ihnja wirklich nicht viel
1715 2327 2913 2473 as für das Tragische des Falls
1219 2378 1595 2505 tehen gibt
980 2455 3033 2631 aslidentisch ist. Fir mich im übrigen läge es auch
895 2580 1286 2737 Eanz imer
1118 2559 2998 2745 imcharakter de Johannes wenn er, dessen See-
953 2660 2955 2894 lengebiet nun so sehr dafür vorbereitet ist, in dem
937 2785 2942 2985 jungen, schönen Geschöpf, das. ium da entgegenkommt.
958 2907 3102 3112 all. das blühende Verständnis hinein illusionierte, das
1009 3049 3006 3224 er eben braucht. So erst wird es für mich ein, in
943 3144 3006 3352 seinem Ausblick aufs Typische erschütternde Einzel
932 3294 2921 3448 fall: der junge Mann, der sich für bedeutend hält
2311 3395 2971 3536 das junge schöne.
943 3440 2170 3581 glaubt nicht verstanden zu werd
2295 3504 2857 3650 füir; bedeutend
943 3552 2005 3720 Mädchen unbedeutend wie er
943 3613 2929 3839 hält-weil es ihn ve stiht und aus dieser Fille von
2418 3807 2686 3914 ische I
956 3831 2082 3986 Selbsttäuschungen hervorwach
