3032 3704
1345 296 1491 504 1
453 342 1280 594 Ereigeler
1747 492 2572 714 Hien, 17. März 1822.
1054 696 2552 881 Versuche ich, mein lieber und ver-
793 802 2584 1033 ehrter Herr Gerhart Hauftmaun,während ich
781 945 2586 1163 mich in Gedanken rit Ihren bevorstehenden
763 1061 2542 1262 Geburtstag beschäftige, mir die einzelnen
765 1206 2471 1391 Womeule unserer Bekanntschaft oder, wenn
772 1322 2480 1544 ich mich kührer ausdrücken soll, die Ge-
756 1475 2602 1676 schichte unserer Beziehunge, zu vergegen-
751 1588 1133 1761 wärtigen,
1186 1592 2501 1810 so wundere ich mich selbst, wie
1089 1664 1241 1782 Zah
747 1720 2464 1911 spärlich und wie kurz gewessen die per-
735 1844 2570 2080 sönlichen Begegnungei sind, die ich in mei-
728 1962 2552 2205 nem Gedächtnis verzeichnet finde. Ich den-
726 2099 2466 2304 lo. Jeues 1bends bei Brahm im Jahre 96, an
714 2233 2468 2459 dem ich sie kennen lerute und Sie zu mir
703 2360 2549 2607 in Ausdrücken der Bewunderung von den eben
691 2494 2524 2700 ersclieneuen ersten Buche Peter Altenbergs
686 2616 2448 2804 sprachen(Ihre Aurkennung bedeulete ihn.
675 2743 2468 2975 eiue der frühesten und erfreulichsten Be-
682 2868 2475 3104 stätigungen seines Petentsl;- denke eines
668 3002 2531 3240 dezferginges in der Senneringer landscheft
