2968 3688
2150 303 2754 490 Freuste Shille
2619 472 2788 617 209
543 511 2456 743 Unklar bleibt, welche Prüfungen die Faiserin
545 672 2580 864 und die Färbersfrau eigentlich zu bestehen hä-
551 812 2646 980 ben, Da sie durch diese Prüfungen gebessert wer-
551 935 2648 1117 den und di se Besserung doch den Sinn des Ganzen
545 1033 2569 1260 ausmacht, würste man von diesen Prüfungen etwas
553 1223 1196 1373 mehr erfahren.
545 1315 2524 1497 Barak ist eit eine sehr gut intentionierte fi
561 1455 2630 1642 zur, doch. so absichtsvoll übernuanciert, dass man
559 1586 2606 1760 am Ende den 1bscheu der Färberin vor ihm beina-
556 1715 2493 1881 he begreifen muss. Es würde wohlegenügen, ihn
553 1831 2635 2032 als plump, vierschrötig, ungebildet darzustellen,
559 1966 2582 2153 Nozu noch dien Häsglichkeit und Unappetitlich-
551 2090 2290 2277 keit seines Negens (Froschmaul u.s.w.)2
559 2200 2553 2390 Die Kaiserin komnt schliesslich in den Beeitz
564 2332 2601 2532 des schattens einfach dadurch, dass sie auf den
572 2464 2643 2690 gchatten der Färberin, den sie kaufen wollte, ver-
574 2619 2630 2790 zichtet. Diese Lösung scheint mir etwas billig.
796 2722 2590 2922 In Grunde sicht nan auch nicht recht ein,
593 2864 2709 3062 lhier bin ich vielleicht sfnas zu rationalistiah)
572 2972 2651 3183 narun die Färberin früher keine Kinder bekonnen.
567 3120 2651 3336 nat. Bekanntlich ist der munsch nach Kindern in
