2888 3464
617 444 915 587 Genie.
617 565 2541 749 Der Versuch die Kompositionen Daniels dich-
637 704 2538 868 terisch zu schildern ist geschieht manchmal
625 818 2489 989 mit so feinen witteln, dass wir tatsächlich
573 937 2392 1115 von der Art seines musikalischen Talents-
630 1073 2523 1264 eine leise Vorstellung zu gewinnen glauben.
602 1207 2583 1348 Manchmal freilich gemahnen die se Erläuterun-
632 1334 2605 1500 gengan den von Journalismus nicht ganz freie
632 1453 2575 1629 stil der Programmbücher, in denen man uns die
625 1579 2375 1765 Notenbeispiele schuldig geblieben wäre.
625 1710 2543 1884 Das Verhältnis des Autors zur Musik im Gan-
625 1857 2568 2077 zou genommen wurde mir an einer Stolie etwas
625 2028 996 2171 doubios.
620 2124 2528 2298 Es heisst lungefähr): In diesem augenblick
630 2248 2593 2427 erkannte Daniel die Schönheit des D Dur Drei
625 2407 947 2548 klangs.
630 2506 2588 2689 Das ist genau so unsinnig, wie wenn von einem
620 2610 2610 2818 Maler gesagt würde: Er Ek erkannte die Schön
625 2776 2593 2960 heit des Kobaltiblau. Oder. von einem nichtor.
625 2900 2541 3074 In diesem Augenblick erkannte. er die Schön-
625 3029 2394 3232 heit des nortes: Rettich. oder Sonne oder
