3080 3672
490 528 1086 751 I deite der
1187 493 2584 770 Abindsbei Br.hin. m J. Krd
430 721 2132 907 1896, andem ut. Sie Rimnen lente
2268 787 2595 893 il
433 852 2584 1094 Spaprerjangs  der Semmenngei Landetst
414 1015 2469 1225 Winter 1894, der granvert채rgten doch
411 1146 2518 1331 Warinihrchlen Klibe Spaloklobistezu 1702 in
436 1288 2546 1497 Ien: Agnetendorf; der banniger Korn
392 1432 2431 1628 bertags 1912, in den nur umern d.tuft
408 1568 2600 1767 tedeen Aber winderbem Seinle u. mer
403 1718 2339 1914 dammingen Helle Chihudicrrte in den
392 1865 2480 2085 Leng nackrufer- und indlect ewn letter
430 2039 2281 2271 rirtenfag lchler kan losen dict nicht
419 2194 2235 2401 uinbeschwingten Unterhaltung in
362 2350 2388 2535 Wen: Wenn ichso mil andem mehr
368 2524 2216 2725 oder m체nder fl체cklicher Begegenigen
373 2668 2366 2908 alle Stichen jusamenrctee, indenen
348 2859 2227 3087 mer ne in Clagendet in bngen det
449 3008 2341 3226 gen체bernsten, s. kant geriht kenne
403 3169 1397 3351 sacze liuhe heinen
