3096 3720
378 460 2518 694 begeisternde Tätigkeit für Gustar Nahler auf den
398 609 2569 835 Mege Ihrer eigenen Entnikklung liegt, der zu heute
403 753 2434 962 noch nicht abzugohenden Zielen führt, und weil
767 908 1041 1001 Dasein
398 871 2634 1105 Mahlers Lebex-und Merk thnen ein Erlebnis, ein herr-
400 995 2668 1215 liches unter andern, und nicht das Schicksal bedeu-.
423 1120 2569 1356 tet, in dessen Sturnhauch Ihr wunderbares Eigenme-
2349 1221 2592 1323 Allen
429 1266 2656 1458 sen verlösohen könnte, erscheinen Sie uns vor vielen
423 1368 2631 1588 bestimmt das überreiche künstlerische Erbe des Un-
437 1528 2600 1768 vergesslichen in seinem Geist und Sinn zu verwal-
431 1627 2594 1889 ten und wir dürfen hoffen, dass Ihre Beschädenheit
440 1794 2679 1985 ohne Niderstreben einen Dank empfangen wird, der zu
716 1951 846 2039 als
457 1895 2668 2138 gleich unser Aller gemeinsame Andacht vor dem blü-
448 2059 2693 2310 honden Andenken Ihres grossen Keis ers und Freunde
465 2262 1004 2448 gelten darf.
1997 2310 2530 2549 Feber 1)
