<?xml version="1.0" encoding="UTF-8" standalone="yes"?>
<PcGts xmlns="http://schema.primaresearch.org/PAGE/gts/pagecontent/2013-07-15" xmlns:xsi="http://www.w3.org/2001/XMLSchema-instance" xsi:schemaLocation="http://schema.primaresearch.org/PAGE/gts/pagecontent/2013-07-15 http://schema.primaresearch.org/PAGE/gts/pagecontent/2013-07-15/pagecontent.xsd">
    <Metadata>
        <Creator>prov=READ-COOP:name=PyLaia@TranskribusPlatform:version=2.7.0:model_id=50870:lm=none:date=22_01_2024_20:41</Creator>
        <Created>2023-09-27T14:39:44.358+02:00</Created>
        <LastChange>2024-01-22T20:41:59.813+01:00</LastChange>
        <TranskribusMetadata docId="1589061" pageId="60125597" pageNr="44" tsid="145640730" status="IN_PROGRESS" userId="40391" imgUrl="https://files.transkribus.eu/Get?id=FBQSJJNOQOQMVUVPPMFCIMGF&amp;fileType=view" xmlUrl="https://files.transkribus.eu/Get?id=JQGMPFFRZUJDBRTVGFFYXEJK" imageId="48550674"/>
    </Metadata>
    <Page imageFilename="1589061_0044.jpg" imageWidth="3000" imageHeight="3656">
        <ReadingOrder>
            <OrderedGroup id="ro_1711789252774" caption="Regions reading order">
                <RegionRefIndexed index="0" regionRef="tr_1"/>
            </OrderedGroup>
        </ReadingOrder>
        <TextRegion orientation="0.0" id="tr_1" custom="readingOrder {index:0;}">
            <Coords points="331,403 331,3290 2736,3290 2736,403"/>
            <TextLine id="tr_1_tl_1" custom="readingOrder {index:0;}">
                <Coords points="2181,502 2203,507 2232,480 2243,491 2265,480 2387,491 2403,507 2420,494 2504,502 2506,326 2468,336 2422,312 2401,328 2363,309 2333,331 2308,323 2227,350 2184,334"/>
                <Baseline points="2196,465 2222,468 2248,471 2274,471 2300,470 2326,468 2352,467 2378,465 2404,467 2430,468 2456,468 2482,467 2509,465"/>
                <TextEquiv>
                    <Unicode>duse</Unicode>
                </TextEquiv>
            </TextLine>
            <TextLine id="tr_1_tl_2" custom="readingOrder {index:1;}">
                <Coords points="320,572 380,591 437,578 499,594 583,586 632,542 697,537 694,415 589,429 513,393 486,401 431,363 374,388 315,380"/>
                <Baseline points="331,486 357,486 383,486 410,488 436,490 463,492 489,492 516,492 542,490 568,491 595,494 621,495 648,495 674,493 701,492"/>
                <TextEquiv>
                    <Unicode>221779.9.</Unicode>
                </TextEquiv>
            </TextLine>
            <TextLine id="tr_1_tl_3" custom="readingOrder {index:2;}">
                <Coords points="778,608 941,564 1031,575 1123,534 1169,548 1237,510 1400,505 1410,380 1321,382 1250,334 1128,358 1066,339 930,393 865,363 800,369"/>
                <Baseline points="799,543 829,537 859,537 890,536 920,534 951,534 981,533 1012,531 1042,529 1073,526 1103,523 1133,517 1164,511 1194,506 1225,504 1255,504 1286,503 1316,501 1347,501 1377,498 1408,492"/>
                <TextEquiv>
                    <Unicode>Bachine</Unicode>
                </TextEquiv>
            </TextLine>
            <TextLine id="tr_1_tl_4" custom="readingOrder {index:3;}">
                <Coords points="1134,692 1280,675 1364,708 1538,675 1614,719 1782,708 1785,515 1676,540 1562,521 1318,589 1137,597"/>
                <Baseline points="1149,650 1181,647 1213,647 1245,647 1277,647 1309,647 1341,647 1373,645 1405,644 1437,644 1469,644 1501,642 1533,640 1565,638 1597,638 1629,638 1661,638 1693,638 1725,636 1757,634 1790,632"/>
                <TextEquiv>
                    <Unicode>Bevorkangen 24</Unicode>
                </TextEquiv>
            </TextLine>
            <TextLine id="tr_1_tl_5" custom="readingOrder {index:4;}">
                <Coords points="868,833 1009,827 1077,865 1256,819 1435,846 1617,795 1676,835 1836,822 1839,713 1801,700 1218,684 1166,727 871,732"/>
                <Baseline points="883,787 931,786 979,787 1027,787 1075,782 1124,781 1172,778 1220,778 1268,775 1316,775 1365,771 1413,769 1461,769 1509,769 1557,768 1606,767 1654,765 1702,764 1750,764 1798,767 1847,764"/>
                <TextEquiv>
                    <Unicode>iEnser von Barbusse.</Unicode>
                </TextEquiv>
            </TextLine>
            <TextLine id="tr_1_tl_6" custom="readingOrder {index:5;}">
                <Coords points="488,941 586,976 1326,939 1568,979 1744,933 1798,966 1904,903 1980,947 2167,914 2422,941 2574,911 2577,822 2330,811 2273,770 1861,833 1644,811 1478,863 1326,814 1118,863 1009,827 765,827 613,884 491,849"/>
                <Baseline points="504,919 607,925 711,921 815,916 919,916 1023,912 1127,909 1230,907 1334,904 1438,900 1542,897 1646,889 1750,892 1854,887 1957,883 2061,880 2165,877 2269,874 2373,868 2477,867 2581,868"/>
                <TextEquiv>
                    <Unicode>B. schildert eine Art von dusterem Dilettanten,</Unicode>
                </TextEquiv>
            </TextLine>
            <TextLine id="tr_1_tl_7" custom="readingOrder {index:6;}">
                <Coords points="507,1126 838,1069 1107,1104 1590,1055 1684,1093 1798,1044 2110,1090 2401,1069 2449,1023 2615,1052 2601,879 2224,966 2113,920 1557,982 1416,947 513,985"/>
                <Baseline points="526,1046 630,1049 735,1046 840,1044 945,1041 1050,1038 1155,1035 1259,1032 1364,1029 1469,1026 1574,1026 1679,1023 1784,1017 1889,1015 1993,1011 2098,1005 2203,1003 2308,1002 2413,996 2518,994 2623,990"/>
                <TextEquiv>
                    <Unicode>der in einen Kariser Gasthof durch eine zufällig</Unicode>
                </TextEquiv>
            </TextLine>
            <TextLine id="tr_1_tl_8" custom="readingOrder {index:7;}">
                <Coords points="510,1196 1242,1218 1343,1172 1492,1226 1695,1199 1750,1231 1942,1177 2143,1259 2420,1177 2422,1066 2289,1050 2110,1090 1248,1077 930,1128 694,1090 513,1128"/>
                <Baseline points="525,1178 620,1178 715,1175 810,1172 905,1169 1001,1169 1096,1168 1191,1165 1286,1161 1381,1160 1477,1155 1572,1154 1667,1152 1762,1152 1857,1145 1953,1143 2048,1139 2143,1137 2238,1135 2333,1128 2429,1122"/>
                <TextEquiv>
                    <Unicode>entdeckte Neuerspalte sicht und hört, nes in.</Unicode>
                </TextEquiv>
            </TextLine>
            <TextLine id="tr_1_tl_9" custom="readingOrder {index:8;}">
                <Coords points="507,1326 844,1367 1123,1332 1400,1354 1402,1231 1294,1207 1101,1199 1050,1240 882,1250 757,1202 635,1231 510,1196"/>
                <Baseline points="525,1301 569,1302 613,1305 657,1307 701,1306 745,1304 789,1303 834,1301 878,1301 922,1298 966,1295 1010,1292 1054,1295 1098,1292 1143,1295 1187,1295 1231,1292 1275,1292 1319,1289 1363,1292 1408,1289"/>
                <TextEquiv>
                    <Unicode>rebenzinmer vorzeht.</Unicode>
                </TextEquiv>
            </TextLine>
            <TextLine id="tr_1_tl_10" custom="readingOrder {index:9;}">
                <Coords points="518,1465 960,1505 1158,1451 1370,1486 1500,1421 1573,1451 1739,1416 1836,1465 2034,1470 2070,1462 2075,1324 1337,1367 521,1345"/>
                <Baseline points="534,1438 611,1435 688,1432 765,1430 843,1430 920,1432 997,1427 1075,1423 1152,1420 1229,1420 1307,1418 1384,1417 1461,1416 1538,1411 1616,1406 1693,1405 1770,1404 1848,1399 1925,1400 2002,1393 2080,1387"/>
                <TextEquiv>
                    <Unicode>Marum diese Fiktion, frägt man sie h?</Unicode>
                </TextEquiv>
            </TextLine>
            <TextLine id="tr_1_tl_11" custom="readingOrder {index:10;}">
                <Coords points="526,1614 781,1590 911,1641 1004,1606 1375,1638 1492,1554 2520,1565 2539,1443 2129,1435 2034,1473 1923,1440 1709,1489 1500,1419 1354,1497 529,1476"/>
                <Baseline points="540,1572 640,1566 740,1560 840,1557 940,1557 1040,1553 1140,1551 1240,1548 1340,1545 1440,1544 1541,1539 1641,1531 1741,1531 1841,1531 1941,1529 2041,1525 2141,1522 2241,1518 2341,1511 2441,1507 2542,1504"/>
                <TextEquiv>
                    <Unicode>der Richter ist doch derjenige Monsch, der ohne</Unicode>
                </TextEquiv>
            </TextLine>
            <TextLine id="tr_1_tl_12" custom="readingOrder {index:11;}">
                <Coords points="526,1747 673,1714 808,1750 895,1706 1071,1747 1161,1706 1508,1736 1758,1682 2064,1736 2300,1690 2512,1714 2517,1571 2349,1541 2056,1595 1839,1549 1446,1641 532,1609"/>
                <Baseline points="543,1698 641,1695 740,1692 839,1692 938,1690 1037,1683 1136,1683 1235,1677 1334,1674 1433,1670 1532,1671 1630,1665 1729,1660 1828,1660 1927,1655 2026,1653 2125,1647 2224,1646 2323,1641 2422,1640 2521,1635"/>
                <TextEquiv>
                    <Unicode>jede Mauerspalte und ohne jedes Schlüssellock</Unicode>
                </TextEquiv>
            </TextLine>
            <TextLine id="tr_1_tl_13" custom="readingOrder {index:12;}">
                <Coords points="521,1869 1050,1844 1126,1885 1354,1828 1698,1882 1920,1809 2373,1815 2441,1798 2444,1712 1777,1736 1590,1698 1294,1741 1161,1706 863,1769 732,1728 591,1782 524,1760"/>
                <Baseline points="537,1829 632,1828 728,1826 823,1823 919,1818 1015,1814 1110,1814 1206,1808 1302,1804 1397,1802 1493,1799 1589,1794 1684,1790 1780,1790 1876,1786 1971,1783 2067,1780 2163,1775 2258,1772 2354,1772 2450,1766"/>
                <TextEquiv>
                    <Unicode>reies, was in sänntlichen Getthofzinnern und</Unicode>
                </TextEquiv>
            </TextLine>
            <TextLine id="tr_1_tl_14" custom="readingOrder {index:13;}">
                <Coords points="534,2002 787,1977 974,2024 1082,1977 1324,2021 1785,1950 2249,1964 2251,1853 2089,1823 2021,1866 1465,1858 1405,1896 892,1844 713,1899 537,1885"/>
                <Baseline points="553,1953 638,1954 723,1954 808,1950 893,1946 978,1945 1063,1944 1149,1938 1234,1935 1319,1933 1404,1930 1489,1927 1574,1923 1659,1919 1745,1915 1830,1915 1915,1915 2000,1912 2085,1908 2170,1910 2256,1910"/>
                <TextEquiv>
                    <Unicode>Privatgenächern der Helt vor sieh. geht:</Unicode>
                </TextEquiv>
            </TextLine>
            <TextLine id="tr_1_tl_15" custom="readingOrder {index:14;}">
                <Coords points="532,2129 1009,2156 1307,2105 1584,2167 1695,2118 1844,2143 2091,2086 2702,2137 2707,1977 2368,1945 2243,1988 1882,1958 1766,2005 1644,1967 1288,2024 534,2002"/>
                <Baseline points="546,2086 654,2086 762,2085 871,2081 979,2079 1088,2072 1196,2071 1305,2064 1413,2062 1522,2059 1630,2056 1738,2050 1847,2049 1955,2044 2064,2040 2172,2035 2281,2032 2389,2027 2498,2026 2606,2012 2715,1999"/>
                <TextEquiv>
                    <Unicode>Ee gibt Peiepiole ihnlicher riktion in der lite-</Unicode>
                </TextEquiv>
            </TextLine>
            <TextLine id="tr_1_tl_16" custom="readingOrder {index:15;}">
                <Coords points="545,2251 583,2260 597,2246 670,2270 738,2241 819,2270 819,2184 792,2184 773,2170 694,2170 675,2156 643,2173 621,2154 564,2178 545,2175"/>
                <Baseline points="561,2220 587,2220 614,2220 640,2220 667,2219 693,2217 720,2217 746,2217 773,2219 799,2220 826,2220"/>
                <TextEquiv>
                    <Unicode>ratur.</Unicode>
                </TextEquiv>
            </TextLine>
            <TextLine id="tr_1_tl_17" custom="readingOrder {index:16;}">
                <Coords points="1259,2409 1785,2341 2257,2352 2387,2327 2390,2216 2097,2211 2037,2251 1923,2219 1823,2262 1625,2230 1465,2270 1370,2232 1261,2270"/>
                <Baseline points="1277,2327 1332,2325 1388,2325 1444,2322 1500,2318 1556,2314 1611,2312 1667,2312 1723,2309 1779,2306 1835,2304 1890,2302 1946,2298 2002,2300 2058,2296 2114,2295 2169,2295 2225,2294 2281,2292 2337,2290 2393,2295"/>
                <TextEquiv>
                    <Unicode>Diable boiteux von losage</Unicode>
                </TextEquiv>
            </TextLine>
            <TextLine id="tr_1_tl_18" custom="readingOrder {index:17;}">
                <Coords points="534,2390 689,2371 743,2409 936,2371 976,2409 1115,2411 1120,2273 1036,2238 914,2284 876,2257 768,2281 705,2254 654,2287 540,2287"/>
                <Baseline points="552,2354 580,2351 609,2349 637,2347 666,2346 694,2345 723,2345 751,2345 780,2344 808,2342 837,2342 865,2341 894,2339 922,2339 951,2339 979,2339 1008,2338 1036,2336 1065,2336 1093,2335 1122,2333"/>
                <TextEquiv>
                    <Unicode>das Klageiöct</Unicode>
                </TextEquiv>
            </TextLine>
            <TextLine id="tr_1_tl_19" custom="readingOrder {index:18;}">
                <Coords points="545,2555 730,2498 1310,2517 1429,2460 1739,2517 1863,2468 2173,2509 2243,2468 2523,2490 2566,2482 2571,2341 2477,2373 2349,2322 2015,2376 1522,2357 1044,2428 890,2371 689,2422 551,2379"/>
                <Baseline points="564,2486 664,2479 764,2472 865,2471 965,2468 1066,2464 1166,2458 1266,2456 1367,2450 1467,2447 1568,2444 1668,2441 1768,2438 1869,2437 1969,2433 2070,2427 2170,2423 2270,2419 2371,2418 2471,2415 2572,2411"/>
                <TextEquiv>
                    <Unicode>der Reufel tewende deckt die Dicker der Häuser</Unicode>
                </TextEquiv>
            </TextLine>
            <TextLine id="tr_1_tl_20" custom="readingOrder {index:19;}">
                <Coords points="545,2634 1128,2675 1546,2618 1809,2675 2143,2653 2235,2601 2311,2645 2482,2639 2487,2482 2257,2468 2175,2509 2018,2474 1869,2520 1579,2487 1424,2531 1004,2514 892,2552 814,2517 754,2558 548,2555"/>
                <Baseline points="561,2602 657,2611 754,2607 850,2602 947,2600 1043,2594 1140,2590 1236,2590 1333,2584 1429,2583 1526,2580 1623,2578 1719,2573 1816,2570 1912,2566 2009,2562 2105,2557 2202,2555 2298,2552 2395,2548 2492,2542"/>
                <TextEquiv>
                    <Unicode>eb und zeiet den studenten,das in Innern der</Unicode>
                </TextEquiv>
            </TextLine>
            <TextLine id="tr_1_tl_21" custom="readingOrder {index:20;}">
                <Coords points="542,2805 640,2772 722,2769 765,2802 933,2767 982,2783 1063,2737 1153,2778 1226,2764 1229,2650 1044,2675 987,2647 895,2683 743,2645 673,2680 548,2672"/>
                <Baseline points="561,2739 594,2739 628,2739 661,2739 695,2739 728,2739 762,2738 795,2735 829,2730 862,2730 896,2730 930,2730 963,2730 997,2728 1030,2724 1064,2722 1097,2724 1131,2724 1164,2724 1198,2724 1232,2724"/>
                <TextEquiv>
                    <Unicode>Häuser vorgeht.</Unicode>
                </TextEquiv>
            </TextLine>
            <TextLine id="tr_1_tl_22" custom="readingOrder {index:21;}">
                <Coords points="542,2935 735,2951 941,2892 1194,2921 1381,2878 1625,2913 1793,2845 1899,2908 1969,2859 2159,2892 2292,2854 2658,2900 2647,2712 2268,2767 1885,2740 1807,2778 1725,2731 1630,2772 548,2799"/>
                <Baseline points="561,2865 666,2870 771,2865 877,2865 982,2859 1087,2854 1193,2850 1298,2843 1403,2841 1509,2838 1614,2834 1719,2829 1825,2822 1930,2820 2035,2817 2141,2813 2246,2811 2351,2808 2457,2803 2562,2801 2668,2793"/>
                <TextEquiv>
                    <Unicode>der prentastioche Plepent, die Wiolhelt der 1ben-</Unicode>
                </TextEquiv>
            </TextLine>
            <TextLine id="tr_1_tl_23" custom="readingOrder {index:22;}">
                <Coords points="559,3022 917,3033 1023,3076 1378,3005 2018,3019 2316,2984 2319,2905 2005,2864 1907,2905 1405,2878 806,2954 561,2935"/>
                <Baseline points="573,2996 660,3002 748,2997 835,2996 923,2992 1010,2990 1098,2985 1185,2979 1273,2975 1360,2972 1448,2969 1536,2965 1623,2962 1711,2959 1798,2954 1886,2954 1973,2948 2061,2945 2148,2945 2236,2945 2324,2945"/>
                <TextEquiv>
                    <Unicode>ieuee rechtfortigt kier die Einkloldung.</Unicode>
                </TextEquiv>
            </TextLine>
            <TextLine id="tr_1_tl_24" custom="readingOrder {index:23;}">
                <Coords points="803,3149 1413,3182 1614,3138 2200,3146 2249,3109 2729,3128 2734,2997 2664,2981 2496,3016 1446,3000 806,3095"/>
                <Baseline points="820,3127 915,3120 1011,3117 1107,3112 1203,3110 1299,3103 1394,3100 1490,3094 1586,3091 1682,3090 1778,3082 1873,3082 1969,3075 2065,3074 2161,3068 2257,3068 2352,3064 2448,3060 2544,3059 2640,3056 2736,3056"/>
                <TextEquiv>
                    <Unicode>prinnerune bleibt und als des Holtz an siek-</Unicode>
                </TextEquiv>
            </TextLine>
            <TextLine id="tr_1_tl_25" custom="readingOrder {index:24;}">
                <Coords points="678,3307 863,3353 976,3293 1169,3342 1310,3285 1552,3369 1693,3279 2056,3288 2062,3165 2002,3136 1695,3176 1614,3141 1413,3182 963,3165 852,3214 686,3160"/>
                <Baseline points="695,3259 763,3253 832,3251 900,3253 969,3249 1037,3247 1106,3244 1174,3241 1243,3235 1311,3235 1380,3232 1448,3231 1517,3226 1585,3225 1654,3220 1722,3216 1791,3214 1859,3210 1928,3211 1996,3210 2065,3199"/>
                <TextEquiv>
                    <Unicode>Toutel, der die Dester abdeckt.</Unicode>
                </TextEquiv>
            </TextLine>
            <TextEquiv>
                <Unicode></Unicode>
            </TextEquiv>
        </TextRegion>
    </Page>
</PcGts>
