3032 3704
792 494 2590 703 Halle Abschiedeworte in den Sarg nachrie-
799 654 2536 831 Fän;- und endlich denke ich des letzten,
792 785 2565 942 vorläufig letzten Gespräch dm Huxex gest-
1410 891 1587 976 1ch.
790 916 2691 1088 Efeundlichen Kxxx eiles gemeinsamen-Bekaut
792 1013 2541 1228 ten, das harrlos aber dah nicht unbe--
780 1153 2602 1318 schwin,l zwischen den Beteiligten hin und
1795 1282 2360 1374 uninden
770 1311 2602 1475 her ging.- Geb es dazulschen) auch mehr und
766 1434 2660 1611 winder flüchtige Bezegnungen bai affzidlen
739 1548 2691 1756 und gemütlicheGeligenheiten, wenn ich alk
773 1705 2512 1877 Stunden zusaumenreclue, iu senen wir uns.
782 1831 2597 1991 von Angesicht zu Angeicht gegenübersassen,
768 1945 2592 2134 komnt gewiss keine geuze-Woche heraus .Wie
753 2064 2609 2246 erkläre ich s wir liur, dass mir heute irotz-
732 2197 2556 2396 dem deeh zu lute ist, als richtelich diese
756 2347 2599 2519 Worlo nicht: nur an den weltberühmten äahx-
724 2461 2607 2641 Dichter,sondern als dürfte ich zugleich zu
761 2568 2602 2779 einen Freunds sprechen, zu einem lieben al-
751 2750 2641 2900 ten Freunde, der wir das von Jahr zu Jahr in
736 2873 2488 3023 höherem Wasse wurde ohne sein oder mein
736 2994 2551 3171 Dazutun, einfach durch die Tatsache seines-
