2984 3672
252 428 401 601 der
2178 183 2304 287 Ael
792 327 1369 520 Chorilte boram
453 334 767 567 kunt
742 475 2552 661 In einem Kunstwerk handelt es sich nie un
611 592 2542 790 ein problöm an sich, sondern immer nur um das
616 735 2463 923 Schicksal des Problens in einer Gestalt,es
626 889 2396 1037 eibt daher im ästhetischen Sinn keine al-
609 1007 2477 1181 ten und keine neuen Probleme. Es gibt aber
616 1134 2468 1280 auch keine neuen und alten Gestalten, son -
619 1257 2237 1445 dern nur wahre und unmahre Gestalten.
606 1386 2522 1557 Es ist darum- so töricht zu sagen (wie es an-
621 1502 2515 1678 lä slich der „Dorothea ingermann" geschehen
611 1643 2517 1804 Ist),das Problem, dass einVater seine Tochter
609 1767 2527 1950 so übel behandle, weil sie von einem widerli-
596 1876 2584 2054 chen subjekt verführt und in die Hoffhung ge
616 2027 2500 2210 konwen ist) existiere heute nicht nehr,weil
611 2153 2527 2314 wir zur Frage der Anschuld, der Jungfräulich-
616 2282 2524 2411 keit (angeblich) and ers stünden als früher.
639 2408 2423 2576 Die Frage ist nur, ob uns die Gestalt des
609 2532 2584 2705 Pastor Angermann und die Gestalt der Dorothea
604 2656 2510 2831 ExixtiaEt interessiert. Dravatischefonflikte
604 2799 2470 2968 entstehen immer nur durch die Stellung der
616 2923 2537 3101 Personen gegenüher einem Prchlen, wolches es
609 3059 2406 3220 auch sei, nicht durch das Problen an sich.
604 3178 2403 3376 Es ist weifellos auch kein Problen,keine
