3048 3704
2147 166 2281 292 1it
2233 352 2680 544 dei10
1214 439 1608 620 den Ne
486 349 1067 610 em Möi
933 615 2344 799 Dta Unschuldige von Heinrich Mann.
636 730 2599 912 In setner Art vorzüglich, aber ule stallt man sich
641 870 1090 1017 zu der Art.
641 991 1921 1161 Ist es ülberhaunt eine neue Forml
631 1098 2449 1282 Es ist keine Erzühlung, sondern ein Schausplel
646 1214 2515 1398 inetnam Akt, nur dase die Personennamen vor den
636 1356 2475 1519 Dialogen nicht inmer ausdrücklich genamt sund
649 1490 2714 1663 dass die szentschen Bemerkungen nicht singekläimert.
602 1613 2465 1784 sondern erzählen im Prüsenz mitgetellt werden.
644 1750 2672 1947 Wäre der Akt(was nur eine druchtechnische Aönderung
654 1887 2528 2034 bedeutete)als Schausptal bezeichnet, so wäre der
652 1997 2649 2170 Verfasser kaineswegs dem Vornurf entgangen,of häbe
641 2134 2352 2299 nur eine dimlogislarta Novelle geschrieben.
654 2254 2554 2420 sehen wir von der Bezsichnung ab - wie wirkt des
657 2404 906 2533 Ganzel
644 2512 2525 2693 Knapp, aber doch auch gepresst, kondentriert, aber
657 2643 2772 2806 zugleich gedrückt, stark, aber luftlos, gehetzt nicht-
649 2785 2606 2990 nur von Innen aus, sondern irgendate vom Autor aus
641 2927 1416 3085 nervös und geimllt.
662 3035 2646 3200 Ist es eine Ausainandersakung mnischen avel leben-
654 3164 1306 3345 aigen Gestaltan?
