<?xml version="1.0" encoding="UTF-8" standalone="yes"?>
<PcGts xmlns="http://schema.primaresearch.org/PAGE/gts/pagecontent/2013-07-15" xmlns:xsi="http://www.w3.org/2001/XMLSchema-instance" xsi:schemaLocation="http://schema.primaresearch.org/PAGE/gts/pagecontent/2013-07-15 http://schema.primaresearch.org/PAGE/gts/pagecontent/2013-07-15/pagecontent.xsd">
    <Metadata>
        <Creator>prov=READ-COOP:name=PyLaia@TranskribusPlatform:version=2.7.0:model_id=50870:lm=none:date=22_01_2024_20:42</Creator>
        <Created>2023-09-27T14:39:51.864+02:00</Created>
        <LastChange>2024-01-22T20:42:14.156+01:00</LastChange>
        <TranskribusMetadata docId="1589061" pageId="60125921" pageNr="114" tsid="145640808" status="IN_PROGRESS" userId="40391" imgUrl="https://files.transkribus.eu/Get?id=VZXTADXVEPMPHLHTVQRMJLED&amp;fileType=view" xmlUrl="https://files.transkribus.eu/Get?id=UXNPPPSAKEMFOCUCVVSTKAAD" imageId="48550998"/>
    </Metadata>
    <Page imageFilename="1589061_0114.jpg" imageWidth="2856" imageHeight="3448">
        <ReadingOrder>
            <OrderedGroup id="ro_1711789358310" caption="Regions reading order">
                <RegionRefIndexed index="0" regionRef="tr_1"/>
                <RegionRefIndexed index="1" regionRef="tr_2"/>
            </OrderedGroup>
        </ReadingOrder>
        <TextRegion orientation="0.0" id="tr_1" custom="readingOrder {index:0;}">
            <Coords points="435,270 435,3164 2597,3164 2597,270"/>
            <TextLine id="tr_1_tl_1" custom="readingOrder {index:0;}">
                <Coords points="2269,379 2283,379 2320,341 2328,344 2361,328 2371,336 2393,331 2393,186 2347,194 2334,186 2320,191 2269,188"/>
                <Baseline points="2283,313 2312,315 2341,315 2370,313 2400,313"/>
                <TextEquiv>
                    <Unicode>zu</Unicode>
                </TextEquiv>
            </TextLine>
            <TextLine id="tr_1_tl_2" custom="readingOrder {index:1;}">
                <Coords points="2248,489 2288,481 2312,460 2334,473 2369,468 2398,476 2388,325 2366,325 2334,352 2315,344 2296,366 2272,341 2237,339"/>
                <Baseline points="2256,388 2284,399 2313,405 2342,405 2371,404 2400,400"/>
                <TextEquiv>
                    <Unicode>010</Unicode>
                </TextEquiv>
            </TextLine>
            <TextLine id="tr_1_tl_3" custom="readingOrder {index:2;}">
                <Coords points="446,540 1006,546 1140,608 1293,557 1382,605 1487,567 1990,605 1990,514 1922,481 1734,446 1562,484 1420,419 1081,492 793,428 535,436 446,489"/>
                <Baseline points="462,537 538,535 615,536 692,537 769,537 845,537 922,534 999,534 1076,534 1152,537 1229,534 1306,540 1383,537 1459,537 1536,537 1613,539 1690,540 1766,537 1843,540 1920,539 1997,543"/>
                <TextEquiv>
                    <Unicode>Zum Gänsemännchen. Nachträgliches.</Unicode>
                </TextEquiv>
            </TextLine>
            <TextLine id="tr_1_tl_4" custom="readingOrder {index:3;}">
                <Coords points="438,715 1387,750 1602,672 1783,750 2406,710 2388,583 2213,621 2065,589 1559,626 1352,589 438,605"/>
                <Baseline points="453,662 556,665 659,665 762,665 865,666 968,665 1071,665 1174,668 1277,666 1380,668 1484,668 1587,665 1690,665 1793,665 1896,665 1999,665 2102,665 2205,665 2308,665 2412,674"/>
                <TextEquiv>
                    <Unicode>Ein weiterer Vergleichspunkt zwischen Daniel</Unicode>
                </TextEquiv>
            </TextLine>
            <TextLine id="tr_1_tl_5" custom="readingOrder {index:4;}">
                <Coords points="438,796 640,834 928,804 1081,893 1143,847 1221,879 1395,852 1465,796 1659,866 2105,858 2210,809 2406,836 2406,710 2326,704 2202,747 866,721 438,756"/>
                <Baseline points="453,794 556,794 659,794 762,794 865,794 968,797 1071,797 1174,797 1277,797 1380,797 1484,794 1587,796 1690,794 1793,797 1896,796 1999,797 2102,797 2205,797 2308,797 2412,794"/>
                <TextEquiv>
                    <Unicode>und dem Gänsemännchen ist natürlich der Auf-</Unicode>
                </TextEquiv>
            </TextLine>
            <TextLine id="tr_1_tl_6" custom="readingOrder {index:5;}">
                <Coords points="444,973 739,987 1081,928 1307,1000 2041,944 2197,995 2476,987 2458,831 1430,885 1162,852 1081,893 801,793 629,871 444,879"/>
                <Baseline points="459,925 560,922 661,925 762,922 863,925 965,925 1066,925 1167,925 1268,922 1369,925 1471,925 1572,925 1673,925 1774,925 1875,923 1977,925 2078,925 2179,925 2280,927 2381,926 2483,922"/>
                <TextEquiv>
                    <Unicode>enthalt hinter dem Gitter des Marktplatzes. Die</Unicode>
                </TextEquiv>
            </TextLine>
            <TextLine id="tr_1_tl_7" custom="readingOrder {index:6;}">
                <Coords points="446,1105 863,1137 998,1089 1102,1135 1374,1067 1508,1119 1815,1086 2382,1113 2382,987 2347,981 2035,1014 1898,968 1476,1006 1180,971 1043,1011 893,963 602,1016 446,971"/>
                <Baseline points="462,1053 558,1053 654,1053 750,1055 847,1054 943,1055 1039,1056 1136,1056 1232,1056 1328,1056 1425,1056 1521,1056 1617,1053 1713,1053 1810,1053 1906,1056 2002,1056 2099,1056 2195,1056 2291,1053 2388,1053"/>
                <TextEquiv>
                    <Unicode>eigene Unbewegtheit, das Treiben ringsum. Aber</Unicode>
                </TextEquiv>
            </TextLine>
            <TextLine id="tr_1_tl_8" custom="readingOrder {index:7;}">
                <Coords points="438,1191 567,1250 664,1194 855,1188 917,1226 1022,1191 1215,1237 1350,1218 1468,1272 1820,1218 2148,1261 2342,1223 2345,1137 1820,1086 917,1153 828,1113 438,1135"/>
                <Baseline points="453,1185 547,1185 642,1185 737,1185 832,1185 927,1185 1021,1186 1116,1185 1211,1185 1306,1185 1401,1185 1495,1185 1590,1185 1685,1185 1780,1183 1875,1182 1969,1182 2064,1185 2159,1182 2254,1185 2349,1188"/>
                <TextEquiv>
                    <Unicode>auch hier hat das Syübol nichts Zwingendes</Unicode>
                </TextEquiv>
            </TextLine>
            <TextLine id="tr_1_tl_9" custom="readingOrder {index:8;}">
                <Coords points="460,1328 586,1320 661,1385 839,1350 901,1398 1283,1326 1422,1326 1533,1387 1678,1355 1764,1385 1896,1331 2062,1371 2035,1223 1594,1272 1382,1231 1186,1269 460,1253"/>
                <Baseline points="474,1316 553,1313 633,1313 713,1313 792,1313 872,1313 952,1316 1031,1316 1111,1315 1191,1313 1271,1313 1350,1316 1430,1313 1510,1313 1589,1316 1669,1314 1749,1312 1828,1314 1908,1316 1988,1315 2068,1319"/>
                <TextEquiv>
                    <Unicode>(bei einem andern Helden vielleicht.1</Unicode>
                </TextEquiv>
            </TextLine>
            <TextLine id="tr_1_tl_10" custom="readingOrder {index:9;}">
                <Coords points="446,1479 1186,1449 1366,1530 1543,1482 1982,1525 2199,1465 2460,1484 2460,1414 2398,1390 2052,1393 1869,1339 1559,1404 1498,1361 1382,1406 1145,1358 901,1395 834,1352 710,1401 446,1374"/>
                <Baseline points="462,1441 562,1442 662,1442 762,1444 862,1444 962,1441 1062,1444 1163,1443 1263,1444 1363,1441 1463,1446 1563,1441 1663,1442 1763,1444 1864,1442 1964,1444 2064,1445 2164,1441 2264,1441 2364,1441 2465,1441"/>
                <TextEquiv>
                    <Unicode>Wunder schön die Maske der Zingarella; insbeson-</Unicode>
                </TextEquiv>
            </TextLine>
            <TextLine id="tr_1_tl_11" custom="readingOrder {index:10;}">
                <Coords points="433,1605 696,1664 979,1619 1110,1651 1245,1597 1750,1659 2121,1611 2312,1648 2589,1594 2589,1533 2398,1490 1818,1535 1602,1530 1541,1484 1366,1530 989,1482 801,1527 699,1484 605,1522 433,1503"/>
                <Baseline points="447,1570 554,1573 662,1573 769,1570 877,1571 984,1573 1092,1571 1199,1573 1307,1573 1414,1574 1522,1573 1629,1571 1737,1570 1844,1573 1952,1571 2059,1573 2167,1570 2274,1571 2382,1572 2489,1568 2597,1570"/>
                <TextEquiv>
                    <Unicode>dero die wahrhäft tiefen,beinahe ins Unergründ.</Unicode>
                </TextEquiv>
            </TextLine>
            <TextLine id="tr_1_tl_12" custom="readingOrder {index:11;}">
                <Coords points="446,1753 683,1783 790,1750 879,1788 1000,1745 1476,1764 1549,1729 1686,1788 2173,1732 2460,1777 2460,1656 2374,1637 1928,1621 1732,1659 1420,1613 1317,1662 807,1635 683,1672 446,1616"/>
                <Baseline points="462,1704 562,1704 662,1702 762,1704 862,1703 962,1701 1062,1701 1163,1704 1263,1704 1363,1701 1463,1701 1563,1701 1663,1704 1763,1704 1864,1702 1964,1701 2064,1701 2164,1701 2264,1702 2364,1703 2465,1698"/>
                <TextEquiv>
                    <Unicode>liche gehenden Zusämmenhänge zwischen der Mas-</Unicode>
                </TextEquiv>
            </TextLine>
            <TextLine id="tr_1_tl_13" custom="readingOrder {index:12;}">
                <Coords points="430,1842 573,1831 686,1901 812,1909 1336,1871 2355,1893 2328,1769 1646,1791 1178,1742 879,1788 790,1750 430,1780"/>
                <Baseline points="444,1832 539,1830 635,1832 731,1831 827,1829 923,1829 1019,1829 1114,1832 1210,1830 1306,1832 1402,1832 1498,1832 1594,1829 1690,1829 1785,1832 1881,1830 1977,1829 2073,1829 2169,1829 2265,1826 2361,1829"/>
                <TextEquiv>
                    <Unicode>ke und dem Erbild. Hier, wie auch in anderen-</Unicode>
                </TextEquiv>
            </TextLine>
            <TextLine id="tr_1_tl_14" custom="readingOrder {index:13;}">
                <Coords points="441,1995 721,2043 1250,2008 1783,2035 1955,1987 2022,2025 2269,2003 2347,2046 2347,1893 2127,1877 2041,1914 1772,1874 1473,1922 1433,1890 441,1885"/>
                <Baseline points="456,1961 555,1960 655,1961 755,1961 855,1964 955,1961 1055,1961 1155,1961 1255,1961 1355,1961 1455,1959 1555,1959 1655,1961 1755,1958 1855,1961 1955,1961 2055,1959 2155,1961 2255,1960 2355,1964"/>
                <TextEquiv>
                    <Unicode>Partien, zum Beispiel in der Schilderung von</Unicode>
                </TextEquiv>
            </TextLine>
            <TextLine id="tr_1_tl_15" custom="readingOrder {index:14;}">
                <Coords points="436,2105 981,2092 1135,2156 1586,2140 1675,2175 1742,2138 1960,2173 2049,2129 2210,2156 2275,2108 2425,2132 2425,2027 2280,2049 2116,1998 1952,2046 1559,2008 723,2046 436,1995"/>
                <Baseline points="450,2089 549,2089 648,2090 747,2089 846,2089 945,2092 1044,2086 1144,2087 1243,2087 1342,2089 1441,2086 1540,2088 1639,2089 1738,2089 1838,2086 1937,2089 2036,2089 2135,2086 2234,2086 2333,2089 2433,2092"/>
                <TextEquiv>
                    <Unicode>Dorothoa, wird eine Höhe des Dichterischen er-</Unicode>
                </TextEquiv>
            </TextLine>
            <TextLine id="tr_1_tl_16" custom="readingOrder {index:15;}">
                <Coords points="433,2232 801,2221 928,2283 1436,2299 1498,2250 1635,2294 1896,2256 2089,2283 2487,2224 2487,2116 2323,2175 1879,2143 1791,2189 1519,2138 731,2186 433,2154"/>
                <Baseline points="447,2218 549,2216 651,2218 754,2218 856,2218 959,2218 1061,2218 1163,2218 1266,2218 1368,2218 1471,2218 1573,2218 1675,2218 1778,2218 1880,2218 1983,2218 2085,2218 2187,2215 2290,2215 2392,2218 2495,2215"/>
                <TextEquiv>
                    <Unicode>reicht, wie nur die Darstellung eines Realen sie</Unicode>
                </TextEquiv>
            </TextLine>
            <TextLine id="tr_1_tl_17" custom="readingOrder {index:16;}">
                <Coords points="436,2374 973,2350 1092,2404 1447,2433 1804,2363 2140,2449 2320,2382 2476,2398 2476,2291 2312,2256 2116,2304 2043,2264 1939,2304 1775,2264 1570,2299 1498,2253 1425,2302 436,2310"/>
                <Baseline points="450,2349 551,2350 653,2349 754,2347 856,2349 958,2348 1059,2349 1161,2349 1263,2349 1364,2348 1466,2348 1568,2349 1669,2346 1771,2347 1873,2347 1974,2349 2076,2347 2178,2349 2279,2349 2381,2349 2483,2358"/>
                <TextEquiv>
                    <Unicode>zu geben vermag, dessen Nurzeln aus dem Metaphy-</Unicode>
                </TextEquiv>
            </TextLine>
            <TextLine id="tr_1_tl_18" custom="readingOrder {index:17;}">
                <Coords points="419,2511 592,2490 667,2549 1000,2482 1156,2482 1285,2546 1541,2501 1737,2541 1844,2514 1844,2444 1691,2385 1428,2428 1336,2396 1293,2439 1032,2401 419,2444"/>
                <Baseline points="435,2477 505,2477 576,2477 647,2477 718,2477 788,2477 859,2475 930,2477 1001,2479 1071,2477 1142,2477 1213,2477 1284,2477 1354,2477 1425,2477 1496,2477 1567,2476 1637,2474 1708,2477 1779,2477 1850,2480"/>
                <TextEquiv>
                    <Unicode>sischen ihre letzte kraft holen.</Unicode>
                </TextEquiv>
            </TextLine>
            <TextLine id="tr_1_tl_19" custom="readingOrder {index:18;}">
                <Coords points="438,2624 710,2613 834,2683 1164,2654 1272,2691 1468,2651 1705,2683 1896,2611 2385,2638 2385,2557 1957,2514 1438,2587 1253,2533 963,2568 906,2530 825,2565 438,2527"/>
                <Baseline points="453,2606 549,2606 646,2606 743,2607 840,2606 936,2609 1033,2606 1130,2606 1227,2606 1323,2606 1420,2608 1517,2604 1614,2606 1710,2606 1807,2606 1904,2604 2001,2606 2097,2608 2194,2609 2291,2609 2388,2609"/>
                <TextEquiv>
                    <Unicode>stilistisch: Es heist an einer Stelle:lganz-</Unicode>
                </TextEquiv>
            </TextLine>
            <TextLine id="tr_1_tl_20" custom="readingOrder {index:19;}">
                <Coords points="430,2759 613,2788 715,2745 831,2802 1030,2788 1105,2829 1336,2788 1670,2829 1777,2769 1933,2804 2108,2745 2412,2810 2412,2670 2046,2691 1901,2611 1764,2683 1586,2689 1016,2654 592,2691 430,2643"/>
                <Baseline points="444,2737 542,2737 641,2737 740,2737 838,2732 937,2734 1036,2735 1134,2737 1233,2735 1332,2733 1431,2734 1529,2735 1628,2737 1727,2734 1825,2734 1924,2737 2023,2737 2121,2737 2220,2737 2319,2737 2418,2737"/>
                <TextEquiv>
                    <Unicode>ungefähr) Wir wollen nicht schildern, wie Leo-</Unicode>
                </TextEquiv>
            </TextLine>
            <TextLine id="tr_1_tl_21" custom="readingOrder {index:20;}">
                <Coords points="430,2882 669,2872 769,2933 1006,2950 1175,2915 1304,2950 1487,2890 1549,2925 1678,2896 1737,2941 1820,2907 1957,2947 2086,2890 2337,2960 2417,2936 2385,2794 1331,2791 1156,2834 1062,2794 430,2799"/>
                <Baseline points="444,2868 543,2865 642,2865 741,2865 840,2865 939,2865 1038,2868 1137,2866 1236,2865 1335,2865 1434,2865 1533,2866 1632,2863 1731,2866 1830,2865 1929,2862 2028,2865 2127,2865 2226,2865 2325,2868 2424,2871"/>
                <TextEquiv>
                    <Unicode>nore und Daniel - wir wollen die Vorhänge he-</Unicode>
                </TextEquiv>
            </TextLine>
            <TextLine id="tr_1_tl_22" custom="readingOrder {index:21;}">
                <Coords points="438,3028 1417,3003 1796,3060 1912,3003 2146,2998 2479,3073 2479,2928 2164,2958 2073,2907 1957,2947 1804,2907 1740,2941 1562,2917 1476,2963 1178,2912 438,2958"/>
                <Baseline points="453,2994 554,2995 656,3000 757,2997 859,2997 961,2998 1062,2999 1164,3003 1266,3000 1367,3000 1469,2998 1571,2997 1672,2997 1774,2997 1876,2995 1977,2994 2079,2996 2181,2997 2282,2997 2384,2997 2486,3003"/>
                <TextEquiv>
                    <Unicode>runterziehen u.s. w. Das scheintmir hier ein un-</Unicode>
                </TextEquiv>
            </TextLine>
            <TextLine id="tr_1_tl_23" custom="readingOrder {index:22;}">
                <Coords points="422,3162 1205,3140 1328,3218 1533,3146 1855,3178 1968,3132 2119,3205 2202,3165 2414,3202 2396,3036 2111,3079 2038,3036 1597,3079 1463,3046 1062,3071 839,3025 718,3081 503,3033 425,3057"/>
                <Baseline points="438,3131 537,3131 636,3131 735,3134 834,3132 933,3133 1032,3131 1132,3131 1231,3134 1330,3134 1429,3131 1528,3131 1627,3131 1726,3128 1826,3128 1925,3128 2024,3128 2123,3128 2222,3130 2321,3128 2421,3122"/>
                <TextEquiv>
                    <Unicode>künstlerischer Behelf,was noch mehr durch die</Unicode>
                </TextEquiv>
            </TextLine>
            <TextEquiv>
                <Unicode></Unicode>
            </TextEquiv>
        </TextRegion>
        <TextRegion orientation="0.0" id="tr_2" custom="readingOrder {index:1;}">
            <Coords points="2591,380 2591,530 2710,530 2710,380"/>
            <TextLine id="tr_2_tl_1" custom="readingOrder {index:0;}">
                <Coords points="2576,557 2605,551 2619,538 2635,546 2654,543 2659,549 2678,538 2702,538 2702,411 2673,414 2635,390 2608,393 2589,374 2576,374"/>
                <Baseline points="2591,480 2620,480 2650,480 2680,480 2710,480"/>
                <TextEquiv>
                    <Unicode></Unicode>
                </TextEquiv>
            </TextLine>
            <TextEquiv>
                <Unicode></Unicode>
            </TextEquiv>
        </TextRegion>
    </Page>
</PcGts>
