3064 3688
2147 132 2419 289 1
706 453 1338 598 (Hugo Thiemig)
691 603 2400 748 Am Abend bevor sie mir dieses stammbuch
681 738 2407 880 schickten sah ich sie als Vater Gobo im
681 860 2618 1012 „Kaufmann von Venedig". Was ist dieser Vater
689 998 2606 1137 Gobo im Grunde doch für ein bejammernewürdi-
679 1118 2571 1275 ges Objekt.Uralt,stockblind,pette larm.Alles
637 1253 2603 1414 ij allem keine von den Thaterfiguren, die un-
628 1375 2552 1534 ter den normalen Imständen geeignet sind uns
640 1495 2520 1659 sehr heiter zu stimmen, Und doch, da sie als
647 1635 2559 1811 Gobo auftraten,amüsierten wir uns königlich
628 1772 2513 1924 und lechteh Thränen, ohne uns im Geringsten
677 1883 2515 2015 unserer Rohheit schämen zu müssen. Wie war-
620 2030 2557 2199 das möglich? Einfach dadurch, dass vom ersten
664 2150 2476 2307 zugenblick an die Erscheinung dieses drei-
630 2285 2505 2459 fach, mit Alter,Blindheit, Armut,geschlagenen
654 2407 2554 2564 Mannes von innen heraus zu leuchten begann,
610 2535 2464 2694 zu leuchten aus der Tiefe eines unsterbli-
652 2645 2525 2826 chen Kinderherzens, das ihm der grosse Dieh-
610 2821 2490 2961 ter, nein - in diesem Falle wohl der grosse
618 2942 1873 3108 Schauspieler verliehen hatte,
983 3052 2544 3233 Eine gzene lang standen sie auf der
2562 343 2809 512 1914
