3416 4376
1110 1414 1317 1549 elen.
978 1462 2853 1666 Das Besondre ist nur, dass dem Dichter alles an
965 1536 2924 1782 sich auffällt, an sich und an and rn,denn das ist
970 1758 1428 1914 sein Peruf.
1002 1785 2908 2049 Ja Ebsens Leben.. Er war wohl Rubeck, aber auch
981 1935 3064 2168 wenn er nicht aus Trenen das Kunstwerk gemacht hätte,
978 2126 2067 2303 er hätte doch nicht gelebt.
1026 2176 2879 2416 In dem Epilog hat Ihsen seine eigene Lebenstüge
1005 2398 1465 2533 aufgedeckt.
1047 2403 2932 2670 preilich sind Wildente und Peer synt und all die
1023 2517 2874 2765 andern Stücke sehr gewaltige Ausredendaftir dass
1020 2646 2908 2919 mar versäunt hat zu leben, aber es sind doch nur
1885 2892 2136 3022 niht
1026 2874 1417 3046 Ausreden.
1031 2863 3093 3151 Aer der das Schalfer( selbst nieht leben, wie degad
1050 2990 3178 3276 orkes anevoct jelle auite inleurire Malesteis Leben er¬
1092 3125 2977 3413 pon ee ae io doicint et Ebvon nient auplaiten
1071 3305 2451 3516 zu naben-wenigstens nicht inver.
1108 3344 2974 3630 Keinsgrogs schliegst es sich aus:- Sohälten und
1087 3500 3122 3759 Iiehosetentavor haten. Schalfen und Pennts splolm.
1137 3590 3027 3897 soheekon und sparioren gehen.. Schaffen und alt
