3000 3656
2228 345 2619 538 licche
522 535 2461 760 cibt ee Phantastik und Vielfältigkeit in den
540 725 1340 869 Buch von Barbuese?
540 794 2600 1016 Istodirzendnie negentlich für die Geschichten,
535 952 2600 1137 die uns B. erzähltk dass wir sie durch die Ver-
543 1073 2688 1252 wittlung eines Kenschen erfahren, der auf indie--
551 1190 2704 1388 kreto Meise den zufall einer antdechten Meuerspa-
543 1332 2600 1514 te benützt, um sich in die intinsten Geheinnisse
546 1479 1509 1653 Anbeka unterszu drängen?
559 1562 2686 1771 Ee sind in Ganzen drei oder üer Növelletten oder
556 1725 1819 1921 rovellen,die uns B. nitteilt.
546 1830 2576 2041 Als wegentlihste, auch der Ausdehnung nach, er-
559 1971 2579 2180 seheint die folgende: Ein alternder, totkranker
546 2111 2619 2295 Mann reist mit einem jukgen Mädehen, die inn aus
559 2220 2565 2421 Dankbarkeit und Hockachtung keiratet.Die Roch-
559 2389 2477 2555 zeitenacht besteht darin, dass sich die junge
559 2477 2450 2694 Frau vor ihn entkleidet. Nenige täge darauf
562 2603 2579 2817 etirbt er. Der eigentliche Herzensgeliebte der
572 2739 2646 2948 juiten frau konnt an, die stürzt ihn in die Arbe-
570 2865 2579 3084 eibt sies iun hin und der lauscher an der Hand
556 2993 2547 3223 beobachtet die janze Verführungsszene, von der
562 3140 2488 3352 uns auch kein physiologtschen Dotell eröpert
