2968 3672
2104 160 2372 302 151.
2104 361 2644 639 Karlet
733 618 1604 754 Die Welt des Schein.
733 829 2452 1037 Das cujet des verliegenden lanuscriptes
404 971 2492 1179 Scheint mir für einen Film vorzüglich geeignet,
417 1078 2545 1286 Aoch elnt viels der angeschlagenen Votive so gut
420 1227 2433 1425 wie gar nicht undmeistens in wenig sigenärti-
433 1388 1356 1575 Eer Waise ausgenülzt.
743 1463 2527 1682 Vor- allem fehlteg an eigentlicher Sran-
433 1591 2377 1810 nung;-achon darum, weil in keinem lement eind
425 1754 2444 1955 wirkliche Gefahr kaxtkada besteht, dass Ermand.
417 1874 2519 2075 nicht zu seinen Rechten als wirklicher Verfag-
436 2000 1829 2171 ser seines Dramas kommen könnte.
794 2115 2428 2318 Claire Kahle konnt ja das Stück rest.
447 2235 2572 2457 die Hauftrolle.äuswendig, sie müsste also einfack,
465 2382 2564 2594 zum Direktor gehen und ihn die Partio vortragen,
455 2529 2158 2717 nbait die Angelegenheit erledigt wäre.
818 2644 2468 2848 In jeden Fall erfolgt die lösung in e-
468 2781 2455 2989 ner gar zu sinplen Keise. Wiie ist es übrigens
465 2904 2553 3107 nöglich, dass Claire die Relle auswendig gelernt
457 3040 2607 3270 hat, da sa trmand es in einem Züge niedergeschrde
465 3166 2420 3420 ben und sofort in die Hauptstadt mitgenonnen
