3064 3720
439 568 1248 785 Kasinir Edschwidt.
444 592 2356 904 Soolsch von Indienergesobichte und Pordel!
468 876 935 1046 phantasie.
478 987 1147 1150 Quentitätssnob.
491 982 2480 1279 bo fallihm nichts ein,er nultipliziert es ui
496 1155 1783 1385 21 wid täl es dür Phehlasis.
493 1227 2452 1506 1les vorlogen. Die Aegenz, die böle und 10t
517 1527 687 1698 Mut
525 1473 2524 1772 die soudschalten nicht tarbengrächtig, sondern
537 1592 2537 1904 e e e i ini d t n en
556 1762 2470 2072 dogesiklich, dass diese leute die Espchologle
563 1891 2558 2181 absotlton vollen, die die Vorobssobzun 10lr
587 2116 1248 2305 Dichlkunst ist.
594 2147 2491 2429 Ia rirhlichzeit münschen sie das Palent uud
594 2276 2509 2566 die Mohrheil Ehr überflössis zu orklören, da
618 2462 1853 2697 es ihnen en beiden gebricht.
620 2501 2604 2842 paldetion eibt es auoh dobertreibungen ir det.
628 2723 1757 2966 Popchologio, die Pittolet.
630 2770 2708 3108 poch sohltöver als seine Nohlerst, sodre Er lht.
643 2914 2599 3237 foine prleilstraft, Sondern nre Prochtelt und
