2936 3672
2102 165 2390 281 151.
879 620 2385 775 Der Grundfohler in der bisherigen
620 751 2515 911 Durchführung:Zu viel sontiventalität lbeson-
610 852 2560 1080 dera. in den Szenen, die in Armands Hause spie-
669 1068 1733 1240 len) und zu wenig Humor.
962 1090 2535 1282 zum Schluss wiederhöle ich, dass nef-
665 1233 2545 1435 nes Frachtens der Frundeinfäll und eine in-
625 1359 2606 1578 zähl der angeschlagenen Votivo im filmmässigen
645 1494 2614 1696 Sinn durckaus verwertbar sind, dass aber nicht-
637 1612 2550 1831 ur vom Rogssour,sondern auch vom Dranatur-
697 1777 2498 1984 gen noch sehr viel Arbeit zu leisten sein
684 1962 1007 2146 dürkte.
