2888 3464
568 456 1167 607 Schnadahüpfl.
578 563 2461 746 klänge, auch Dreiklänge natürlich, ebengo wie
580 704 2442 880 Worte (oder Nortfolgen) werden erst schön,
587 803 2516 989 ja wordek erst runst durch ihre Beziehung zu
580 930 2439 1108 anderen Klängen und Worten. Natürlich kann
587 1051 2476 1252 die Stimme schön sein, mit der ein Wort aus-
595 1215 2432 1353 gesprochen wird,es kann das Klavier einen
580 1316 2402 1482 schönen Klang haben, auf dem wir den D Dur
590 1467 2531 1616 Dreiklang anschlagen, aber dann bedeutet eben
590 1581 2442 1752 der D Dur Dreiklang nichts anderes als der-
578 1710 2295 1864 As Dur oder F Dur Dreiklang bedeutete.
590 1832 2414 2097 dass in diesem Ronan gerade einBild des
592 2005 2546 2238 Deutschland der Tetzten Jahrzöhnte des vori-
607 2132 2372 2320 gen Jahrhunderts gezeichnet sein sollte,
597 2261 2461 2429 will mir nicht eingehen. Damit, dass einmal
587 2397 2570 2580 Bismarck in Person vorbeifährt, gegen don sich
602 2518 2377 2687 dass von Wagner gesprochen wird, dass, wir
617 2647 2608 2831 einmal an Bruckners Orgelspiel zuhören, bekonnt
610 2796 2484 2957 das Ganze keineswegs den, wie man vermuten
607 2900 2469 3076 möchte, vom Autor angestrebten, zeitlich be-
612 3101 1465 3222 stimmten Charakter.
