2840 3432
1993 176 2250 330 Diric
842 302 2457 495 Wandlung laums wird uns nicht plausi-
848 446 2522 596 bel.ner Tod Olivias wirkt durchaus als
844 563 2397 726 Zufall. Sie könnte vorher im cpital.
846 709 2361 878 an einerInfektion sterben und von
851 840 2442 1005 der Lungenentzündung wieder genesen.
844 981 2547 1106 Etwas süssliches, Absichtliches zutiefst.
844 1103 2541 1238 Unwahres ihr Tod unter Rosen-Auch hier
851 1238 2500 1399 willkür und irgendwie selbstgefällig-
838 1395 1071 1521 Koit.
846 1457 2477 1650 Aöhnlich wirkt die Vision der Olivia,
853 1618 2573 1793 gegen die als golche nichts einzuwenden
851 1740 2322 1915 ist, die aber. ebensogut an anderer.
842 1870 2528 2048 Stelle stehen, oder ganz fehlen könnte.
1110 2001 2524 2170 Dasselbe gilt für die mässig An-
853 2134 2545 2301 teressante Geschichte der Nina Senoner,
846 2286 2487 2440 die gewissermassen wie ein tragisches
844 2357 2460 2522 Couplet wirkt, gleich mir hen anderen
851 2543 1701 2695 Partien des Buches.
857 2648 2496 2822 Im Dialog Stärke und interessantetän-
853 2792 2567 2927 zelheitey. Dass die Auseinandersetzungen
857 2907 2545 3102 am Ende nirgends hinführen, wäre nicht.
859 3036 2470 3214 zu benängeln, wenn nicht oft genug die
