3416 4376
1852 1311 2598 1462 viel schöner finder
972 1372 1713 1531 jenes andre eigentl
2550 1531 2891 1695 Est
939 1511 1316 1667 Schaffen.
980 1560 2683 1765 Ja es gibt auch Rubecks. Aber es steht weder
941 1675 2801 1893 dass Rubeck ein grosser künstler war, noch dass
1190 1837 1421 1919 Htatue
962 1757 2919 2011 seine Aüxna um ein Haar schlechter gewärden wäre,
962 1967 2103 2139 wenn ep Irene besessen hätte.
1052 2191 1757 2378 Zur Vereinsamung:
1023 2234 3019 2527 ta natürdien fedes Individuum ist für sich einge-k
1034 2396 2891 2647 schlöggen eine Welt für sich. Aber das ist eine
1003 2485 2834 2768 kalität. Nicht alle versuche frücke von einem
1047 2639 2852 2911 Faaividuum zum andern zu schlagen mässglücken,
1013 2739 2945 3045 und den Klagen wird Refreiung von seinem Kinsan-
1018 2868 2996 3145 keit-gekiht um s0 sicherer, se tiefer er di. Mon-
1047 2981 2927 3240 getri no temen aecht, der vnter Ortetanten iet
1036 3099 3101 3373 ha aletne Dator sind dls Namen diner dineen ote
1106 3337 1601 3499 es zu ahnen.
1100 3296 2955 3617 In gorlegon einne hat übrigens dis Pario Ratter
1121 3463 2911 3730 paest ielt ion dot aesgets, dss sowegpen 118.
1406 3558 3014 3848 Vors tenung der Tratsiien gebrteten.
1085 3722 1390 3868 rischaf
