3064 3688
2164 160 2297 262 1rt
749 484 2361 691 Zwei verhüllte Gestalten in Schwarz von
629 599 2546 804 Nacht bis zur Unsichtbarleit verschlungen in der
637 781 2391 946 Hand Degen, die sich kreuzen und im mondlicht
652 876 2446 1073 blitzen - das ist das Pild,als das sich jener
637 981 2641 1206 Ptaloglin meiner Erinnerung ermmlten hät. Gzistige
664 1111 2529 1321 Intensitäten, die sich miteinander messenihihter
654 1243 2574 1458 denen man seltsame Gekkalten ahnt, ohne sie scher
659 1448 1076 1635 zu nömian:
696 1820 1613 2047 )(hie Anhulstg ir kan
