2920 3496
2440 254 2737 411 Bez. 917.
658 289 2079 470 Das Gänsemänshen von Wassermann.
660 536 2554 724 Im Einzelnen Ausserordeutliches, Conialisio-
642 685 2133 863 rendes, Stimmung und seelenblicke.
645 817 2503 988 Als Ganzes, bei allem Reichtum, fragwürdige.
627 932 2534 1115 Der Titel liesse an ein Symbol glauben, zug
625 1051 2572 1231 mindest an eine Allegorie, doch sind die Ver-
637 1203 2491 1381 gleichsmomente zwischen dem Holden und der
630 1320 2498 1488 Figur des Gänsemännchen äusserlich und ne-
614 1465 1175 1607 bensächlich.
612 1610 2394 1757 Das Nesentliche an Daniels Schicksal ist
619 1714 2361 1899 kaum seine Beziehung zu dehbeiden Frauen
630 1851 1620 2006 (Gortrud und Leonore).
584 1975 2442 2153 Soll diese Beziehung aber das Mesentlilie
602 2100 2562 2285 bedeuten, so wird die Allegorie oder das Sym-
599 2237 1660 2407 bol noch abgeschmackter.
576 2369 1973 2544 Symbole müssen ins riefe gehen.
581 2496 2531 2673 Die saghe wird dadurch nicht besser, dass das
589 2623 2628 2821 Gänsemännchen am Schluss in einer phantastisch-
574 2749 2409 2927 philosophischen, thooretisch-fiebrigen Art
576 2874 2539 3054 in Porson auftritt und Zwiegespräche mit den
556 3006 2488 3217 Helden hält, die ins Reale übertragen,nichte
