2968 3688
447 354 1342 516 kunde (tortte beran
217 464 630 704 Abod
694 491 2505 674 In einem Kunstwerk handelt es sich nie um-
577 657 2498 824 ein problem an sich, sondern immer nur um das
1322 780 2410 965 tons in einer Gestalties
1322 934 2361 1061 lstischen Sinw keine al-
1427 1031 2407 1210 Probleme. Es gibt aber
1325 1183 2419 1332 ind alten Gestälten, son -
1371 1293 2224 1459 unmahre Gestalten.
1334 1444 2488 1593 richt zu sagen (wie es an-
1327 1540 2434 1696 thea angermann geschehen
474 1652 626 1803 a
1329 1701 2441 1855 ass einVater seine Tochter
1354 1838 2424 1982 dil sie von einem widerli-
1342 1953 2502 2114 Art und in die Hoffnung ge-
648 2036 848 2202 geder
1349 2077 2424 2246 dro heute nicht nehr, weil
1332 2216 2451 2346 Inschuld, der Jungfräulich-
513 2326 2456 2490 keit (angeblich) anders stünden als früher.
574 2456 2324 2632 Die Frage ist nur, ob uns die Gestalt des
525 2593 2490 2764 Pastor Angermann und die Gestalt der Dorothea
523 2725 2395 2891 kixtiart interessiert.Dramatischefonflikte
518 2854 2366 3020 entstehen immer nur durch die Stellung der
530 2994 2422 3148 Personen gegenüher einem Problem, welches er
496 3096 2302 3282 auch sei, nicht durch das Problen zu sich.
494 3228 2314 3419 Es ist weifellos auch kein Problen,keine
