2952 3672
2085 136 2357 272 151.
869 602 2500 816 Märe nicht vielleicht eine Verbindung
568 760 2457 952 zuischen Gasten und der Mutter Armands her-
619 886 2495 1073 zustellent (Sie müsste keineswegs singeroti-
607 1034 2464 1189 sche sein). So duss auch die Mutter tätiger
619 1143 2505 1372 in die Kandlung eingreifen könnté alsfäureh
621 1316 1993 1478 ihren Hervenzusammenbrückgenticht
891 1398 2551 1590 Ebengo wünschte ich von der Vergängen
619 1541 2549 1721 heit der Karenska etwas zu wissen. Sie könn-
631 1660 2478 1872 te z.B. zu Reginn des Filne in einer Reuier
612 1828 2529 1983 hung stehen, gagen wir zu einem berühmten ei-
624 1925 2474 2112 ternden richter, wodurch auch ihre Schwärme
621 2022 2573 2267 rei fur richter im Algereinen sichtbarer mi
612 2238 772 2391 do.
973 2272 2481 2471 Dör die Karenska fesernde Schrift-
617 2442 2515 2627 istellerklub ist eine etwas naive Erfindung.
634 2580 2379 2765 (trotz des awildgerrauften Richtere“).
966 2719 2471 2891 Ganz unorlägslich scheint mir, dass
629 2826 2525 3017 wir mehr von den Inhalt des Arwandschen stü
621 2966 2364 3153 okes erfahren.Nach genissen Andeutungen
629 3095 2486 3314 scholnt es ein Kostünstück zu soin,feinoge
