<?xml version="1.0" encoding="UTF-8" standalone="yes"?>
<PcGts xmlns="http://schema.primaresearch.org/PAGE/gts/pagecontent/2013-07-15" xmlns:xsi="http://www.w3.org/2001/XMLSchema-instance" xsi:schemaLocation="http://schema.primaresearch.org/PAGE/gts/pagecontent/2013-07-15 http://schema.primaresearch.org/PAGE/gts/pagecontent/2013-07-15/pagecontent.xsd">
    <Metadata>
        <Creator>prov=READ-COOP:name=PyLaia@TranskribusPlatform:version=2.7.0:model_id=50870:lm=none:date=22_01_2024_20:41</Creator>
        <Created>2023-09-27T14:39:42.893+02:00</Created>
        <LastChange>2024-01-22T20:41:56.671+01:00</LastChange>
        <TranskribusMetadata docId="1589061" pageId="60125538" pageNr="29" tsid="145640709" status="IN_PROGRESS" userId="40391" imgUrl="https://files.transkribus.eu/Get?id=BAHQVUYXVBTYKYBSYODZBNGX&amp;fileType=view" xmlUrl="https://files.transkribus.eu/Get?id=VFKEGAGRILKWIBJGJLEYUTKA" imageId="48550615"/>
    </Metadata>
    <Page imageFilename="1589061_0029.jpg" imageWidth="3000" imageHeight="3720">
        <ReadingOrder>
            <OrderedGroup id="ro_1711789226530" caption="Regions reading order">
                <RegionRefIndexed index="0" regionRef="tr_1"/>
            </OrderedGroup>
        </ReadingOrder>
        <TextRegion orientation="0.0" id="tr_1" custom="readingOrder {index:0;}">
            <Coords points="543,615 543,3389 2645,3389 2645,615"/>
            <TextLine id="tr_1_tl_1" custom="readingOrder {index:0;}">
                <Coords points="699,742 1118,742 1293,787 1456,714 1546,767 2000,784 1960,652 1461,692 1020,602 892,642 692,607"/>
                <Baseline points="710,677 774,683 839,686 903,690 968,692 1033,696 1097,703 1162,707 1227,712 1291,716 1356,716 1421,719 1485,724 1550,728 1615,731 1679,733 1744,735 1809,742 1873,743 1938,744 2003,743"/>
                <TextEquiv>
                    <Unicode>Guskar Acler zum 7. Juli 1910.</Unicode>
                </TextEquiv>
            </TextLine>
            <TextLine id="tr_1_tl_2" custom="readingOrder {index:1;}">
                <Coords points="672,845 1263,840 1719,902 1877,877 2028,925 2358,915 2391,842 667,739"/>
                <Baseline points="686,803 771,812 857,817 943,823 1028,828 1114,831 1200,838 1285,841 1371,846 1457,853 1543,856 1628,859 1714,865 1800,870 1885,871 1971,876 2057,880 2142,882 2228,886 2314,881 2400,874"/>
                <TextEquiv>
                    <Unicode>Von allen Musikern, die heute schaffen-</Unicode>
                </TextEquiv>
            </TextLine>
            <TextLine id="tr_1_tl_3" custom="readingOrder {index:2;}">
                <Coords points="687,997 810,1023 1088,965 2276,1068 2579,1055 2604,987 2431,930 2343,967 2098,930 2043,960 682,885"/>
                <Baseline points="698,940 793,943 889,947 984,955 1080,957 1175,964 1271,972 1366,976 1462,982 1557,986 1653,992 1749,995 1844,1000 1940,1005 2035,1009 2131,1015 2226,1018 2322,1022 2417,1027 2513,1027 2609,1021"/>
                <TextEquiv>
                    <Unicode>und manche von ihnen sind mir wahrhaft wert-</Unicode>
                </TextEquiv>
            </TextLine>
            <TextLine id="tr_1_tl_4" custom="readingOrder {index:3;}">
                <Coords points="629,1135 895,1085 1168,1100 1273,1163 1429,1120 1639,1165 2258,1153 2549,1213 2639,1178 2637,1098 2431,1100 2301,1050 1855,1090 1489,990 1383,1058 1203,1018 1040,1040 902,987 624,1020"/>
                <Baseline points="641,1074 741,1069 841,1072 941,1079 1041,1086 1142,1087 1242,1096 1342,1103 1442,1110 1542,1116 1643,1122 1743,1125 1843,1127 1943,1131 2043,1136 2144,1142 2244,1146 2344,1152 2444,1159 2544,1161 2645,1161"/>
                <TextEquiv>
                    <Unicode>hat keiner mir mehr gegeben als Gustar Mahler,</Unicode>
                </TextEquiv>
            </TextLine>
            <TextLine id="tr_1_tl_5" custom="readingOrder {index:4;}">
                <Coords points="717,1258 1268,1241 1617,1296 1747,1253 2301,1318 2381,1283 2484,1333 2524,1321 2519,1226 709,1130"/>
                <Baseline points="725,1185 815,1203 905,1206 995,1212 1085,1215 1175,1224 1265,1230 1356,1236 1446,1239 1536,1241 1626,1247 1716,1250 1806,1253 1896,1259 1987,1263 2077,1268 2167,1271 2257,1275 2347,1278 2437,1284 2528,1286"/>
                <TextEquiv>
                    <Unicode>-Freude und Errgriffenheit, wie ich sie nur</Unicode>
                </TextEquiv>
            </TextLine>
            <TextLine id="tr_1_tl_6" custom="readingOrder {index:5;}">
                <Coords points="657,1326 902,1348 970,1401 1208,1356 1401,1401 1960,1391 2311,1456 2551,1444 2544,1328 2361,1368 2133,1306 1912,1348 1830,1303 1534,1323 1286,1281 1221,1316 1023,1253 654,1256"/>
                <Baseline points="671,1325 765,1328 859,1332 953,1340 1047,1344 1142,1349 1236,1353 1330,1358 1424,1363 1518,1372 1613,1376 1707,1379 1801,1380 1895,1385 1989,1391 2084,1397 2178,1402 2272,1406 2366,1409 2460,1415 2555,1424"/>
                <TextEquiv>
                    <Unicode>den grössten verdanke. Mir über die letzten</Unicode>
                </TextEquiv>
            </TextLine>
            <TextLine id="tr_1_tl_7" custom="readingOrder {index:6;}">
                <Coords points="632,1459 812,1514 1113,1481 1511,1536 2190,1544 2283,1586 2476,1549 2471,1444 2143,1469 2053,1426 1481,1441 1398,1406 1316,1441 1123,1388 627,1388"/>
                <Baseline points="644,1447 740,1459 837,1464 934,1468 1031,1473 1127,1479 1224,1483 1321,1486 1418,1492 1515,1498 1611,1503 1708,1507 1805,1516 1902,1519 1999,1523 2095,1526 2192,1531 2289,1534 2386,1540 2483,1543"/>
                <TextEquiv>
                    <Unicode>Ursachen starker künstlerischer Erlebnisse</Unicode>
                </TextEquiv>
            </TextLine>
            <TextLine id="tr_1_tl_8" custom="readingOrder {index:7;}">
                <Coords points="639,1601 754,1637 982,1609 1038,1642 1100,1604 1779,1647 1887,1692 2080,1659 2138,1707 2381,1717 2594,1689 2589,1579 2286,1622 2088,1566 1804,1559 1744,1594 1634,1556 995,1546 885,1481 634,1509"/>
                <Baseline points="653,1585 750,1586 847,1592 945,1597 1042,1602 1139,1606 1237,1612 1334,1619 1431,1625 1529,1627 1626,1635 1723,1639 1821,1642 1918,1646 2015,1652 2113,1657 2210,1662 2307,1665 2405,1671 2502,1674 2600,1674"/>
                <TextEquiv>
                    <Unicode>ästhetischekritische Rechenschaft abzufordern</Unicode>
                </TextEquiv>
            </TextLine>
            <TextLine id="tr_1_tl_9" custom="readingOrder {index:8;}">
                <Coords points="617,1792 827,1734 1098,1787 1135,1749 1236,1789 1539,1764 1922,1830 2378,1804 2451,1842 2561,1807 2561,1764 2100,1677 1464,1714 609,1649"/>
                <Baseline points="629,1710 725,1713 822,1721 919,1723 1016,1731 1113,1734 1210,1740 1307,1743 1404,1751 1501,1758 1598,1760 1694,1766 1791,1770 1888,1773 1985,1779 2082,1785 2179,1788 2276,1793 2373,1797 2470,1800 2567,1809"/>
                <TextEquiv>
                    <Unicode>habe ich kaum je den Arang verspürt; und aus-</Unicode>
                </TextEquiv>
            </TextLine>
            <TextLine id="tr_1_tl_10" custom="readingOrder {index:9;}">
                <Coords points="617,1900 847,1925 957,1862 1233,1927 1727,1902 2160,1970 2353,1932 2599,1967 2594,1832 2381,1895 2293,1835 2043,1822 1912,1867 1145,1754 612,1794"/>
                <Baseline points="629,1839 727,1846 826,1852 925,1856 1023,1862 1122,1865 1221,1872 1319,1876 1418,1882 1517,1883 1616,1889 1714,1896 1813,1899 1912,1903 2010,1907 2109,1916 2208,1919 2306,1926 2405,1928 2504,1934 2603,1931"/>
                <TextEquiv>
                    <Unicode>sichtsloser noch als anderswo dünkt mich sol-</Unicode>
                </TextEquiv>
            </TextLine>
            <TextLine id="tr_1_tl_11" custom="readingOrder {index:10;}">
                <Coords points="602,2000 2506,2090 2516,1942 2363,1932 2135,1995 1594,1922 1373,1962 1018,1907 596,1917"/>
                <Baseline points="612,1973 707,1973 803,1977 899,1983 995,1988 1091,1994 1186,1996 1282,2000 1378,2003 1474,2013 1570,2016 1665,2023 1761,2029 1857,2037 1953,2036 2049,2042 2144,2048 2240,2051 2336,2056 2432,2060 2528,2063"/>
                <TextEquiv>
                    <Unicode>eles Beginnen dem rongebild gegenüber, dessen</Unicode>
                </TextEquiv>
            </TextLine>
            <TextLine id="tr_1_tl_12" custom="readingOrder {index:11;}">
                <Coords points="604,2120 1155,2125 1584,2198 1825,2168 1990,2218 2073,2175 2584,2211 2554,2105 2251,2140 2025,2080 1872,2118 1095,2023 830,2063 602,2025"/>
                <Baseline points="618,2095 716,2104 815,2109 913,2116 1012,2118 1111,2125 1209,2125 1308,2132 1407,2139 1505,2145 1604,2146 1703,2152 1801,2158 1900,2164 1999,2167 2097,2173 2196,2177 2295,2183 2393,2190 2492,2194 2591,2188"/>
                <TextEquiv>
                    <Unicode>Urgesetze in die starren Murzeltiefen mathema-</Unicode>
                </TextEquiv>
            </TextLine>
            <TextLine id="tr_1_tl_13" custom="readingOrder {index:12;}">
                <Coords points="602,2273 1000,2246 1366,2306 1777,2298 1865,2348 1967,2308 2378,2353 2388,2248 1820,2236 1627,2185 1308,2213 1038,2160 870,2203 596,2183"/>
                <Baseline points="612,2233 701,2233 790,2239 879,2242 969,2245 1058,2254 1147,2257 1236,2263 1326,2266 1415,2272 1504,2274 1593,2277 1683,2280 1772,2283 1861,2292 1950,2295 2040,2301 2129,2303 2218,2307 2307,2310 2397,2313"/>
                <TextEquiv>
                    <Unicode>tischer Formeln gegründet sind und dessen</Unicode>
                </TextEquiv>
            </TextLine>
            <TextLine id="tr_1_tl_14" custom="readingOrder {index:13;}">
                <Coords points="602,2406 694,2368 1404,2454 1895,2424 2203,2484 2416,2466 2411,2383 2233,2393 1970,2308 1749,2358 1642,2301 1208,2328 594,2281"/>
                <Baseline points="612,2364 702,2364 792,2367 883,2373 973,2376 1064,2382 1154,2388 1245,2391 1335,2394 1426,2398 1516,2404 1606,2409 1697,2412 1787,2416 1878,2421 1968,2425 2059,2431 2149,2434 2240,2440 2330,2445 2421,2445"/>
                <TextEquiv>
                    <Unicode>letzte Wirkungen innerhalb der Fernsten im</Unicode>
                </TextEquiv>
            </TextLine>
            <TextLine id="tr_1_tl_15" custom="readingOrder {index:14;}">
                <Coords points="574,2501 1860,2559 1925,2596 2053,2564 2341,2617 2449,2586 2446,2519 1649,2491 1426,2441 1213,2484 1115,2431 897,2461 787,2406 571,2439"/>
                <Baseline points="588,2489 681,2493 774,2498 867,2504 961,2508 1054,2511 1147,2517 1241,2519 1334,2522 1427,2527 1521,2531 1614,2537 1707,2543 1800,2546 1894,2552 1987,2556 2080,2562 2174,2568 2267,2572 2360,2576 2454,2582"/>
                <TextEquiv>
                    <Unicode>Metaphysischen vesschwimmenden Crenzen sich</Unicode>
                </TextEquiv>
            </TextLine>
            <TextLine id="tr_1_tl_16" custom="readingOrder {index:15;}">
                <Coords points="561,2639 1206,2654 1286,2699 1857,2674 2008,2744 2243,2757 2439,2727 2434,2642 1769,2637 1554,2546 1145,2596 895,2549 556,2579"/>
                <Baseline points="573,2618 666,2624 760,2630 853,2633 947,2637 1041,2643 1134,2647 1228,2650 1321,2653 1415,2657 1509,2663 1602,2669 1696,2675 1789,2672 1883,2677 1977,2686 2070,2690 2164,2695 2257,2700 2351,2705 2445,2707"/>
                <TextEquiv>
                    <Unicode>entscheiden. Mir bleibt also - was oft auch</Unicode>
                </TextEquiv>
            </TextLine>
            <TextLine id="tr_1_tl_17" custom="readingOrder {index:16;}">
                <Coords points="556,2769 865,2812 1108,2782 1439,2840 1802,2812 2180,2877 2519,2832 2516,2769 2431,2747 2093,2774 1995,2734 1652,2742 1556,2682 554,2682"/>
                <Baseline points="570,2749 667,2756 765,2759 863,2764 961,2769 1058,2773 1156,2777 1254,2782 1352,2783 1449,2791 1547,2793 1645,2797 1743,2806 1840,2810 1938,2813 2036,2820 2134,2824 2231,2833 2329,2836 2427,2835 2525,2824"/>
                <TextEquiv>
                    <Unicode>da pedantischeren Geniessern als letzte Aus-</Unicode>
                </TextEquiv>
            </TextLine>
            <TextLine id="tr_1_tl_18" custom="readingOrder {index:17;}">
                <Coords points="551,2885 947,2950 1571,2930 2118,3010 2494,3000 2551,2977 2549,2912 2283,2862 1842,2887 1764,2847 1669,2885 1028,2822 787,2842 627,2794 549,2835"/>
                <Baseline points="564,2881 663,2887 763,2890 863,2893 962,2895 1062,2901 1162,2904 1261,2909 1361,2912 1461,2919 1561,2923 1660,2926 1760,2931 1860,2937 1959,2944 2059,2949 2159,2954 2258,2957 2358,2964 2458,2970 2558,2976"/>
                <TextEquiv>
                    <Unicode>flucht winkt - nichts anderes übrig als meinen</Unicode>
                </TextEquiv>
            </TextLine>
            <TextLine id="tr_1_tl_19" custom="readingOrder {index:18;}">
                <Coords points="544,3018 704,3070 895,3033 1256,3078 1471,3048 1679,3098 2466,3120 2516,3103 2514,3020 2333,3038 1945,2982 1817,3018 1642,2982 1584,3020 1356,2950 1198,2987 1005,2932 915,2980 541,2945"/>
                <Baseline points="558,3015 656,3017 754,3021 852,3024 950,3026 1049,3033 1147,3036 1245,3040 1343,3047 1441,3048 1540,3054 1638,3057 1736,3063 1834,3067 1932,3074 2031,3078 2129,3084 2227,3087 2325,3090 2423,3095 2522,3096"/>
                <TextEquiv>
                    <Unicode>eingeborenen Gefühle zu vertrauen, und zu dam</Unicode>
                </TextEquiv>
            </TextLine>
            <TextLine id="tr_1_tl_20" custom="readingOrder {index:19;}">
                <Coords points="529,3160 897,3216 957,3178 1328,3226 1990,3211 2336,3266 2456,3246 2454,3158 1892,3150 1571,3060 1331,3123 526,3073"/>
                <Baseline points="543,3140 639,3146 735,3152 831,3153 927,3157 1023,3163 1119,3167 1215,3170 1311,3173 1407,3177 1503,3182 1599,3186 1695,3190 1791,3194 1887,3200 1983,3203 2079,3212 2175,3215 2271,3217 2367,3223 2463,3227"/>
                <TextEquiv>
                    <Unicode>ken,wo ich empfangen habe.Es ist ein schönes</Unicode>
                </TextEquiv>
            </TextLine>
            <TextLine id="tr_1_tl_21" custom="readingOrder {index:20;}">
                <Coords points="531,3293 830,3306 905,3351 1125,3301 1860,3366 2065,3338 2281,3414 2358,3388 2353,3293 1777,3283 1724,3241 1556,3258 1266,3200 526,3213"/>
                <Baseline points="543,3275 633,3278 724,3281 815,3284 906,3287 997,3293 1088,3294 1179,3298 1270,3302 1361,3305 1452,3311 1542,3315 1633,3319 1724,3323 1815,3329 1906,3332 1997,3335 2088,3340 2179,3345 2270,3355 2361,3358"/>
                <TextEquiv>
                    <Unicode>Bewusstsein solchen Zug Dank an einem Tage</Unicode>
                </TextEquiv>
            </TextLine>
            <TextEquiv>
                <Unicode></Unicode>
            </TextEquiv>
        </TextRegion>
    </Page>
</PcGts>
