3128 3720
843 236 1309 395 Tolito
446 364 1545 551 (Aetirst mit eine Rundpar
682 505 1456 664 ncht eerwerendt
669 697 2580 946 Ich bewundre Tolstois Merke und liebs manche von
671 794 2698 1043 ihnen; beconders, Krieg und Frieden", die Kosekent
702 1002 1868 1199 und die rsoldatengeschichten.?
723 1081 2632 1338 deber die Kunstthsorstischen und religlondsphile
730 1274 2632 1550 sophischen Schriften Rotstois kann ich mich kaun
738 1450 2647 1653 Kusdern, de ich nicht alle und manche nur im Aag
725 1581 2683 1824 zug golosen hebs. Doch muss ieu gestehn, dass die
741 1776 1122 1886 Anrichlen
758 1712 2729 1971 Idgen eines Dichtere, seine Ideen als solche, mich
2465 1822 2703 1935 heben
758 1883 2688 2099 immer nur in geringen Masss interesslerkn kennen.
764 2040 2791 2242 Ich lebe nänlich in den sonderbaren dahn, als mären
2037 2124 2852 2258 unt deunt aber
771 2211 2634 2457 alle überhaupt möglichen ldsen, des heiest, die
787 2327 2655 2596 pähigkelt alte linen zu begralfeh, sie rtrs auch
543 2427 735 2601 dee
782 2434 2709 2744 nettetie elbst auszusprechen oder durch von
1417 2639 1725 2750 estellen
794 2634 2670 2875 mir erfundene. Pigaren aussprechen zu lessen, in
807 2783 2839 3037 meiner Jesls vorgebildet, so dass auch dis nöuesten
825 2916 2888 3193 und bizurreten fr mich keine Veberraschung bedouten
882 3183 1356 3359 vereggen
