3032 3720
2265 300 2609 459 hable
464 498 2434 756 da. Und kenn Buch besser als für selbst Buch
472 698 2382 899 kennt und liebe Buch tiefer als Ihr je nich
474 850 1561 998 hassen könnt. Lebt wohl.
487 936 2387 1129 Und in Horgendämmern von lindern Neh bewegt
485 1050 2578 1267 rühe ich. Nunkommt ein Schmerz, den ich mit man
487 1183 2403 1423 chen teile, ein zarter,mondscheinhafter. Auch
508 1379 1175 1540 dies, Ihr Guten:
508 1439 2458 1655 Nun aber lasst mich wieder in die Reihen des
513 1561 2424 1811 klaren und geordneten Henschentreibens. Ich
513 1702 2507 1923 schreite mit, reiche die Hände nach rechts und
526 1819 2559 2054 links. Einsamkeit allein macht nicht gross.Man
519 1949 2518 2181 nuss sich auch zusammengehörig fühlen können.
834 2064 2635 2294 Glaubt nicht das Wärchen, das Buch erzählt
521 2231 2429 2479 wird, ir wir lebten andersno als lür: Unsere
545 2369 2606 2559 Freuden sind die Euern, unsere Leiden die Euern,
547 2476 2580 2690 ich bin vezurteilt so gemein den Tod zu leiden
539 2596 2630 2849 wie Alle. Reicht wir die Hände, Nachbarn, leicht-
553 2825 930 2955 gesellt.
555 2851 2651 3088 so lange wir in irdischen Reihen uns regen sind
555 3018 2236 3229 wir zu mäncher Nachbarschäft verdannt.
