2952 3672
2095 155 2321 334 111.
747 502 1661 691 Die Meit des Schein-:
728 760 2474 941 Das Sujel des vorliegender Kanuscriptes
447 912 2492 1091 scheint mir für einen Film vorzüglich geeignet,
447 1020 2563 1230 doch slud viele der angeschlagenen Notive so gut
457 1188 2432 1396 ie gar nicht- und meislens iu wenig eigenartt
513 1335 1375 1485 et Kaise ausgehützt.
775 1398 2539 1588 Vor allem fehlt es an eigentlicher Span-
478 1548 2400 1724 nung;-schon darum, weil in keinem Foment eine
476 1711 2461 1877 Wirkliche Göfalr känkända bestelt, dass Armand
478 1809 2516 2008 nicht zu seinen Rechten als mirkier Verfag-
478 1958 1880 2116 sor seines Främas kommen könnte.
823 2056 2458 2248 Claire Rahls konnt ja das Stück regf.
478 2184 2584 2379 die Haustrolle auswendig, sie müsste also einfach
497 2305 2589 2524 zum Direktor gehon und ihn die Partie-vortragen.
486 2468 2153 2642 womit die Angelegenheit erledigt wäre.
831 2579 2508 2747 In jedem Fall erfolgt die Lögung in ei
486 2694 2463 2934 ner gur zu simplen Pelse. (Wio ist os übrigens
486 2860 2571 3068 möglich, dass Claire die Kolle auswendig gelörnt,
497 2986 2605 3157 hat, da ja fewend es in einen Zuge niedergesohrde
510 3105 2432 3325 ben und sofort in die Hauftstadt mitgenonnen
