3064 3720
550 760 2467 1002 Gosthe nimnt das nur seinmel Gegebene hin aus vor-
508 978 1284 1114 schiedenen Gründen.
508 976 2648 1236 I. Well es ihm als Ausdruck des Notwendigen erscheint.
516 1167 2340 1388 2. Weil er es als sichere Grundlage empfindet.
526 1287 2544 1494 3. Weil es ihm imponiert durch die Würde seines Da-
721 1489 952 1635 Sein.
880 1561 1125 1667 nichte
542 1494 2558 1789 4. voil s ihnsolbren würde, (vone er gonörigt näre,
747 1688 2340 1877 es forzzurämmen. Er hat Inderes zu tun.
590 1781 2451 2055 4. weil er beseres julhum hat als dles
651 1904 2563 2209 gegetene, des inn alsiorter nicht cent
635 2199 1303 2441 fürhiraumer
