3048 3672
2183 160 2450 275 151.
2227 327 2657 510 kl Stelle
584 597 2586 830 lein bei ihm. Nicht sehr korrekt, was die Sekun-
573 751 2515 929 danten selbstverständlich empfinden,aber was
586 866 2398 1073 ist in diesem grössen menschlichen Moment-
584 1000 2476 1186 für Georg, für Maurer, ja sogar für den Autor
584 1144 2500 1327 Korrektheit, Chic,Fleganz und Hochmüt? Georg
584 1269 2374 1458 weint. Er sinkt dem dicken Maürer an die
592 1393 2392 1594 Brust.Der tröstet ihn. Es wird schon gudn,
586 1578 927 1712 sägt er
945 1636 2578 1848 Mir aber zweifeln, dass es gehen wird.
597 1790 2411 1984 denn vonn Maurer mit seiner Freund in die
602 1908 2034 2102 herrliche Vilta Zineingovon wird
610 2026 2597 2214 Denn wenn sich Georg in seine herrliche Villa
602 2162 2615 2371 hine inbegeben, siet soidor duottarzuger entle-
615 2267 2565 2502 digen und seinen Kammerdioner rufen wird, da-
615 2413 2599 2618 mit ihm dieser beim Inkleiden kehilflich sei,
618 2539 2657 2754 wird or solbor fe taoter onsange d nit sot.
2204 2683 2662 2809 r sich hin
620 2693 2725 2877 nein bekannten hochmütigen Lächeln. g l
626 2809 2594 3008 sagen: Du wobltet mich umbringen, Maurerzdazu
623 2939 2636 3144 müsst ich doch vor allem auf der Welt gewesen
636 3115 877 3259 soin.
