2984 3656
2277 377 2603 597 lerbe
499 579 2495 772 tung, einer Verführungsezene beiwohnen nuss, un
507 740 1943 908 auf solehe Mahrheiten zu kommen?
507 804 2643 1035 Nach den derungemütliche Aotelgast seiner Bebback
502 998 2553 1170 tungen satt geworden ist, begibt er sich auf die
517 1091 2617 1287 strasse, begegnet einer Anzahl von Paaren und be-
512 1213 2577 1438 schäftigt sich damit deren Gedanken zu erraten.
504 1388 2556 1539 Auch hier fehlt es nieht an allerlei geist, pes-
520 1499 2577 1682 sinienus, Gefühl und Menschenkeuntnie, aber inner
512 1613 2574 1807 wieder fragen wir uns: Musste ar darum vorerst
528 1741 2651 1940 tagelang durek eine Mauerspalte schen? Hat er vo
515 1882 2646 2083 her wirklich nicht gewuest, dass es bösartige Ner
533 2006 2643 2205 gebilde gibt, dass totkranke Menschen storben und
512 2134 2556 2317 dass tartäglich ein paar tausend junge Mädehen
512 2250 2595 2455 ihre Jungfräulichkeit auf feils angenehme,teile
525 2394 2301 2582 sehnerzhafte Meise zu verlieren pflegen?
523 2502 2553 2736 er beeibu sich in ein Rostaurent. Anslobentiset
523 2651 2595 2837 eitzt ein berühnter Roneneier mit einigen Freun-
528 2786 2638 2993 den. Der ponspier erzählt den Stoff seines neu-
525 2916 2601 3118 osten Ronenos so Taut, dere ven se ringeun hören
531 3049 2431 3246 kenn. Seltsan. Und welchss ist. sein dtoffz Er
528 3190 2524 3376 will einen jungen Mann schildern, der in einen
