3032 3672
187 341 575 558 24./3.1915.
548 515 2241 637 Die klingende Schelle. Von Felix Salten.
523 627 2525 834 Sollte in diesem poman ein durchaus widerwär-
520 757 2478 949 tiger, böser Mensch geschildert werden, dessen
540 881 2361 1061 Wirkung auf Andere durchaus unbegreiflich
530 1001 2480 1215 bleibt, da sie immer nur mitgetäilt wird, ohne
530 1135 2351 1335 dass sie jemals einleuchtend würde, se ist
530 1315 1474 1494 die Absicht gelungen.
864 1392 2390 1591 Da dies aber nicht der Vorwurk des
538 1534 2542 1728 Verfassers gewesen sein nürder dürfte, so muee
540 1638 2537 1833 ist anzunehmen, dass er einen dämonischen Mann
545 1775 2522 2004 gestaltenwollte, der seine Mirkung, inebsonde-
550 1910 2492 2094 re auf die Frauen, nicht nur seinem Reichtun,
548 2039 2455 2253 seiner elganten Erscheinung, seinem Hochmut,
555 2156 2492 2380 sondern auch etwas Inkomensurablen vordankt,
558 2296 2433 2522 als welchet wir wohl die Dämonie bezeichnen
550 2490 889 2669 durfen.
911 2550 2430 2779 Von dieser Wirkung auf die Frauen
555 2702 2378 2898 wird uns allerdings nur erzählt. Innerhalb
560 2799 2560 3023 de ganzen Zeitraunes, in den der Rönen spielt,
563 2948 2567 3185 etwa ein Jahr, erleben wir nicht Erhebliches m
565 3075 2488 3327 von dieser Mirkung, ja sonderbarer Roiso be-
