3048 3704
724 639 2626 858 lich gilt,-vielleicht als Einem,der ungefähr
741 762 2521 986 gleicheltrig mit thuen,dem lächen Berüfe
739 896 2566 1079 hingegeben, nun seil so latger Zeit in be-
731 1027 2642 1260 scheidener Nachbarschaft selle Strasse zieh
736 1170 2530 1351 und dessen innige Bewinderung für Sie und
760 1260 2435 1501 ihr Herk im Laufe diser Jahre nicht zur
765 1451 2504 1639 ihm selbst, sondern auch Ihne immer stär
760 1546 2602 1773 ker bewuest wurde. Wenn der gehei-hisvelle
750 1677 2521 1856 Satz von den Paralelten,die ichi erst in
765 1808 2537 2030 der Onendlichkeit begegien auch für Mon-
770 1918 2447 2125 sohennege zutrifft, die in der gleicher
784 2092 2433 2249 klene laufen, so mag er für Dichterwege
784 2190 2473 2435 ganz besonders gellen; - und je mehrni-
777 2309 2637 2540 abendwärts wandeln, jener Quendlichkeit zuz-
789 2483 2452 2656 die uns einpal alle unfaugen wird, unso
798 2578 2506 2768 mehr scheinen für unser sterbläthes Aug
793 2702 2711 2926 dich diese Rege oinander zu nähern, und unso
805 2854 2654 3059 vertrauter klingenrufe aller Art zusohen
801 2973 2645 3193 den Henderern hin und her. Nann Sie heute,
