3048 3688
404 402 672 558 ato
2205 450 2587 629 in Freilict
717 589 2438 773 nöch übrig sein werde? Ich vermat erf s0
725 685 2648 902 wenig zu beantworten als Du, A und glaube,
695 839 2597 1069 dass Dich diese Srage im Grunde so wönig-ih-
685 965 2498 1162 tgressiert wis mich, Denn wie meinte jener
662 1094 2531 1304 Puppensfieler:Tag mir, wann die Ansterb-
717 1225 2600 1422 lichkeil anfangt und ich will um meinenRuhm
715 1334 2589 1564 begorft Sein! Aber wann ich ush gene über-
1556 1483 1773 1561 E. eei
723 1490 2552 1708 zeugtbin, dass fien, der so köstliche
728 1645 2579 1801 Akte und Römalkaxitel und überdies so nun:
725 1753 2678 1922 dersaie in alle Tiefen des Menschen-und Künst
2008 1834 2271 1928 wiede
735 1857 2622 2082 lertums weisende Essags geschaffen hatz auch
2367 1953 2703 2034 Firklide
743 2006 2622 2195 nech einer-fernegen Zukunft als einstichter
1440 2120 2079 2223 ro ret glaub un
2142 2145 2579 2264 ies, dase
750 2173 1955 2319 gelten hirdf; -dies dordie
753 2269 2549 2461 diese Bezeichnung Dein Resen nicht völlig
750 2387 2650 2607 ausdrückt und unfaest;- undfso viel oder so
755 2501 2673 2738 wönig von deinen einzelnen Werken in hun-
771 2635 2807 2857 dert Jahren noch übrig sein wird, -dies ist mir
758 2771 2529 2966 über allem Zueifel, dass du im Gedächtnle-
1379 2895 1887 2994 laup, leux ser
952 2941 1139 3021 Mait
776 2880 2733 3143 dersMelt naeh viel länger als einer der merk
2122 2989 2546 3105 glänrende
771 3057 2615 3254 würdigsten, vielfältigsten und ausserordent
