2984 3688
2210 325 2659 490 Fr. otee 12.
531 534 2535 758 keiner Heiss für die Fruchtbarkeit manggebend.
523 683 2512 872 Auf einer so absolut verkehrten Forätesetzung
513 812 2504 1013 dürfte auch ein Märchen nicht aufgebaut sein.
776 936 2527 1127 Wenn willkürlich unter so und so vielen
526 1070 2525 1251 Naturg setzen gerade eines aufgehoben wird;so
542 1194 2566 1362 haben wir die Empfindung, dass sich der Dichter
539 1336 1919 1509 die Sache zu leicht gracht hat.
784 1454 2460 1640 Atmosphäre des Märchene irt eigentlich
539 1601 1511 1774 nirgende zu verspüren.
539 1702 2610 1906 Der allzu Goethesche Ausklang der letzten Verse-
547 1833 2563 2037 wirkt fart wie absichtliche Kapie, nahezu paro-
536 1993 962 2223 Atottoch.
