3048 3704
2159 163 2440 355 14.
2291 328 2536 480 Kind
817 511 2483 730 zustatten kommen. Es ist trotzdem gut.
987 674 2054 819 Der Enthusiasmus Bahrs ?
833 828 2418 1002 Vor etwa siebzehn Jahren, war ich mit
835 940 2612 1145 ihm und Richard B.H. in München.Wir be-:
826 1101 2427 1244 suchten die Ausstellungen. Schon vom
824 1214 2500 1377 Eingang aus konnte ich zu Rihhard mit
830 1337 2565 1485 einiger Sicherheit voraussagen,welches-
824 1480 2512 1639 Bild Bahr gefallen würde. Eon gewisser
824 1612 2616 1766 seltsämer grünlicher Clanz genügte voll-
830 1744 2507 1875 kommen, um Bahr hineinfallen zu lassen.
835 1849 2619 2027 Jetzt ist bei ihm: das Slaventum der grün-
835 2023 1360 2161 liche Glanz
