3064 3688
2401 373 2527 577 1
661 447 1108 586 25.6.1912.
1359 619 1973 770 kanl Krau.
651 852 2602 1041 Mau könnte, sEhs so leicht machen wie er, man
654 1016 2639 1193 biauchte nur von einen Fehlern und Schwächen-
659 1163 2612 1325 zu reden und alles unterschlagen,was als Vor-
654 1295 2075 1444 zug und Auszeickuung gelten mag.
649 1397 2577 1575 Aber maii verzichtet darauf. Man ist vielmehr
666 1523 2542 1707 geneigt ihm vorerst alles lob zu zohken, das
661 1680 1198 1819 ihm gebührt.
649 1769 2642 1978 Er ist ein Stilist von hohem Rang. Er hat eine
661 1896 2505 2075 ganze Anzahl von Aufsätzen geschrieben,die
649 2033 2577 2212 man als Meisterstücke bezeichnen kann. Er hat
611 2192 2545 2368 mehr Witz und manchmal auch. eine höhere Art
651 2309 2577 2460 von Witz als man bei Pamphletikern von nicht
654 2413 2629 2589 übermässiger Bildung zu finden-pflegt. Manche
626 2540 2455 2738 seiner Aphorismen sind den stärksten oder
636 2689 2632 2823 doch den bestgeschliffenpten Produkten dieser
646 2816 2587 3014 Art beizuordnen. Er hat-oft das wirklich lä-
619 2920 2495 3124 cherliche lächerlich gemacht; das wirklich
