3064 3688
2145 159 2301 283 151
445 505 2400 758 gehoben.Mo kein Gesetz mehr waltet-hört na-
440 725 1778 854 türlich auch die Spannung auf.
735 813 2251 985 Auf der Bühne könnte die cache nur
432 935 2261 1129 durch eine Atmosphäre von Hast und Mystik
437 1084 2428 1276 möglich gemacht werden, von welcher Atmosphäre
445 1223 2450 1384 auch die realeren Vorgänge zu profitieren hät-
442 1357 2256 1523 ten. Es würde kaum angehen die Atmosphäre
442 1475 2327 1667 wecseln zu lässen.Auf die Figur, des Grund-
467 1594 2453 1773 lässt sich aus technischen Gründen schner ver
460 1718 2461 1928 richten. Bei der sausserordentlichen Unklarheit
455 1842 2461 2046 des Ganzen ist unb natürlich eine Gestalt wil
429 2001 2329 2193 kommen, die zur Aufhellung des Prof.Viereck
447 2112 2478 2289 -dient und dadurch zur Aufhellung des Verhält-
460 2281 2066 2438 nisses des Professors zu. dem Helden.
806 2365 2473 2552 Das Satanische, dessen stacht zu zeigem,
455 2511 2428 2721 offenbar des Dichters Absicht ist,lässt sich
493 2655 2468 2832 gerade an diegem, rein pathologischen Fall,we-
470 2774 2463 2961 nig verdeutlichen. Auch des-Pathologische hat
493 2895 2392 3090 seine Gesetze. Es war nicht notwendig einen
477 3037 2458 3241 total unmöglichen Kränkheitsfall, zu erfinden.
