2904 3512
2089 151 2269 314 Ulir
770 388 2355 579 Prätention des Aufors allzu deutlich
776 478 2539 704 würde zu einem Resultat in idkolögischim
774 636 2311 857 Sinn oder wenigstens in dessen Nähe
774 811 1535 976 gekommen zu sein.
785 866 2488 1068 Das Bild mit der unsichtaren, Lampe ist
787 1002 2515 1201 weder sehr zutreffend noch in der Durch-
800 1155 1541 1326 führung pootisch.
794 1280 2447 1473 Manchmal wirkt das Ganze wie der Ent-
802 1383 2471 1561 wurk zu einem Boman, wie zusammengetra-
809 1524 2464 1743 geus Matorial, das noch nicht gesichtgt
816 1715 1006 1853 ist.
811 1772 2502 1973 So kann man diesmal nur von przählunge
822 1912 2410 2127 kunst in Detail, aber nicht von einer
818 2076 2195 2223 kunst vollen Erzählung sprechen.
829 2195 2462 2364 Zusammenfassend könnte man sagen, dass
835 2298 2510 2493 man beinahe bis zum Schluss gefesselt,
835 2431 2519 2644 zum Schluss aber nicht nur enttäuscht,
833 2585 2469 2749 ssondern sich irgendnie Sie der conas-
857 2743 1605 2973 führte orscheint.
