3064 3688
624 412 2453 649 zühne und von dieser einen gzene an wirkte
575 568 2390 776 ddie Figur in köstlicher rrische über den
588 690 2484 921 ganzen Abend hin; so erschienen sie in die-
590 825 2573 1046 ser geringen nolle, so oft man sie in anderen,
545 939 2596 1189 Agdeutonderen zu bewundern Gedegenheit hatte,
662 1084 2565 1298 gewisserwassen als das Symbol Ihrer selbst,
613 1196 2514 1433 als die Erfüllung all der Efenschaften, die
618 1341 2614 1568 den grossen Tragikomiker der Bühne charakte-
672 1575 1099 1692 risieren.
916 1593 2586 1815 Nicht je der Künstler von cenie hat Au-
667 1738 2629 1957 mor (wir erleben os ökigks mit Miesvergnügen)
687 1858 2644 2064 aber jeder Künstler von wirklichem Hümor, nich
690 1975 2629 2232 nicht jeder Spassmacher, hat Genie.Denn Hümor
669 2112 2637 2344 ist der weitere und höhere Begriff.Er ist das
664 2250 2522 2492 eigentliche Fenie des Herzens, de Güte wohl
669 2377 2583 2621 ohne Hümor, aber Humor niemals ohne Güte be-
736 2576 1288 2731 stehen, kann.
1021 2611 2639 2855 Dies hätte ein Denk-, ein Dankspruch
692 2746 2634 2983 werden sollen an den ausserordentlichen Men-
1407 2901 2588 3049 dem ich mich auch als Autor-
687 2970 1346 3102 schendarstelle
758 2914 2716 3163 so sahr verpflichtet fühle. Nun ist es beinahe
791 3034 2672 3225 eine Epistel geworden und ele sie sich unbe-
