2904 3672
1998 167 2356 350 1r1.
433 538 673 778 1518
700 660 2547 878 ie Figur der Clairé ist allzu kärglich he-
412 821 2477 1007 handelt. Warum hegt sie keinerbei zärtliche Ge-
398 948 2523 1142 fühle für Armand? Sollte der Verfässer gerade in
460 1064 2447 1279 diegem Finkte von einer romanhaften Banalität
423 1236 1395 1395 zurückgesthredkt sein?
681 1338 2585 1524 Vielleicht sollte cläire die Aufklärung der-
425 1435 2461 1653 sacle energiächer in die Land nehmen, als durch
417 1551 2585 1799 den Brief,den sie an Faslon schreibt und der "von
455 1742 2049 1933 der Koreniska zufällig gelegen wird.
732 1834 2539 2041 Gaston müsste den Kampf irgendnie aufneh-
463 1971 2474 2157 men, sowohl innerlich wie äusserlicheKr dürfte
487 2130 2030 2307 sich nicht sofort geschlagen geben.
738 2235 2517 2447 Zu ermägenwäre auch, ob nicht züischen 4.
498 2372 2509 2579 und S.Ikt der Erstaufführung eine Pifersuchts
495 2482 2466 2701 szend erfolgen könnte zwischen faston und der
503 2631 2485 2822 karenska,so dass sie nicht weiterspielen kann.
495 2752 2534 2970 oder nill, worauf Claire für sie die Kolle über-
487 2954 786 3086 nimmt.
808 2981 2609 3204 Wies alles sind keine Ratschläge,sondern
506 3142 2480 3371 nur Einfälle, wie sie während und nach der lek
