2856 3448
2142 241 2378 495 Se
1116 480 2432 644 erende Ergründung betont wird,
995 605 2511 780 or für notwendig hält. Es ist seine
1026 718 2519 911 gewisse Feale Dinge innerhalb sei-
485 744 690 898 Sacht
475 872 2534 1039 ner Erzählung unausgesprochen lässt oder nicht.
462 1000 2447 1129 Keineswegs hat er darüber Rechenschaft zu ge-
485 1108 2437 1303 ben, darauf hinzuweisen sich zu entschuldigen.
487 1259 2426 1434 oder zu rechtfertigen. Eine stilistischeflen-
472 1400 2465 1554 duug in der Art der hier erwähnten, ein plötz-
462 1503 2429 1693 liches Vordrängen des Erzdhlers, ein Intiner-
485 1626 2434 1811 werden mit dem Leser,ein Reden ins Publikum,
490 1801 2429 1926 ein AUfdecken der Technik, scheint mir nur in
451 1885 2352 2070 der humoristischen parstellung erlaubt. So
480 2044 2527 2229 wirkt es gewiss nicht störend, wenn es an einer
480 2139 2480 2350 anderen Stelle heisst: Wir wollen sie die ing
487 2288 2437 2468 langwähnigen, die Traunverlopenen nennen. Ja-
490 2426 2478 2588 Ex hier wird sogar eine humoristische Wirkung
485 2560 2480 2711 erzielt, die durchaus in dem romantischen cha-
490 2675 2555 2839 rakter des Romans liegt. An einer solchen Stel
490 2801 2537 2988 le, wo der Auter leser gleichsam Atem holt,Atom
