3048 3688
734 548 2546 739 Daseinfe, und Wirkens? Da ich nich von auf-
734 691 2577 854 dringlshet teigungen zienlich Frei wdiss,
742 804 2538 990 so ist dieses Gefühl zur Teil gulss darin
739 967 2646 1156 be-ründgt, dass Kühstler Ihrer hohex und rei-
749 1081 2634 1287 new ert; je entschiejeler Die der Mell ge-
744 1213 2605 1378 horen, je endgültiger die Stimnen des De el-
746 1340 2510 1531 wollens und der Unvernunf! zum Schweigen
758 1493 2500 1641 verwiesenind, eine immer wärnere Atmos-
758 1574 2510 1806 phärs der Menschlichkeit und Reglückung
768 1732 2689 1914 um sich verbreiten, an der jeder Empfänglicle,
778 1866 2471 2014 jeder Daulbere teilnehnen darf. De über
761 1971 2462 2158 nicht alle diese Dankbär-Empfänglichen.
763 2108 2543 2270 soton darum allein das Recht für sich in-
768 2230 2457 2416 Anspruch dehren dürften, einen raun wie-
792 2373 2634 2565 sie mit dem stolzei Worle Freund zu begrüch
778 2476 2483 2682 son, so wago ich es weine wirkliche oder
778 2656 2457 2790 eingebildete Berecktigung dazu aus der
773 2775 2538 2933 Empfindung herzuleilen, dass mir aus Ihrem
782 2928 2479 3067 Wesen, abgerehen von jenem allgemein zu-
790 3027 2538 3184 gänglichen Clanze etwas eutgezaustrahlt.
780 3146 2629 3321 das in irgend einer Neine mir gahz persön-
