3000 3672
2338 353 2639 562 lanfe
410 557 2501 801 Rotolrinner durch eine zufällig entdeckte reuer-
424 768 1015 918 spalte u.S. n.
424 855 2598 1045 Onser Hotelgast ist etwas ersehüttert, etwas belei-
429 972 2528 1176 digt. Er steht irgendwie einen Uystorium oder ei-
432 1127 2476 1311 nem plagiat gegenübdt. Doch er tröstet sich da-
429 1265 2501 1480 nit, dase derkemaneier, wie dus flühhtigen Bener-
426 1374 2615 1569 kungen zu entnehnen, die ingelegenkalt neniger tif
445 1482 2539 1689 gründig zu erfassen beabsichtigt als ir delbst.
434 1624 2560 1816 der sozusegen unliterarische Brobackter es getad
448 1748 2560 1963 nat. leh vill über dae Buck der berühnten konen-
434 1887 2405 2085 eiere Richte vorherragen. Es wird vielleicht
437 1990 2571 2215 neniger diekteriech sein ale das Bueh von Barbus
456 2153 2514 2324 se, vielleicht etwas anüsanter und ganz bestinnt
1958 2267 2082 2343 eu
448 2305 2587 2479 neniger prätentide. Und keinesnegs wind er den be-
1936 2392 2085 2463 vnd
459 2408 2574 2606 rühnten Donaneler bezognen, dass er gegen Schluss
521 2539 2411 2712 Ales Ronaner diek selter in ein Rostaurant
459 2647 2444 2886 und danebon Herrn Barburee plaetortelieesder
2232 2731 2777 2886 nlinen heuinde
728 2802 1843 2891 eeers dee Singen einuge
475 2829 2514 3006 ee den Stoft zu seinen Ronan nbEnfer? wieht
2232 2902 2514 3079 Ehlav.
462 2927 1724 3130 ner enigenstrenden, wnder
2110 3041 2517 3198 nnbliet
459 3073 1982 3244 rettororiden vittoitorrirt er
1515 3177 2386 3358 den notertonden
1121 3206 1254 3358 e
464 3220 923 3375 uod res
1018 3293 2775 3434 ro vecuatulit anvabere vnd das an
1045 3399 2134 3508 den netenlicter horti Ko
