3064 3688
403 355 1022 544 Karl kieus
598 571 2589 755 Er beschimpft nicht nur den, gegen den er sich
603 715 2631 873 eben wendet, auch alle; die nicht seiner Ansicht
606 825 2589 1006 sind begeifert er, so dass man fast von xinerx
606 971 2618 1148 dem Versuch einer Erpresser-und Schreckensher-
606 1086 2551 1273 schaft sprechen dürfte, wenn nicht allzu viel
600 1254 1628 1422 Unbewusstes mütspielte.
2298 1270 2690 1406 schreibt
611 1377 2615 1527 Und wenn jedes Wort wahr wäre, das er gesehrie
1988 1446 2437 1567 staklreibe
1156 1478 1489 1567 weiden
616 1489 2471 1705 kenffundas t sich, nach den erwiesenen
611 1593 2762 1815 Verleumdingen,deren er se sich schuldigemall
630 1703 2623 1943 mgeht, auch geu, seiner Freunden nicht mehr be-
2207 1839 2418 1943 el
913 1865 1228 1956 hrarte
608 1865 2671 2098 haupten: durch all das, was: er verschwkegen hel
630 1999 2741 2175 gegen besseres Wissen und Gewissen, verwirkt zuf
878 2130 1214 2242 verwuhl
635 2130 2573 2327 er esein grosser Satyriker ii heissen.Diese
632 2268 2415 2434 Uebung rückt ihn hart an eine Gruppe von
640 2367 2359 2570 Leuten, die man anders zu nennen pflegt.
616 2570 2623 2818 + in firamuendensen, no aronnemerle
705 2751 1478 2941 neiclenanissle¬
