2968 3672
2079 133 2421 281 151. s
435 623 1299 790 türe gekommen sind)
734 650 2529 915 Armand konnte,sa sollte vielleicht schen
453 851 2516 1045 v. or. der Fretaukführung mit seinen Ansprüchen
440 981 2474 1214 horvortreten und von asten zurückgeriesen ver-
451 1156 676 1304 den.
740 1137 2434 1392 Re wäre deigstisch höchstrahrscheilich
424 1360 2505 1554 Wirksamer, wenn schon am Schluss der Erstauffük-
451 1514 2208 1646 rung Armand als der Verfasser äästünde.
750 1641 2529 1816 Der Tod Gastons scheint mir überflüssig.
467 1752 2598 1957 Jodenfalls aber wäre wir Selbstmord symputhischer
459 1935 1145 2113 als Herzschlag.
798 2047 2399 2206 Das Théatermilieu ist so gul. wie gar
453 2150 2447 2330 nicht ausgenützl. Der Eine schläfrige Ostave
469 2304 1273 2444 genügt. keine swegs.
814 2399 2521 2606 Auch die Gelegenheit zur Eegénüberstel-
459 2551 2463 2741 lung züischen dem Wilieu. des Rosidenztheaters
472 2675 2370 2861 und Provinztheators nicht vorwerlet worden.
809 2789 2609 2977 Auch die Theatorvergangenheil von Aimand
461 2916 2582 3150 Gitter i4t für die Handlung zu reäle berücksich-
