3048 3688
2154 178 2286 329 1rt
321 352 716 602 Wec
655 571 1624 749 Schneiger von Merfel.
642 701 2577 849 Eine etwas bizarre Krankengeschichte, den me-
627 805 2597 971 dizinischen Erfahrungen der Peychopathologie
670 946 2595 1109 in keiner Weise entsprechend. Medizinisch und
647 1060 2620 1239 dichterisch gloich willkürlich durchgeführt,
640 1216 2612 1364 an der Weltanschauungen,raligiöse und poli-
650 1315 2666 1494 tische ohne zureichenden Grund exemplifiziert
642 1468 2551 1629 werden;zuweilen mit dialektischer Kraft,die
650 1613 1866 1769 bis ins. Dramatische reicht.
650 1715 2610 1868 Dass dieser Einzelfall des Forster-Schweiger
650 1850 2554 2019 für Professor Viereck eine so besondere Be-
637 1991 2564 2164 deutung beansprucht, ist nicht einleuchtend.
630 2131 2516 2302 Sein Verhältnis zu Grund nicht mit Klar-
650 2258 1427 2391 heit dargéstellt.
647 2352 2628 2521 Die Visionen der Frau Strohschneider gahz im
622 2488 2666 2663 Gebiet des Okalten vörschwebend und selbst im
627 2651 2500 2799 nerhalb dieses Okkultismus wenig zwingend.
655 2750 2526 2893 Es Bleibt übrig eine völlig uneinheitliche
660 2903 2518 3074 Handlung, die einer gewissen spannung nicht
650 3028 2574 3181 entbehrt.Doch wird diege Spannung durch die
1537 3135 2625 3316 genlesorwassen wieder auf:
647 3194 1511 3306 Willkür. des Autors
