3048 3688
2177 179 2444 323 Ast.
2187 353 2719 504 Klegens stell
2253 477 2401 580 6
482 557 2462 790 dieser ganzen Zeit durck irgend ein Erlebnis,
474 752 2384 926 durch irgend eine Leidenschaft abgezogen zu
467 878 2227 1077 sein, und sein Benehmen gegen das stille,
462 971 2477 1183 sanfte gütige Wesen, ebenso empörend als unbe-
484 1095 2470 1322 greiflich, sollen wir immer nur aus seiner Er-
467 1254 2492 1458 bitterung darüber verstehen, dass sie ihn gegen
487 1362 2477 1566 seine innerste Natur zu einer Heirat, zu einem
484 1506 2429 1708 Aufgeben seiner Freiheit veranlasst hat, umso
482 1642 2437 1849 unbegreiflicher, da er keinen zugenblikk lang
492 1781 2427 1957 daran denkt sich irgendwie behindern zu las-
487 1910 2475 2068 sen. Eines Tags, weil ihn das schlechte Wetter
497 2041 2359 2227 ärgert, reist er ab. Beim Wagen sagt ihm der
504 2147 2490 2333 Kämmerdiener in auffallendem Ton irgend etwas
499 2285 2515 2485 über die gnädige Frau.Er interessiert sich für
504 2399 2528 2631 den Schluss des Satzes gar nicht, fährt. auf die
497 2583 1506 2739 Bahn,reist nach Kairo.
858 2669 2457 2866 All dies ist vollkommen unglaubhaft.
502 2785 2457 3004 Schon deswegen, weil immer wieder Georgs gute
512 2896 2437 3123 Manieren betont werden, Ja, er geht sogar zum
527 3065 2528 3244 Begräbnis von Jolanthe Frankenberg, obwohl ihn
532 3168 2419 3390 leichenbegängniese sehr zurider sind, nur um
