3048 3688
2137 177 2487 308 151..-
2179 300 2664 507 Klis.Sall
535 550 2550 792 brässliches gegen ihn habe, zu Schulden kommen
550 716 2538 911 lassen, was wieder eine Blamage für ihn, gerade
557 827 2452 1064 für ihn, wäre. Seinem Wesen, de Wesen, das der
552 936 2510 1175 Verfassor uns suggerieren wIll, würde os-viel-
555 1072 2543 1299 mehr, ja einzig entsprechen, wenn er seine Gat-
565 1218 2462 1435 tin vor der Welt mit vorzüglicher Rücksicht
568 1382 2381 1566 behandeln und sie nur unter vier Augen, am
520 1491 2548 1695 „häuslichen Herd, für das, was sie ihm eben sei-
573 1602 2412 1824 ner insicht nach augetan, (sie wagt es, ein
560 1743 2533 1952 Kind von ihm zu bekommen, ihr Vater ist Major-
580 1859 2550 2101 und Goorg nächte keinenskandal häbenlbüssen
598 2073 951 2250 liesse.
888 2081 2593 2341 Er kommt in Kairo an,erhält zwei Tele-
605 2245 2545 2472 grämme, sowohl die Frau als das Kind sind ge-
613 2376 2517 2646 storben. Nun wäre es wieder innerhalb seines
610 2545 2424 2744 Meshds, wenn er sich den Tod dieser beiden
2076 2626 2470 2722 alsbiron
613 2674 2565 2893 wenschen so wenig anfechten liosse,wie durck
621 2780 2472 3022 ihrersezistenz. Satt dessen reist er sofort
628 2901 2608 3133 wieder zurück und schon während der Heinfahrt
626 3030 2608 3289 beginnt die Mandlung in ihn, die Einsicht, dass
643 3234 2550 3453 er gefehlt, das Erkennen, nas Maria Anunziate
