3000 3672
2190 323 2548 541 lche
475 557 2604 777 ble ibt. Ee eibt sehilderungen von ausserordentlt
475 658 2604 917 cher auch mahrhaft dichterischer Anschaulichkeit
477 827 2193 1045 Gespäche von Geist, ja nicht ohne Tiefe.
493 962 2564 1196 Inmerhin entdeckt und erfährt der Spaltenspäher
490 1087 2598 1278 durehaus nichts, was nieht Diehter und manche an-
496 1220 2516 1410 dere menscken genusst und iitzeteilte uns auch
504 1355 2516 1554 in diehterischer Form mitgeteilt haben, ohne nie
514 1453 2566 1676 gekrenzigt an einer Mand zu kleben und das Auge
514 1623 2012 1811 an eine schmale spalte zu pressen.
520 1723 2622 1927 Das Neue, in der Schilderung von Barbusse ist ab-
517 1859 2633 2081 solut nichts anderes, als dass wir gondtigt sind.
528 1999 2604 2214 und zu allen, was geschildert wid, unutterbrochen
528 2105 2596 2349 sis Individuen vorzustollen, das den Gespräcken
544 2219 2635 2468 oder freigniesen beiwohnt, die In absolut niehte
536 2373 2643 2569 engehen und dar wahrgekeinlich totgeprügelt nür-
549 2495 2619 2723 de fund inar nit peckt) menn nan ihn entdeckte.
944 2627 2484 2861 der unleldliche Nachbar kärzz wohnt
551 2752 2569 2991 unter andern einer Zurannenkunft eines fiebes-
559 2887 2614 3147 pacres bei, das besonders schöne und neleneholi-
570 3014 2410 3235 sehe Gespräche führt, die un nichteneniger
570 3121 2551 3362 neleneholioch und schön nären, wonn sie uns B.
