3064 3688
2168 178 2657 338 1rt.
2402 313 2827 471 Mari 1911
629 440 993 573 Frjaden
616 537 1565 672 FraAeA von Beudiner.
1148 641 1448 738 Nacunte
616 652 2492 825 Zwei rhemen: Die: Tochter, die aus dem Hause
613 797 2609 962 der Stiefmutter, in dem sie gern aufgewachsen,
598 916 2619 1079 von der leiblichen Mutter,die sich früher- al-
616 1051 2542 1219 ler Rechte, auf sie begeben; zum mindesten im
606 1186 2525 1316 moralischensinn,weggkführt wird, gegen ihren
1237 1285 1899 1362 em neuem dleim.
598 1288 2293 1458 Willen. Kann sie dt heimisch werden?
590 1407 2624 1614 Dieses Prchtêm wird fallen gelassen zu Gunsten
573 1552 2619 1708 eines andern, vielmehr: ein Zufall verwirrt des
578 1692 2616 1881 erste Probler.Die Tochter verlebt sich in den
573 1809 2443 1977 Gatten ihrer leiblichen Mutter, dieser ver-
501 1927 2441 2115 lässt unter dem Vorwand des Rompreises das
568 2102 2583 2275 Heim, und nun entschliesst die Tochter sich zu-
568 2194 939 2331 bleiben.
573 2324 2576 2504 Typisch novellistischer Stoff,denn es ist ein
562 2443 2576 2657 sonderbarer Finzelfall ohne allgemeine Giltig
552 2593 2469 2751 kedt. Jedes Thema für sich könnte dramatisch
1489 2695 1667 2784 dan
552 2716 2461 2873 geführt werden, freilich) bis zum Endejeinan-
537 2889 2497 3064 der ablösend zerstören sie jedes drämatische
537 2998 909 3118 Element.
1049 3051 1186 3156 ein
534 3102 2558 3286 So entsteht des unbehagliches Gefühl-wie immer,
