3048 3688
2169 178 2445 325 151.
2228 317 2607 508 kl. 1. tell
554 547 2628 807 den Formen zu genügen. Und dieser selbe Mendu,
557 707 2581 923 selbst wenn wir an seine ungeheuerste Herzens
570 836 2463 1039 kälte glauben sollen oder an seine Dämonie,
572 985 2388 1168 der sollte ein reizendes junges Wesen, das
570 1106 2432 1310 schliessich noch vor wenigen Fochen seine
583 1235 2571 1434 Geliebte war, einfach darum, weil sie ihn nicht
580 1374 2540 1568 etwa erpresserisch oder drohend, sondern ganz
585 1496 2406 1697 selbstverständlich, ja schüchtern-zärtlich
593 1591 2532 1815 von ihrem Zustand Mitteilung gemacht hat, und
596 1759 2458 1926 weil er sich dann verpflichtet gefühlt hat
583 1867 2540 2091 sio. zur. Frau, zu, nehren und dadurch eine Ehe-
603 2009 2548 2210 mann geworden ist, der sollte daraufhin nicht
614 2120 2478 2326 nur xein diese Frau, sondern auch das Kind,
611 2262 2584 2494 das womöglich noch unschuldigere Kind, in die-
621 2398 2602 2625 ser. boshaften und überdies unsäglsich albernen
624 2537 2501 2762 Weise behandeln? Die Welt muss darnach ent-
621 2659 2470 2834 schieden vermuten, dass er nur einen Zwange
627 2795 2517 3015 nachgsgeben, als er diese Hoirat schloss, was
629 2904 2519 3125 seinen stolz aufs Tiefste verwunden müsste,
629 3038 2403 3254 oder, dass Maria Anunziata (das, Kiunziata
634 3198 2447 3440 wird niemals vergessen) sich irgend etwas
