<?xml version="1.0" encoding="UTF-8" standalone="yes"?>
<PcGts xmlns="http://schema.primaresearch.org/PAGE/gts/pagecontent/2013-07-15" xmlns:xsi="http://www.w3.org/2001/XMLSchema-instance" xsi:schemaLocation="http://schema.primaresearch.org/PAGE/gts/pagecontent/2013-07-15 http://schema.primaresearch.org/PAGE/gts/pagecontent/2013-07-15/pagecontent.xsd">
    <Metadata>
        <Creator>prov=READ-COOP:name=PyLaia@TranskribusPlatform:version=2.7.0:model_id=50870:lm=none:date=22_01_2024_20:42</Creator>
        <Created>2023-09-27T14:39:47.917+02:00</Created>
        <LastChange>2024-01-22T20:42:05.052+01:00</LastChange>
        <TranskribusMetadata docId="1589061" pageId="60125745" pageNr="74" tsid="145640765" status="IN_PROGRESS" userId="40391" imgUrl="https://files.transkribus.eu/Get?id=FFIABOJSVOKMRFNPQBSCGRWV&amp;fileType=view" xmlUrl="https://files.transkribus.eu/Get?id=JQROIQFKLRLEPFMDYOVOICWX" imageId="48550822"/>
    </Metadata>
    <Page imageFilename="1589061_0074.jpg" imageWidth="3016" imageHeight="3688">
        <ReadingOrder>
            <OrderedGroup id="ro_1711789300201" caption="Regions reading order">
                <RegionRefIndexed index="0" regionRef="tr_1"/>
            </OrderedGroup>
        </ReadingOrder>
        <TextRegion orientation="0.0" id="tr_1" custom="readingOrder {index:0;}">
            <Coords points="516,293 516,3308 2643,3308 2643,293"/>
            <TextLine id="tr_1_tl_1" custom="readingOrder {index:0;}">
                <Coords points="2063,403 2302,416 2478,390 2632,423 2640,285 2544,254 2317,340 2108,264 2070,282"/>
                <Baseline points="2079,381 2107,384 2135,380 2163,377 2191,375 2220,373 2248,373 2276,374 2304,372 2332,369 2361,368 2389,367 2417,367 2445,367 2473,366 2502,362 2530,360 2558,358 2586,358 2614,357 2643,355"/>
                <TextEquiv>
                    <Unicode>klungen de Stelle</Unicode>
                </TextEquiv>
            </TextLine>
            <TextLine id="tr_1_tl_2" custom="readingOrder {index:1;}">
                <Coords points="514,700 1053,667 1320,710 1544,637 1615,670 2108,617 2222,647 2496,620 2501,526 1718,554 1615,519 1547,564 1463,524 1098,564 992,526 821,569 693,524 521,559"/>
                <Baseline points="531,683 629,677 728,676 827,671 926,668 1024,662 1123,661 1222,658 1321,651 1419,650 1518,644 1617,638 1716,634 1814,629 1913,624 2012,617 2111,616 2209,613 2308,606 2407,602 2506,605"/>
                <TextEquiv>
                    <Unicode>zwischen den Beiden, sie tritt mit diesen Ket-</Unicode>
                </TextEquiv>
            </TextLine>
            <TextLine id="tr_1_tl_3" custom="readingOrder {index:2;}">
                <Coords points="519,841 1285,783 1907,798 2058,751 2448,788 2499,781 2504,630 521,761"/>
                <Baseline points="534,808 632,808 731,812 829,802 928,799 1027,793 1125,792 1224,787 1322,782 1421,776 1520,772 1618,769 1717,765 1815,760 1914,759 2013,751 2111,745 2210,739 2308,739 2407,735 2506,737"/>
                <TextEquiv>
                    <Unicode>ten geschmückt bei sonacher auf, er sieht sie,</Unicode>
                </TextEquiv>
            </TextLine>
            <TextLine id="tr_1_tl_4" custom="readingOrder {index:3;}">
                <Coords points="501,952 902,972 1058,924 1317,955 1441,914 1715,952 1851,889 2118,929 2463,892 2466,786 2373,776 2098,816 1808,781 1615,844 1217,869 1121,819 1045,856 887,819 504,899"/>
                <Baseline points="516,939 613,940 711,937 809,933 906,930 1004,926 1102,919 1199,916 1297,911 1395,907 1493,906 1590,900 1688,895 1786,893 1883,886 1981,883 2079,876 2176,870 2274,866 2372,865 2470,868"/>
                <TextEquiv>
                    <Unicode>besucht sie aber nicht mehr.Sie schreibt, te-</Unicode>
                </TextEquiv>
            </TextLine>
            <TextLine id="tr_1_tl_5" custom="readingOrder {index:4;}">
                <Coords points="524,1073 791,1106 854,1068 1665,1070 1939,1023 2058,1081 2201,1007 2509,1007 2514,904 2428,884 2000,950 1909,917 1562,970 1063,942 529,990"/>
                <Baseline points="537,1071 636,1074 735,1071 834,1065 933,1057 1032,1054 1131,1047 1230,1047 1329,1041 1428,1036 1527,1032 1626,1029 1725,1025 1824,1020 1923,1014 2022,1011 2121,1005 2220,1001 2319,1000 2418,991 2518,987"/>
                <TextEquiv>
                    <Unicode>legraphiert ihm immer dringender, endlich glü-</Unicode>
                </TextEquiv>
            </TextLine>
            <TextLine id="tr_1_tl_6" custom="readingOrder {index:5;}">
                <Coords points="524,1214 1577,1217 2277,1131 2342,1161 2345,1065 2300,1050 2033,1093 1383,1070 1038,1106 967,1070 529,1113"/>
                <Baseline points="537,1205 627,1199 718,1199 808,1194 899,1190 989,1188 1080,1182 1170,1179 1261,1175 1351,1170 1442,1166 1533,1163 1623,1155 1714,1154 1804,1154 1895,1148 1985,1142 2076,1136 2166,1133 2257,1127 2348,1130"/>
                <TextEquiv>
                    <Unicode>hend. Er lässt es sich icht gefallen, dass</Unicode>
                </TextEquiv>
            </TextLine>
            <TextLine id="tr_1_tl_7" custom="readingOrder {index:6;}">
                <Coords points="531,1353 1365,1300 1516,1353 1627,1297 1934,1327 2143,1267 2473,1292 2478,1166 2428,1144 2237,1199 1756,1176 1365,1239 536,1244"/>
                <Baseline points="546,1333 642,1330 739,1324 836,1324 933,1319 1030,1313 1126,1310 1223,1306 1320,1300 1417,1294 1514,1291 1610,1287 1707,1284 1804,1277 1901,1274 1998,1267 2094,1264 2191,1260 2288,1257 2385,1253 2482,1250"/>
                <TextEquiv>
                    <Unicode>irgend jemand sich einbilden dürfe in dieser</Unicode>
                </TextEquiv>
            </TextLine>
            <TextLine id="tr_1_tl_8" custom="readingOrder {index:7;}">
                <Coords points="547,1466 856,1491 907,1456 1536,1438 1617,1471 1778,1418 2156,1405 2322,1453 2441,1416 2446,1312 2312,1292 2128,1342 2010,1297 1740,1355 1594,1322 1479,1365 1222,1337 1096,1373 1048,1340 549,1385"/>
                <Baseline points="560,1456 654,1459 748,1456 842,1453 937,1450 1031,1445 1125,1438 1220,1433 1314,1430 1408,1429 1503,1420 1597,1417 1691,1416 1785,1409 1880,1404 1974,1401 2068,1397 2163,1393 2257,1385 2351,1381 2446,1381"/>
                <TextEquiv>
                    <Unicode>Weise über seine Existenz zu verfügen,kommt</Unicode>
                </TextEquiv>
            </TextLine>
            <TextLine id="tr_1_tl_9" custom="readingOrder {index:8;}">
                <Coords points="539,1602 912,1625 1093,1574 1267,1622 1410,1562 1803,1539 2126,1592 2269,1514 2438,1514 2443,1448 2154,1410 2018,1479 1481,1443 1113,1504 1010,1461 809,1539 723,1494 544,1504"/>
                <Baseline points="554,1593 648,1588 743,1587 837,1587 932,1580 1027,1574 1121,1571 1216,1564 1310,1560 1405,1555 1500,1548 1594,1548 1689,1542 1783,1536 1878,1532 1973,1529 2067,1524 2162,1522 2256,1513 2351,1509 2446,1509"/>
                <TextEquiv>
                    <Unicode>nicht; ja antwortet ihr nicht einmal,bis sie</Unicode>
                </TextEquiv>
            </TextLine>
            <TextLine id="tr_1_tl_10" custom="readingOrder {index:9;}">
                <Coords points="539,1766 914,1728 1070,1766 1242,1700 1390,1733 1871,1667 2201,1708 2536,1657 2539,1559 2473,1524 1919,1604 1851,1572 1297,1622 1083,1592 955,1647 544,1630"/>
                <Baseline points="554,1724 653,1719 752,1718 852,1711 951,1703 1051,1703 1150,1697 1249,1694 1349,1690 1448,1682 1548,1679 1647,1673 1746,1669 1846,1664 1945,1660 2045,1656 2144,1650 2243,1646 2343,1642 2442,1636 2542,1635"/>
                <TextEquiv>
                    <Unicode>endlich einen selbstmordversuch macht, wodurch</Unicode>
                </TextEquiv>
            </TextLine>
            <TextLine id="tr_1_tl_11" custom="readingOrder {index:10;}">
                <Coords points="554,1874 1144,1874 1234,1831 1637,1856 1758,1801 2050,1839 2413,1771 2418,1685 1854,1728 1597,1695 1156,1763 995,1735 887,1798 559,1766"/>
                <Baseline points="569,1855 661,1847 754,1846 846,1841 939,1835 1031,1835 1124,1829 1216,1823 1309,1819 1401,1813 1494,1810 1586,1804 1679,1801 1771,1799 1864,1794 1956,1789 2049,1787 2141,1782 2234,1775 2326,1772 2419,1763"/>
                <TextEquiv>
                    <Unicode>sie von der Liebe zu ihm-endgiltig genesen.</Unicode>
                </TextEquiv>
            </TextLine>
            <TextLine id="tr_1_tl_12" custom="readingOrder {index:11;}">
                <Coords points="549,2007 2562,1922 2567,1801 2151,1849 1360,1831 1219,1879 554,1884"/>
                <Baseline points="563,1987 663,1980 763,1974 863,1969 964,1966 1064,1959 1164,1955 1265,1948 1365,1945 1465,1941 1566,1934 1666,1933 1766,1924 1866,1920 1967,1916 2067,1912 2167,1906 2268,1901 2368,1897 2468,1892 2569,1894"/>
                <TextEquiv>
                    <Unicode>scheint.Auch die Superba hat er nicht berührt</Unicode>
                </TextEquiv>
            </TextLine>
            <TextLine id="tr_1_tl_13" custom="readingOrder {index:12;}">
                <Coords points="562,2116 912,2106 1020,2146 1126,2091 1567,2121 1758,2058 1914,2103 2068,2050 2408,2080 2433,1944 567,2010"/>
                <Baseline points="575,2109 672,2107 770,2101 868,2097 966,2093 1064,2091 1162,2085 1259,2080 1357,2076 1455,2072 1553,2066 1651,2061 1749,2055 1846,2052 1944,2043 2042,2040 2140,2036 2238,2030 2336,2026 2434,2026"/>
                <TextEquiv>
                    <Unicode>und man frägt sich, unter welchen Umständen</Unicode>
                </TextEquiv>
            </TextLine>
            <TextLine id="tr_1_tl_14" custom="readingOrder {index:13;}">
                <Coords points="552,2287 861,2232 1652,2252 1995,2179 2574,2196 2579,2080 2476,2058 2295,2108 2098,2080 1735,2128 559,2151"/>
                <Baseline points="569,2240 669,2236 770,2231 871,2228 971,2222 1072,2218 1173,2212 1273,2208 1374,2205 1475,2198 1576,2193 1676,2188 1777,2184 1878,2180 1978,2174 2079,2169 2180,2166 2280,2159 2381,2156 2482,2149 2583,2148"/>
                <TextEquiv>
                    <Unicode>sich dieser dämonische Herr überhaupt zu einen</Unicode>
                </TextEquiv>
            </TextLine>
            <TextLine id="tr_1_tl_15" custom="readingOrder {index:14;}">
                <Coords points="574,2415 1307,2340 2159,2353 2292,2290 2587,2315 2592,2191 2345,2171 2224,2232 2154,2196 1370,2262 992,2227 892,2285 579,2277"/>
                <Baseline points="587,2378 687,2366 787,2360 887,2355 988,2351 1088,2348 1188,2340 1288,2339 1389,2330 1489,2326 1589,2322 1689,2316 1790,2312 1890,2307 1990,2303 2090,2298 2191,2294 2291,2288 2391,2284 2491,2277 2592,2276"/>
                <TextEquiv>
                    <Unicode>Liebesverhältnis entschliessen würde, da er ei</Unicode>
                </TextEquiv>
            </TextLine>
            <TextLine id="tr_1_tl_16" custom="readingOrder {index:15;}">
                <Coords points="574,2534 816,2496 967,2531 1154,2486 1468,2506 1693,2448 2325,2453 2428,2436 2431,2388 2247,2312 2156,2353 1650,2345 1569,2390 1473,2358 1408,2398 788,2368 579,2426"/>
                <Baseline points="587,2503 679,2495 772,2492 864,2488 957,2482 1049,2479 1142,2476 1234,2470 1327,2466 1419,2461 1512,2458 1604,2451 1697,2448 1789,2441 1882,2435 1974,2431 2067,2428 2159,2422 2252,2419 2344,2413 2437,2419"/>
                <TextEquiv>
                    <Unicode>nerseits zu stolz ist,um selbst zu werben,</Unicode>
                </TextEquiv>
            </TextLine>
            <TextLine id="tr_1_tl_17" custom="readingOrder {index:16;}">
                <Coords points="577,2652 965,2620 1043,2657 1219,2599 1264,2640 2277,2551 2436,2584 2564,2562 2569,2471 2101,2448 1897,2524 1622,2516 1562,2476 1355,2539 1204,2489 955,2539 582,2526"/>
                <Baseline points="590,2631 689,2622 788,2622 887,2618 986,2611 1085,2607 1184,2601 1283,2595 1382,2591 1481,2584 1581,2581 1680,2578 1779,2574 1878,2571 1977,2562 2076,2557 2175,2551 2274,2545 2373,2540 2472,2539 2572,2539"/>
                <TextEquiv>
                    <Unicode>und andererseits zu hochmütig, seiner Freiheit</Unicode>
                </TextEquiv>
            </TextLine>
            <TextLine id="tr_1_tl_18" custom="readingOrder {index:17;}">
                <Coords points="579,2783 756,2813 955,2743 1320,2773 1569,2713 1723,2758 1897,2700 2287,2743 2421,2685 2554,2700 2559,2574 2509,2559 2380,2604 2060,2592 1889,2650 1738,2589 1171,2665 844,2622 587,2652"/>
                <Baseline points="596,2763 694,2756 792,2752 890,2746 988,2740 1087,2733 1185,2730 1283,2727 1381,2722 1479,2718 1578,2712 1676,2709 1774,2703 1872,2695 1970,2692 2069,2685 2167,2681 2265,2678 2363,2672 2461,2672 2560,2682"/>
                <TextEquiv>
                    <Unicode>allzu sehr besorgt, als dass er einer Werbung</Unicode>
                </TextEquiv>
            </TextLine>
            <TextLine id="tr_1_tl_19" custom="readingOrder {index:18;}">
                <Coords points="589,2904 783,2927 1005,2876 1247,2917 1496,2849 1688,2881 2086,2816 2166,2861 2345,2811 2438,2839 2446,2725 2249,2761 2035,2718 1413,2788 1214,2763 1010,2811 594,2793"/>
                <Baseline points="605,2885 697,2885 789,2882 881,2879 973,2873 1065,2867 1157,2863 1249,2862 1341,2855 1433,2848 1525,2848 1617,2840 1709,2837 1801,2829 1893,2823 1985,2822 2077,2816 2169,2814 2261,2810 2353,2804 2446,2801"/>
                <TextEquiv>
                    <Unicode>von weiblicher Seite nachgeben würde, Aber</Unicode>
                </TextEquiv>
            </TextLine>
            <TextLine id="tr_1_tl_20" custom="readingOrder {index:19;}">
                <Coords points="597,3035 1199,3035 1665,2970 1967,3012 2103,2947 2237,2987 2365,2937 2609,2952 2612,2864 2390,2881 2330,2836 2222,2884 1874,2909 1813,2876 1622,2919 1209,2886 942,2954 602,2912"/>
                <Baseline points="611,3019 711,3018 811,3016 911,3005 1012,3004 1112,2997 1212,2990 1312,2983 1413,2980 1513,2977 1613,2971 1713,2966 1814,2959 1914,2955 2014,2949 2114,2945 2215,2942 2315,2933 2415,2932 2515,2932 2616,2921"/>
                <TextEquiv>
                    <Unicode>auch von irgend welchen leichteren Beziehungen.</Unicode>
                </TextEquiv>
            </TextLine>
            <TextLine id="tr_1_tl_21" custom="readingOrder {index:20;}">
                <Coords points="589,3159 743,3189 972,3138 1471,3148 1531,3113 2023,3123 2368,3075 2340,2990 2146,3015 2078,2982 1703,3040 1310,2997 987,3063 594,3038"/>
                <Baseline points="602,3147 690,3149 779,3144 867,3140 956,3134 1044,3132 1133,3126 1221,3122 1310,3117 1398,3111 1487,3106 1575,3102 1664,3100 1752,3097 1841,3088 1929,3088 2018,3082 2106,3079 2195,3076 2283,3067 2372,3076"/>
                <TextEquiv>
                    <Unicode>erfährt man absolut nichts und die ganze</Unicode>
                </TextEquiv>
            </TextLine>
            <TextLine id="tr_1_tl_22" custom="readingOrder {index:21;}">
                <Coords points="564,3317 1045,3337 1534,3247 1912,3292 2123,3214 2471,3211 2476,3131 2199,3101 1952,3151 1539,3113 1111,3164 975,3138 791,3211 572,3169"/>
                <Baseline points="581,3270 675,3278 770,3276 865,3270 960,3266 1054,3260 1149,3256 1244,3254 1339,3247 1433,3241 1528,3238 1623,3231 1718,3231 1812,3222 1907,3218 2002,3214 2097,3208 2191,3204 2286,3199 2381,3198 2476,3195"/>
                <TextEquiv>
                    <Unicode>Führung des Romans lässt mit AtUte A-</Unicode>
                </TextEquiv>
            </TextLine>
            <TextEquiv>
                <Unicode></Unicode>
            </TextEquiv>
        </TextRegion>
    </Page>
</PcGts>
