3384 4312
2489 790 2832 896 151
2358 1138 3060 1327 1
904 1252 3018 1446 das Frauerspiel G. 4:,braucht es dieses Endes nicht.
904 1377 2845 1569 Im übrigen zweifle ich nicht, dass der eldstword
893 1523 2919 1683 Wokerats dem Die ter selbst sich als innerlich wahr
904 1619 2980 1797 aufge rängt hat und wenn sich dies mit dem Bedürfnis
939 1744 2994 1946 des "dramatischr empfindenten Puhlikums deckte, mag
904 1898 2300 2061 es als ein schöner Zufall ingehen.
904 2005 3039 2191 Man hat viel darüber gestritfen, ob Johannes vom Dich-
904 2119 2919 2337 ter als bedeutender Mensch gudacht ist, oder nicht.
904 2252 2957 2454 und hat vergessen, dass die Fräge kaum interessant,
941 2377 3042 2576 gewiss aber für die tragische Wirkung des Stückes ne-
917 2499 3026 2707 bensächlich ist. Es ist ehenso tragisch, wenn ein be-
917 2614 2922 2824 deutender Mann an einer Umgehung, die in nicht ver-
920 2731 2858 2927 steht zugrudne geht, als es tragisch ist wenn ein
933 2866 2946 3079 werig bedeutender Mensch, der sich nicht verstanden
931 2959 3050 3193 glaubt, dadurch seinen Untergang firidet. Wir erfahren
936 3066 3066 3337 von dem grossen Merk des Dr. Johannes richts, nirgends
944 3206 3068 3435 wird uris angedeutet, dass es hedeutend wäre, er selbst
1585 3355 2927 3533 es nicht darar zu zweifein. Meirie
949 3414 1566 3573 scheint allerdi-
1085 3459 3092 3680 riung geht dahin dass des Dr. Joharnes Werk, ebenso
1191 3563 3129 3837 wie er selbst hervorragend sind, od r vom Dichter
