<?xml version="1.0" encoding="UTF-8" standalone="yes"?>
<PcGts xmlns="http://schema.primaresearch.org/PAGE/gts/pagecontent/2013-07-15" xmlns:xsi="http://www.w3.org/2001/XMLSchema-instance" xsi:schemaLocation="http://schema.primaresearch.org/PAGE/gts/pagecontent/2013-07-15 http://schema.primaresearch.org/PAGE/gts/pagecontent/2013-07-15/pagecontent.xsd">
    <Metadata>
        <Creator>prov=READ-COOP:name=PyLaia@TranskribusPlatform:version=2.7.0:model_id=50870:lm=none:date=22_01_2024_20:41</Creator>
        <Created>2023-09-27T14:39:43.492+02:00</Created>
        <LastChange>2024-01-22T20:41:57.847+01:00</LastChange>
        <TranskribusMetadata docId="1589061" pageId="60125557" pageNr="35" tsid="145640716" status="IN_PROGRESS" userId="40391" imgUrl="https://files.transkribus.eu/Get?id=UFKFYAJYYRQEMAEMFLWTSMDQ&amp;fileType=view" xmlUrl="https://files.transkribus.eu/Get?id=ERLNZTCNMDNFFGNXLUGBQNZN" imageId="48550634"/>
    </Metadata>
    <Page imageFilename="1589061_0035.jpg" imageWidth="3096" imageHeight="3720">
        <ReadingOrder>
            <OrderedGroup id="ro_1711789236552" caption="Regions reading order">
                <RegionRefIndexed index="0" regionRef="tr_1"/>
            </OrderedGroup>
        </ReadingOrder>
        <TextRegion orientation="0.0" id="tr_1" custom="readingOrder {index:0;}">
            <Coords points="441,466 441,3301 2681,3301 2681,466"/>
            <TextLine id="tr_1_tl_1" custom="readingOrder {index:0;}">
                <Coords points="730,596 1331,576 1452,634 1661,565 2256,538 2451,601 2481,475 1897,500 1735,467 1650,502 1482,447 1348,497 1222,461 733,516"/>
                <Baseline points="746,588 833,585 920,585 1007,579 1094,579 1181,576 1268,571 1355,570 1442,566 1529,564 1616,561 1703,558 1790,554 1877,548 1964,546 2051,540 2138,537 2225,531 2312,531 2399,531 2486,525"/>
                <TextEquiv>
                    <Unicode>(Brief an den Karellmeister Bruno Malter</Unicode>
                </TextEquiv>
            </TextLine>
            <TextLine id="tr_1_tl_2" custom="readingOrder {index:1;}">
                <Coords points="747,774 1449,694 1782,700 1924,774 2396,738 2385,579 2174,626 2070,598 1803,642 1727,596 1628,645 1471,618 1233,656 1167,620 947,675 752,659"/>
                <Baseline points="764,716 846,714 928,713 1010,708 1092,707 1174,703 1256,701 1338,701 1420,698 1502,692 1585,690 1667,686 1749,682 1831,683 1913,677 1995,675 2077,671 2159,667 2241,664 2323,662 2406,659"/>
                <TextEquiv>
                    <Unicode>bei Geleienheit der ihn anzubietenden</Unicode>
                </TextEquiv>
            </TextLine>
            <TextLine id="tr_1_tl_3" custom="readingOrder {index:2;}">
                <Coords points="755,922 881,895 1068,942 1153,903 1351,936 1444,892 1680,936 1875,884 1878,782 1740,716 1658,760 1279,793 758,782"/>
                <Baseline points="773,841 828,843 884,839 939,838 995,838 1050,835 1106,833 1161,832 1217,832 1272,829 1328,829 1383,827 1439,826 1494,824 1550,821 1605,818 1661,818 1716,817 1772,815 1827,817 1883,815"/>
                <TextEquiv>
                    <Unicode>Rofin'schen Wahferbüste).</Unicode>
                </TextEquiv>
            </TextLine>
            <TextLine id="tr_1_tl_4" custom="readingOrder {index:3;}">
                <Coords points="744,1054 994,1106 1469,1021 1834,1060 1954,1010 2092,1046 2569,983 2657,1021 2660,898 2492,917 2405,867 2020,914 1743,892 1631,958 1532,936 1427,977 1243,911 1054,988 936,988 749,903"/>
                <Baseline points="758,1038 853,1035 948,1033 1043,1027 1139,1027 1234,1021 1329,1021 1424,1018 1520,1014 1615,1009 1710,1007 1805,1003 1901,997 1996,994 2091,993 2186,987 2282,984 2377,978 2472,974 2567,970 2663,967"/>
                <TextEquiv>
                    <Unicode>Freunde und Bewunderer custak Mahlers, die m</Unicode>
                </TextEquiv>
            </TextLine>
            <TextLine id="tr_1_tl_5" custom="readingOrder {index:4;}">
                <Coords points="423,1224 837,1169 873,1205 961,1161 1082,1194 1416,1164 1471,1205 1694,1134 1864,1178 2061,1134 2509,1161 2514,1024 2273,1013 1831,1060 1669,1032 1485,1101 1301,1068 988,1103 834,1051 612,1134 428,1095"/>
                <Baseline points="441,1173 544,1176 648,1173 752,1168 856,1167 959,1163 1063,1158 1167,1155 1271,1151 1374,1149 1478,1143 1582,1140 1686,1136 1789,1134 1893,1128 1997,1122 2101,1121 2204,1116 2308,1113 2412,1106 2516,1101"/>
                <TextEquiv>
                    <Unicode>ihn trauerh wie sie, denen es aber nicht-gegeben</Unicode>
                </TextEquiv>
            </TextLine>
            <TextLine id="tr_1_tl_6" custom="readingOrder {index:5;}">
                <Coords points="434,1320 1296,1351 1521,1279 2284,1309 2446,1265 2547,1298 2553,1169 2410,1186 2276,1142 2020,1205 1897,1150 1776,1216 1652,1180 1493,1211 1400,1169 1167,1243 834,1172 436,1233"/>
                <Baseline points="450,1307 555,1304 660,1302 766,1298 871,1294 977,1292 1082,1286 1187,1282 1293,1280 1398,1277 1504,1273 1609,1269 1714,1262 1820,1259 1925,1256 2031,1250 2136,1245 2241,1241 2347,1238 2452,1233 2558,1230"/>
                <TextEquiv>
                    <Unicode>ist dem Merke des allzu früh Geschiedenen gleich</Unicode>
                </TextEquiv>
            </TextLine>
            <TextLine id="tr_1_tl_7" custom="readingOrder {index:6;}">
                <Coords points="442,1466 958,1474 1029,1425 1307,1458 1411,1411 1911,1422 2122,1378 2317,1408 2413,1375 2520,1416 2638,1394 2643,1285 445,1375"/>
                <Baseline points="456,1436 565,1436 675,1433 784,1426 894,1424 1004,1420 1113,1416 1223,1412 1332,1406 1442,1403 1552,1400 1661,1397 1771,1391 1880,1388 1990,1384 2100,1380 2209,1372 2319,1370 2428,1364 2538,1358 2648,1352"/>
                <TextEquiv>
                    <Unicode>Ihnen erhaltend und nachschaffend zu dienen, fühlen</Unicode>
                </TextEquiv>
            </TextLine>
            <TextLine id="tr_1_tl_8" custom="readingOrder {index:7;}">
                <Coords points="434,1611 1029,1554 1246,1584 1312,1537 2001,1534 2081,1573 2207,1504 2550,1526 2638,1493 2641,1411 2602,1397 2405,1438 2122,1375 1902,1460 1845,1411 1554,1460 1419,1411 1222,1496 1051,1436 928,1485 439,1477"/>
                <Baseline points="450,1570 559,1566 669,1567 779,1558 889,1555 998,1549 1108,1548 1218,1543 1328,1535 1437,1534 1547,1533 1657,1525 1767,1521 1876,1516 1986,1513 2096,1506 2206,1503 2315,1496 2425,1495 2535,1487 2645,1486"/>
                <TextEquiv>
                    <Unicode>sich gedrängt Ihnen ein zeichen herzlich verehren-</Unicode>
                </TextEquiv>
            </TextLine>
            <TextLine id="tr_1_tl_9" custom="readingOrder {index:8;}">
                <Coords points="442,1740 1331,1672 2042,1688 2163,1633 2558,1669 2564,1534 2476,1510 2259,1589 1998,1534 1938,1584 1743,1548 1603,1598 447,1628"/>
                <Baseline points="459,1701 564,1695 669,1692 774,1689 880,1686 985,1684 1090,1680 1195,1674 1301,1671 1406,1665 1511,1662 1616,1659 1722,1653 1827,1648 1932,1642 2037,1639 2143,1636 2248,1630 2353,1627 2458,1620 2564,1627"/>
                <TextEquiv>
                    <Unicode>den Dänkes anzubieten. Solchen Dankes ein würdi-</Unicode>
                </TextEquiv>
            </TextLine>
            <TextLine id="tr_1_tl_10" custom="readingOrder {index:9;}">
                <Coords points="458,1880 782,1825 1609,1825 1691,1787 1916,1823 2125,1776 2602,1809 2608,1680 2374,1647 1982,1727 1814,1699 1669,1732 1617,1696 1545,1743 467,1743"/>
                <Baseline points="477,1836 583,1827 690,1824 796,1819 903,1815 1010,1812 1116,1806 1223,1803 1329,1800 1436,1794 1543,1790 1649,1785 1756,1782 1862,1776 1969,1773 2076,1770 2182,1764 2289,1758 2395,1754 2502,1749 2609,1752"/>
                <TextEquiv>
                    <Unicode>gerer Ausdruck als Nörte, in denen, auch in den in-</Unicode>
                </TextEquiv>
            </TextLine>
            <TextLine id="tr_1_tl_11" custom="readingOrder {index:10;}">
                <Coords points="461,1985 1367,1963 1636,1913 2193,1963 2259,1913 2608,1886 2610,1806 2514,1825 2470,1784 2298,1828 1886,1817 1812,1861 1422,1809 854,1897 774,1861 464,1880"/>
                <Baseline points="477,1961 583,1958 690,1958 797,1952 904,1946 1011,1942 1118,1934 1225,1934 1332,1928 1439,1926 1546,1919 1652,1912 1759,1910 1866,1906 1973,1902 2080,1895 2187,1892 2294,1889 2401,1882 2508,1878 2615,1877"/>
                <TextEquiv>
                    <Unicode>nigsten gerade bei sölchen etwas feierlichmGele-</Unicode>
                </TextEquiv>
            </TextLine>
            <TextLine id="tr_1_tl_12" custom="readingOrder {index:11;}">
                <Coords points="464,2138 974,2089 1260,2144 1493,2064 1771,2100 1922,2048 2051,2092 2267,2026 2520,2070 2567,2056 2572,1930 2188,1968 1842,1943 1587,2001 1353,2001 1287,1954 1205,2009 1073,1985 788,2037 469,1987"/>
                <Baseline points="483,2098 587,2090 692,2086 796,2082 901,2078 1006,2071 1110,2068 1215,2062 1320,2060 1424,2059 1529,2051 1634,2048 1738,2044 1843,2037 1948,2033 2052,2029 2157,2023 2262,2021 2366,2018 2471,2013 2576,2009"/>
                <TextEquiv>
                    <Unicode>genheiten oftmals besagtes und andereno Eiltiges</Unicode>
                </TextEquiv>
            </TextLine>
            <TextLine id="tr_1_tl_13" custom="readingOrder {index:12;}">
                <Coords points="458,2254 887,2218 1147,2259 1320,2196 1727,2256 2092,2160 2481,2191 2487,2070 2289,2051 2127,2097 1897,2059 1614,2127 1438,2103 1356,2141 716,2163 623,2125 464,2163"/>
                <Baseline points="477,2224 577,2223 678,2215 779,2212 880,2209 980,2203 1081,2202 1182,2196 1283,2194 1383,2188 1484,2182 1585,2179 1686,2173 1786,2169 1887,2167 1988,2159 2089,2155 2189,2154 2290,2149 2391,2144 2492,2140"/>
                <TextEquiv>
                    <Unicode>unabweisbar mitzutönen pflegt, scheint-uns dies</Unicode>
                </TextEquiv>
            </TextLine>
            <TextLine id="tr_1_tl_14" custom="readingOrder {index:13;}">
                <Coords points="464,2394 766,2352 911,2380 1051,2333 1222,2363 1592,2314 2042,2328 2383,2273 2624,2306 2627,2215 2094,2160 1727,2254 1617,2221 1441,2273 1397,2237 1222,2278 991,2234 722,2295 469,2254"/>
                <Baseline points="480,2352 587,2349 695,2344 802,2340 910,2336 1017,2331 1125,2327 1232,2323 1340,2318 1447,2311 1555,2307 1662,2303 1770,2298 1877,2294 1985,2292 2092,2286 2200,2282 2307,2278 2415,2272 2522,2272 2630,2272"/>
                <TextEquiv>
                    <Unicode>wahrhaft lebendige von Melsterhand gefornte Nach-</Unicode>
                </TextEquiv>
            </TextLine>
            <TextLine id="tr_1_tl_15" custom="readingOrder {index:14;}">
                <Coords points="458,2498 640,2523 1655,2435 1872,2479 2029,2424 2196,2476 2663,2427 2665,2322 2440,2281 2314,2347 2201,2322 2031,2366 1916,2322 1663,2380 1449,2352 1318,2402 461,2394"/>
                <Baseline points="474,2483 583,2479 693,2475 803,2472 913,2467 1022,2460 1132,2455 1242,2451 1352,2446 1461,2442 1571,2439 1681,2430 1791,2429 1900,2424 2010,2420 2120,2413 2230,2408 2339,2404 2449,2403 2559,2400 2669,2403"/>
                <TextEquiv>
                    <Unicode>bild eines Meisters, den sie nicht-nur die beschau-</Unicode>
                </TextEquiv>
            </TextLine>
            <TextLine id="tr_1_tl_16" custom="readingOrder {index:15;}">
                <Coords points="475,2621 1007,2638 1117,2605 1265,2641 1584,2586 1716,2627 1954,2558 2086,2594 2229,2536 2619,2553 2624,2427 2550,2418 2479,2465 2234,2454 2081,2501 1836,2465 1534,2534 1397,2495 994,2542 876,2492 694,2556 480,2523"/>
                <Baseline points="492,2609 598,2609 705,2603 812,2600 919,2594 1025,2591 1132,2586 1239,2582 1346,2578 1452,2573 1559,2570 1666,2562 1773,2558 1879,2553 1986,2547 2093,2543 2200,2537 2306,2537 2413,2530 2520,2528 2627,2525"/>
                <TextEquiv>
                    <Unicode>liche Treue des Herzens, sondern auch die werbende</Unicode>
                </TextEquiv>
            </TextLine>
            <TextLine id="tr_1_tl_17" custom="readingOrder {index:16;}">
                <Coords points="483,2789 1172,2720 1263,2761 1408,2715 1521,2759 1716,2750 2067,2685 2284,2729 2363,2674 2495,2685 2501,2564 2001,2583 1790,2635 1633,2597 1098,2657 950,2624 703,2679 489,2660"/>
                <Baseline points="498,2740 598,2737 698,2735 798,2731 898,2727 998,2722 1098,2717 1199,2713 1299,2710 1399,2706 1499,2698 1599,2695 1699,2692 1799,2686 1900,2684 2000,2678 2100,2672 2200,2671 2300,2666 2400,2663 2501,2669"/>
                <TextEquiv>
                    <Unicode>Treue der Rat in einer Rührung und Bewunderung</Unicode>
                </TextEquiv>
            </TextLine>
            <TextLine id="tr_1_tl_18" custom="readingOrder {index:17;}">
                <Coords points="472,2926 714,2869 2550,2800 2553,2731 2435,2704 1913,2759 1836,2720 1414,2770 1342,2731 966,2753 769,2822 480,2789"/>
                <Baseline points="489,2875 592,2869 695,2865 799,2863 902,2857 1006,2850 1109,2848 1213,2842 1316,2838 1420,2834 1523,2827 1626,2823 1730,2818 1833,2813 1937,2811 2040,2808 2144,2801 2247,2797 2351,2793 2454,2788 2558,2785"/>
                <TextEquiv>
                    <Unicode>fordernden Weise zu halten nissen als einer der</Unicode>
                </TextEquiv>
            </TextLine>
            <TextLine id="tr_1_tl_19" custom="readingOrder {index:18;}">
                <Coords points="1002,2918 1013,2918 1024,2929 1035,2923 1060,2929 1082,2915 1120,2934 1150,2926 1153,2849 1128,2855 1114,2849 1090,2866 1073,2858 1065,2866 1060,2860 1035,2880 1005,2874"/>
                <Baseline points="1018,2916 1045,2911 1072,2910 1100,2908 1127,2908 1155,2910"/>
                <TextEquiv>
                    <Unicode>aeb</Unicode>
                </TextEquiv>
            </TextLine>
            <TextLine id="tr_1_tl_20" custom="readingOrder {index:19;}">
                <Coords points="486,3020 1010,3044 1233,2984 1724,2965 1782,2998 1900,2948 2232,2970 2391,2923 2652,2987 2679,2833 2564,2803 2344,2863 2152,2816 1729,2907 1463,2855 1156,2932 988,2899 722,2932 667,2890 491,2918"/>
                <Baseline points="501,3000 610,3000 719,2994 828,2989 937,2985 1046,2979 1155,2973 1264,2967 1373,2962 1482,2955 1591,2952 1700,2946 1809,2944 1918,2937 2027,2936 2136,2931 2245,2925 2354,2920 2463,2919 2572,2918 2681,2916"/>
                <TextEquiv>
                    <Unicode>Menigen, der auch ein leister solche Hingabe anei-</Unicode>
                </TextEquiv>
            </TextLine>
            <TextLine id="tr_1_tl_21" custom="readingOrder {index:20;}">
                <Coords points="2366,3113 2424,3118 2446,3135 2470,3118 2509,3116 2605,3055 2657,3052 2654,2981 2594,2962 2561,2970 2517,2945 2487,2956 2462,2934 2427,2926 2363,2959"/>
                <Baseline points="2382,3042 2407,3042 2433,3042 2458,3042 2484,3041 2509,3039 2535,3040 2560,3042 2586,3044 2611,3045 2637,3045 2663,3045"/>
                <TextEquiv>
                    <Unicode>20</Unicode>
                </TextEquiv>
            </TextLine>
            <TextLine id="tr_1_tl_22" custom="readingOrder {index:21;}">
                <Coords points="878,3159 977,3124 1208,3159 1540,3132 1716,3074 1845,3107 2004,3063 2136,3096 2358,3069 2363,2959 2276,2934 2155,2984 1861,2970 1685,3028 1477,3036 1408,2995 1254,3063 1167,3025 884,3050"/>
                <Baseline points="895,3116 968,3111 1041,3107 1115,3107 1188,3102 1262,3098 1335,3096 1409,3094 1482,3089 1556,3084 1629,3082 1702,3075 1776,3072 1849,3072 1923,3069 1996,3064 2070,3060 2143,3060 2217,3055 2290,3053 2364,3057"/>
                <TextEquiv>
                    <Unicode>Zu wagen daff, chne Gefahr sich au</Unicode>
                </TextEquiv>
            </TextLine>
            <TextLine id="tr_1_tl_23" custom="readingOrder {index:22;}">
                <Coords points="480,3181 522,3173 549,3190 598,3170 615,3154 662,3168 662,3074 629,3077 607,3063 590,3069 585,3063 571,3077 554,3080 513,3063 494,3077 480,3077"/>
                <Baseline points="495,3131 523,3135 552,3137 581,3137 610,3137 639,3135 668,3131"/>
                <TextEquiv>
                    <Unicode>n</Unicode>
                </TextEquiv>
            </TextLine>
            <TextLine id="tr_1_tl_24" custom="readingOrder {index:23;}">
                <Coords points="486,3283 785,3319 988,3253 1416,3231 1491,3264 1578,3225 1639,3261 1732,3223 1935,3269 2254,3198 2479,3247 2542,3206 2602,3231 2610,3063 2446,3135 2147,3088 1878,3157 1504,3116 749,3203 626,3157 491,3173"/>
                <Baseline points="501,3272 606,3265 712,3263 817,3257 923,3251 1028,3248 1134,3242 1239,3233 1345,3230 1450,3224 1556,3220 1662,3216 1767,3212 1873,3206 1978,3200 2084,3193 2189,3191 2295,3188 2400,3183 2506,3179 2612,3179"/>
                <TextEquiv>
                    <Unicode>verlioren. Aber gerade weil Ihre begeisterte und</Unicode>
                </TextEquiv>
            </TextLine>
            <TextEquiv>
                <Unicode></Unicode>
            </TextEquiv>
        </TextRegion>
    </Page>
</PcGts>
