3080 3720
1683 457 2790 650 eheitern, ländlichen, volks
1571 608 2641 770 vieler als Reugis für seine
1190 749 2487 932 angegeben, werden. Missverständnis.
1005 864 2600 1088 ihm gar. nicht ein, sich als einen darzu-
958 992 2620 1198 der einfältig beglückt; als Bauer oder als
817 1122 2628 1318 rWusch durchs Land schlendert. Mein. Er weiss
1154 1253 1809 1362 poloten cinsalerte
791 1253 2670 1498 auch von (diesen. Er lauscht ihnen. Er kennt: ihre
908 1396 2498 1574 Die Melodier ihrer Seele und ihrer Kehle
911 1475 2667 1725 sheln sich in seinOhr. Vielleicht erstäht so
1509 1610 2234 1725 1o juseca inc diere¬
666 1631 2767 1858 har zume ilen eine mitde Sehnsucht in ihmsund auch die-
929 1741 2714 1968 sucht geht in seine Musik über. Wer wein dach
658 1874 2727 2156 tur zweiten, da ein einfältiger reiter, unrestörter
679 2049 2093 2260 antiesmitischer Frattst sein türitd.
