2904 3464
1970 220 2530 442 Der Gaure m.
625 385 2526 592 anderes bedeuten können, als dass Daniel zur
620 541 2518 741 Einsicht kommnt, Einkehr in sich selbst hält.
637 689 2506 825 Wir welkn es hinnehmen, dass hiezu sein Er-
617 807 2558 973 lebnis mit seiner letzten Frau,mit Dorotliea,
607 933 2535 1101 den Anlassgibt, wenn auch ohne Ueberzeugung.
620 1066 2523 1244 Was bedeutet Daniel? Was bedeutet sein Weg?
620 1222 2340 1370 Was bedeutet die Musik in seinem leben?
610 1321 2595 1496 Sollen wir ihn als grossen Künstler erkonnen?
612 1452 2553 1644 Als einen irrenden Menschen,dem am Ende (wo-
625 1582 1686 1736 durch) Erleuchtung wird?
620 1708 2555 1869 Geschildert ist er als ein vollkommen unläd-
620 1832 2570 2002 liches, düster-trockenes Individuum, verschlos
612 1970 2481 2128 sen, ja verbohrt, und den Leuten, Männern wie
602 2091 2538 2239 Frauen, die das Tiefe oder Grosse, das verbor-
617 2222 2498 2405 gen Gütige seines Wegens erkennen,muss viel
607 2355 2558 2530 guter Wille und Ahnungsvermögen zugesprochen.
602 2488 2553 2661 werden. An sein musikalis ches Genie muss ich
607 2629 2498 2782 natürlih glauben;wennps der Autor wünscht,
610 2745 2022 2906 denn es gibt keinen Gögenbeweis.
602 2876 2513 3049 Dass am Schluss alle seine Manuscripte ver-
610 3000 2424 3200 brennen, wenn dies auch mit einer gewissen
