3080 3688
589 300 1201 504 saal kiom
609 479 2604 712 vor,mau, engagiert sich keine Claque, man teilt
614 643 2422 829 ihr mit, ohne lobende Zeitungsausschuitte;
609 776 2550 957 dass man ihn für einen hochbegabten Fälscher
609 914 891 1065 hält.
625 1139 2524 1367 Und wer sind die Leute, die er vor allem mit-
625 1290 2624 1485 seinem Hass verfolgt Die, an, deiren er sich zu
622 1416 2644 1605 rächen wünscht. Irgend jemand, der ihn geohr-
635 1549 2522 1705 feigt hat,einen Andern, der ihn als Verleum-
632 1669 2644 1861 der vor Gerict zitiert und verurteilen lässt,
640 1805 2491 1987 solche, von denen er weiss, wie sie über. ihn
609 1943 2355 2104 denken fund solche, von denen er es ahnt.
640 2079 2575 2253 Ist es sittlicher Ernst,wie in den Selbstan-
635 2212 2627 2355 zeigen zu lesèn steht oder sonst- irgend etwas
635 2314 2624 2483 Edles, das ihn zum Kämpfer, gemacht hat? Ist es
632 2429 2634 2639 Menschenliebe? Ist es Entrügtung? Ist es Mit-
648 2555 2586 2749 leid? Hat. er sich je gegen irgeid jeine Macht
658 2698 2596 2880 gewendet,von der ihmwirkliche Gefahr droht?
653 2839 2514 3026 Ist es irgend etwas Anderes als Eitelkeit,
658 2972 2716 3172 Rachsucht und Calle, die ihn zum Satyriker macht?
