2872 3448
2410 181 2554 330 in
621 391 2507 570 mung so weit vertraut machen, dass wir das.
624 536 2566 714 eigentümliche Flement von Erhöhung und Halb-
631 690 1380 819 dunkel, in das. die
1426 663 2527 827 Handlung getaucht ist,als
1054 773 1411 861 Lebensabe
621 822 2490 971 Leben, als Irhansakhild zu empfinden bereit
597 932 2564 1101 sind, werden wir in einzelnen Momenten an der
624 1076 2510 1240 höheren Wahrheit irre. Es sind die wenigen.
624 1189 2522 1382 Partien, wo dem Autor diese Halbdunkelei ge-
629 1316 1935 1509 wissermassen Selbstzweck wird.
