<?xml version="1.0" encoding="UTF-8" standalone="yes"?>
<PcGts xmlns="http://schema.primaresearch.org/PAGE/gts/pagecontent/2013-07-15" xmlns:xsi="http://www.w3.org/2001/XMLSchema-instance" xsi:schemaLocation="http://schema.primaresearch.org/PAGE/gts/pagecontent/2013-07-15 http://schema.primaresearch.org/PAGE/gts/pagecontent/2013-07-15/pagecontent.xsd">
    <Metadata>
        <Creator>prov=READ-COOP:name=PyLaia@TranskribusPlatform:version=2.7.0:model_id=50870:lm=none:date=22_01_2024_20:41</Creator>
        <Created>2023-09-27T14:39:43.877+02:00</Created>
        <LastChange>2024-01-22T20:41:58.715+01:00</LastChange>
        <TranskribusMetadata docId="1589061" pageId="60125570" pageNr="39" tsid="145640722" status="IN_PROGRESS" userId="40391" imgUrl="https://files.transkribus.eu/Get?id=QNHTPJZMQPEQADVRHWBDRHBH&amp;fileType=view" xmlUrl="https://files.transkribus.eu/Get?id=QPGTJBUZTEEDZPSPHSQPVUFP" imageId="48550647"/>
    </Metadata>
    <Page imageFilename="1589061_0039.jpg" imageWidth="3096" imageHeight="3736">
        <ReadingOrder>
            <OrderedGroup id="ro_1711789243724" caption="Regions reading order">
                <RegionRefIndexed index="0" regionRef="tr_1"/>
                <RegionRefIndexed index="1" regionRef="tr_2"/>
            </OrderedGroup>
        </ReadingOrder>
        <TextRegion orientation="0.0" id="tr_1" custom="readingOrder {index:0;}">
            <Coords points="346,592 346,742 498,742 498,592"/>
            <TextLine id="tr_1_tl_1" custom="readingOrder {index:0;}">
                <Coords points="333,763 364,751 391,765 413,756 427,768 439,763 492,768 492,659 459,666 432,644 406,635 367,654 333,649"/>
                <Baseline points="346,692 371,692 396,692 422,692 447,692 472,692 498,692"/>
                <TextEquiv>
                    <Unicode></Unicode>
                </TextEquiv>
            </TextLine>
            <TextEquiv>
                <Unicode></Unicode>
            </TextEquiv>
        </TextRegion>
        <TextRegion orientation="0.0" id="tr_2" custom="readingOrder {index:1;}">
            <Coords points="563,440 563,2442 2628,2442 2628,440"/>
            <TextLine id="tr_2_tl_1" custom="readingOrder {index:0;}">
                <Coords points="657,533 813,536 838,553 1040,500 1118,529 1139,521 1151,379 958,389 821,321 669,367"/>
                <Baseline points="671,522 697,525 723,523 750,522 776,522 802,522 829,522 855,519 881,516 908,514 934,513 960,513 987,509 1013,504 1039,500 1066,498 1092,498 1118,493 1145,486"/>
                <TextEquiv>
                    <Unicode>Toldlo</Unicode>
                </TextEquiv>
            </TextLine>
            <TextLine id="tr_2_tl_2" custom="readingOrder {index:1;}">
                <Coords points="1183,666 1245,644 1272,654 1299,642 1344,666 1361,652 1385,659 1434,632 1492,625 1494,555 1395,548 1371,531 1320,553 1303,541 1226,548 1207,524 1192,524"/>
                <Baseline points="1199,641 1226,641 1253,641 1280,641 1307,641 1334,639 1361,635 1388,633 1415,632 1442,630 1469,628 1497,626"/>
                <TextEquiv>
                    <Unicode>ubrier</Unicode>
                </TextEquiv>
            </TextLine>
            <TextLine id="tr_2_tl_3" custom="readingOrder {index:2;}">
                <Coords points="550,710 567,707 587,719 613,698 652,712 700,693 710,700 727,690 772,698 775,647 758,649 688,599 671,603 657,587 632,601 616,591 555,587"/>
                <Baseline points="563,692 589,694 616,694 643,692 670,690 697,689 724,689 751,689 778,689"/>
                <TextEquiv>
                    <Unicode>. 4.</Unicode>
                </TextEquiv>
            </TextLine>
            <TextLine id="tr_2_tl_4" custom="readingOrder {index:3;}">
                <Coords points="664,787 879,751 1055,799 1265,743 1398,768 1547,717 2020,700 2163,772 2322,780 2378,763 2382,616 2059,659 1707,623 1378,683 961,618 666,700"/>
                <Baseline points="680,734 765,732 850,732 936,731 1021,726 1106,725 1192,724 1277,721 1362,719 1448,716 1533,713 1618,711 1704,711 1789,707 1874,704 1960,704 2045,700 2130,698 2216,695 2301,691 2387,689"/>
                <TextEquiv>
                    <Unicode>aEhe it Micht der Fall Tolstet sottst di</Unicode>
                </TextEquiv>
            </TextLine>
            <TextLine id="tr_2_tl_5" custom="readingOrder {index:4;}">
                <Coords points="1902,780 1914,782 1924,772 1987,787 2011,775 2044,784 2047,705 2028,707 2020,700 1994,712 1984,702 1970,702 1933,724 1921,712 1904,707"/>
                <Baseline points="1915,763 1942,761 1969,760 1996,760 2023,759 2050,757"/>
                <TextEquiv>
                    <Unicode>den</Unicode>
                </TextEquiv>
            </TextLine>
            <TextLine id="tr_2_tl_6" custom="readingOrder {index:5;}">
                <Coords points="676,874 886,922 1270,871 1523,939 1830,871 2085,896 2088,787 1818,760 1311,811 896,770 678,821"/>
                <Baseline points="689,871 759,865 829,865 899,864 969,859 1039,858 1109,856 1179,856 1249,856 1319,854 1390,850 1460,850 1530,849 1600,844 1670,844 1740,844 1810,844 1880,838 1950,835 2020,832 2091,832"/>
                <TextEquiv>
                    <Unicode>relatios Gleichgültigkeit aller. Thien</Unicode>
                </TextEquiv>
            </TextLine>
            <TextLine id="tr_2_tl_7" custom="readingOrder {index:6;}">
                <Coords points="1777,982 1837,973 1900,1019 1945,1004 1965,1021 1987,999 2023,1026 2148,990 2274,999 2276,917 2242,900 2221,917 2044,893 1987,920 1926,905 1779,920"/>
                <Baseline points="1790,966 1815,966 1841,966 1867,964 1893,963 1919,963 1945,963 1971,963 1997,963 2023,962 2048,961 2074,960 2100,960 2126,958 2152,957 2178,955 2204,954 2230,954 2256,953 2282,951"/>
                <TextEquiv>
                    <Unicode>in ihm seine</Unicode>
                </TextEquiv>
            </TextLine>
            <TextLine id="tr_2_tl_8" custom="readingOrder {index:7;}">
                <Coords points="661,1007 780,997 934,1045 1231,987 1562,1009 1586,920 1340,946 1255,881 1086,951 944,900 664,896"/>
                <Baseline points="674,990 719,992 765,993 811,993 857,995 903,994 948,993 994,993 1040,991 1086,990 1132,988 1177,985 1223,984 1269,984 1315,981 1361,978 1406,978 1452,978 1498,978 1544,978 1590,975"/>
                <TextEquiv>
                    <Unicode>Erwägungen zu heweisen?</Unicode>
                </TextEquiv>
            </TextLine>
            <TextLine id="tr_2_tl_9" custom="readingOrder {index:8;}">
                <Coords points="681,1163 1270,1161 1335,1113 1484,1110 1707,1178 1960,1113 2023,1144 2230,1091 2462,1103 2464,992 1499,1067 1122,997 1038,1045 683,1069"/>
                <Baseline points="695,1130 783,1124 872,1123 960,1121 1049,1119 1138,1115 1226,1112 1315,1110 1403,1110 1492,1110 1581,1106 1669,1101 1758,1098 1846,1095 1935,1095 2024,1092 2112,1092 2201,1086 2289,1083 2378,1080 2467,1080"/>
                <TextEquiv>
                    <Unicode>phemtschen Ansichten über die Kunst gehindert</Unicode>
                </TextEquiv>
            </TextLine>
            <TextLine id="tr_2_tl_10" custom="readingOrder {index:9;}">
                <Coords points="669,1253 862,1299 1451,1243 1707,1284 2003,1272 2095,1224 2300,1299 2503,1214 2505,1120 2358,1113 2032,1178 1615,1151 1492,1195 1344,1118 992,1197 671,1195"/>
                <Baseline points="683,1250 774,1254 865,1257 956,1255 1047,1252 1138,1249 1229,1246 1321,1241 1412,1239 1503,1238 1594,1235 1685,1230 1776,1229 1867,1229 1959,1229 2050,1221 2141,1220 2232,1214 2323,1211 2414,1208 2506,1205"/>
                <TextEquiv>
                    <Unicode>Kunstwerhe lchen Ranges zu schaffen? Und Gibt</Unicode>
                </TextEquiv>
            </TextLine>
            <TextLine id="tr_2_tl_11" custom="readingOrder {index:10;}">
                <Coords points="1217,1328 1344,1320 1371,1335 1424,1299 1475,1323 1506,1315 1506,1272 1436,1260 1424,1245 1398,1248 1342,1282 1282,1253 1219,1267"/>
                <Baseline points="1232,1304 1257,1309 1282,1309 1308,1308 1333,1307 1359,1307 1384,1306 1410,1303 1435,1300 1461,1298 1486,1299 1512,1301"/>
                <TextEquiv>
                    <Unicode>eorire</Unicode>
                </TextEquiv>
            </TextLine>
            <TextLine id="tr_2_tl_12" custom="readingOrder {index:11;}">
                <Coords points="683,1453 801,1388 1163,1439 1214,1390 1369,1378 1854,1427 2071,1369 2298,1361 2399,1417 2621,1361 2624,1270 2452,1258 1955,1315 1772,1282 1702,1335 1137,1291 688,1315"/>
                <Baseline points="698,1393 794,1390 891,1388 987,1386 1084,1383 1180,1378 1277,1377 1373,1372 1470,1372 1566,1367 1663,1363 1759,1358 1856,1357 1952,1357 2049,1351 2145,1347 2242,1345 2338,1343 2435,1340 2531,1336 2628,1333"/>
                <TextEquiv>
                    <Unicode>es Hur einen enschen, den Tölstol von Stakespsare</Unicode>
                </TextEquiv>
            </TextLine>
            <TextLine id="tr_2_tl_13" custom="readingOrder {index:12;}">
                <Coords points="1381,1460 1429,1448 1455,1460 1460,1455 1468,1460 1523,1455 1530,1376 1509,1376 1480,1388 1465,1378 1441,1395 1436,1390 1424,1395 1402,1378 1385,1378"/>
                <Baseline points="1396,1444 1422,1442 1449,1440 1476,1439 1503,1437 1530,1435"/>
                <TextEquiv>
                    <Unicode>selbe</Unicode>
                </TextEquiv>
            </TextLine>
            <TextLine id="tr_2_tl_14" custom="readingOrder {index:13;}">
                <Coords points="673,1528 912,1564 1265,1535 1320,1571 1844,1492 1885,1528 2110,1482 2431,1511 2433,1414 2356,1388 2124,1431 1620,1410 1376,1468 1233,1390 1163,1439 676,1460"/>
                <Baseline points="686,1524 773,1522 861,1521 949,1516 1036,1515 1124,1512 1212,1509 1299,1509 1387,1502 1475,1499 1563,1494 1650,1497 1738,1492 1826,1486 1913,1482 2001,1479 2089,1477 2176,1477 2264,1471 2352,1468 2440,1465"/>
                <TextEquiv>
                    <Unicode>oder von Telsteiahwendig gemacht hätte? Was</Unicode>
                </TextEquiv>
            </TextLine>
            <TextLine id="tr_2_tl_15" custom="readingOrder {index:14;}">
                <Coords points="678,1663 1086,1702 1231,1641 1518,1634 1851,1699 2274,1603 2527,1639 2532,1513 2394,1540 2245,1506 2020,1571 1904,1528 1678,1571 1084,1550 678,1627"/>
                <Baseline points="692,1656 784,1647 876,1647 968,1644 1060,1641 1153,1635 1245,1635 1337,1632 1429,1629 1521,1627 1614,1622 1706,1617 1798,1617 1890,1614 1982,1609 2075,1606 2167,1605 2259,1602 2351,1596 2443,1596 2536,1593"/>
                <TextEquiv>
                    <Unicode>mir otnen Sichtar wart micht sind inner die Ge-</Unicode>
                </TextEquiv>
            </TextLine>
            <TextLine id="tr_2_tl_16" custom="readingOrder {index:15;}">
                <Coords points="688,1815 1530,1750 1755,1801 2093,1748 2308,1789 2503,1769 2505,1685 2199,1641 1847,1699 1620,1670 1402,1733 1291,1682 1217,1716 690,1699"/>
                <Baseline points="701,1781 791,1778 881,1775 972,1772 1062,1769 1153,1766 1243,1763 1333,1759 1424,1755 1514,1751 1605,1749 1695,1748 1785,1745 1876,1739 1966,1739 2057,1733 2147,1730 2237,1730 2328,1724 2418,1721 2509,1727"/>
                <TextEquiv>
                    <Unicode>stalten,die er in sich trägt, und der Rhythnuss,</Unicode>
                </TextEquiv>
            </TextLine>
            <TextLine id="tr_2_tl_17" custom="readingOrder {index:16;}">
                <Coords points="705,1921 854,1960 992,1907 1105,1948 1673,1875 2206,1902 2271,1861 2493,1900 2525,1762 2003,1767 1629,1837 1262,1762 929,1854 707,1820"/>
                <Baseline points="719,1906 809,1903 899,1898 990,1897 1080,1894 1171,1892 1261,1887 1351,1883 1442,1880 1532,1876 1623,1873 1713,1870 1803,1868 1894,1865 1984,1862 2075,1859 2165,1859 2255,1856 2346,1853 2436,1847 2527,1847"/>
                <TextEquiv>
                    <Unicode>in dem er sia erscheien und walten Iisst. Von</Unicode>
                </TextEquiv>
            </TextLine>
            <TextLine id="tr_2_tl_18" custom="readingOrder {index:17;}">
                <Coords points="690,2083 1023,2090 1265,2025 2192,2040 2315,1996 2527,2035 2554,1892 2404,1929 2117,1902 1933,1960 1711,1929 1487,1965 1291,1917 883,1972 789,1917 695,1933"/>
                <Baseline points="704,2035 796,2035 889,2032 981,2027 1074,2026 1167,2020 1259,2014 1352,2014 1445,2008 1537,2008 1630,2002 1723,2002 1815,1996 1908,1993 2001,1988 2093,1985 2186,1981 2279,1978 2371,1975 2464,1975 2557,1978"/>
                <TextEquiv>
                    <Unicode>Ailen, die in diesen Tagentleben gibt es keinen.</Unicode>
                </TextEquiv>
            </TextLine>
            <TextLine id="tr_2_tl_19" custom="readingOrder {index:18;}">
                <Coords points="698,2165 1045,2204 1291,2148 1610,2170 1764,2129 1900,2168 2134,2114 2423,2151 2503,2124 2508,2040 2324,2020 2247,2069 2134,2018 1871,2081 700,2088"/>
                <Baseline points="710,2157 800,2160 890,2157 980,2156 1070,2149 1160,2146 1250,2143 1340,2141 1430,2139 1520,2133 1611,2130 1701,2127 1791,2127 1881,2118 1971,2115 2061,2112 2151,2112 2241,2106 2331,2103 2421,2100 2512,2097"/>
                <TextEquiv>
                    <Unicode>dessen Gestalten lebendiger gewandelt und des-</Unicode>
                </TextEquiv>
            </TextLine>
            <TextLine id="tr_2_tl_20" custom="readingOrder {index:19;}">
                <Coords points="710,2305 1272,2279 1311,2315 1598,2274 1808,2310 1987,2254 2117,2303 2274,2242 2339,2286 2411,2259 2416,2160 2102,2184 1943,2136 1786,2201 1115,2182 712,2245"/>
                <Baseline points="722,2288 806,2288 891,2285 976,2280 1061,2277 1145,2273 1230,2273 1315,2267 1400,2264 1484,2261 1569,2258 1654,2255 1739,2252 1823,2249 1908,2247 1993,2243 2078,2241 2162,2237 2247,2235 2332,2229 2417,2229"/>
                <TextEquiv>
                    <Unicode>sen lhythmus gewaltiger getönt hätteals der</Unicode>
                </TextEquiv>
            </TextLine>
            <TextLine id="tr_2_tl_21" custom="readingOrder {index:20;}">
                <Coords points="702,2452 756,2469 823,2426 944,2472 1144,2411 1366,2411 1369,2298 1120,2351 953,2310 869,2341 797,2305 705,2327"/>
                <Baseline points="719,2411 751,2412 784,2417 816,2419 849,2419 881,2417 914,2415 946,2412 979,2411 1011,2411 1044,2409 1076,2408 1109,2408 1141,2408 1174,2406 1206,2405 1239,2405 1271,2405 1304,2403 1336,2403 1369,2405"/>
                <TextEquiv>
                    <Unicode>Dichter Tolstot.</Unicode>
                </TextEquiv>
            </TextLine>
            <TextEquiv>
                <Unicode></Unicode>
            </TextEquiv>
        </TextRegion>
    </Page>
</PcGts>
