2968 3672
572 534 1668 727 Die Frau ohne Schatten.
561 695 2020 882 Als Erzählung von hoher qualität.
551 836 1676 1013 Dabei küal und vaniriert.
567 895 2568 1112 Das Syubol des Schattens ebenso weni, zwingens
585 1109 1721 1267 wie das der Versteinerung.
567 1227 1587 1382 Ortausch. wäre nöglich.
575 1315 2606 1505 Synbol de unfruchtbaren Frau könnte auch sein
585 1465 1537 1654 dase wie versteinert-
575 1577 2721 1791 synbol de kerzlosen Kanne, dass er keinen Schatten
575 1767 866 1916 niEft.
601 1817 2689 2028 dee Färchenvotir der Fische scheint wir in siil.
591 2007 748 2085 ute
567 1967 2234 2143 zu jenen anderen Synbolen zu stinmen.
596 2109 2590 2288 von diehterischer Schönheit die Szene ldie in
596 2229 2536 2416 der Oper nicht vorkonnt), wie der Kaiser bein
593 2376 2614 2552 Mahle sitzt und von seinen ungeborenen Kindern
596 2499 2336 2675 bedient wird. Doch viel zu reitschneitig.
604 2608 2691 2809 ein nenig stört auch die etwar wohltelle Charak
604 2737 2587 2956 terielerung dieser sonderbaren „recheinungen
615 2884 2592 3071 durch die sich inner niederholende: Sie waren
612 2991 2330 3212 da und sie naren zurleich nicht da ste.
