2952 3672
2081 156 2382 284 151.
1142 617 2390 798 die Worte, die Tilla „auf ei-
836 728 2497 951 reppe stehend dem zerknirscht in einen,
1052 868 2590 1067 saumangesunkenen Oetavd. zuruft: „Nach
628 991 2492 1200 dieser furchtbaren Enttäuschung, die du mir
622 1109 2588 1330 bäreitst hast, veklasse ich dichjum das Ideaf
630 1255 2462 1471 meines Lebens zu zuchan, Nach dem ich mich
592 1353 2513 1579 bisher vergeblich sehnte und ich reiss, dass
607 1498 2374 1707 ich es finden worde;denn auf diese Norte
643 1644 2568 1862 dürkte sich der ikolescate Applaus" kaum be-
612 1840 976 1985 ziehen.-
939 1890 2533 2103 Marum nekslbei die Frauzösischen Na-
607 2038 2623 2241 mon? Wird der Film besser,Mahrer, wirksener da
660 2164 2472 2372 durch,dess die Handlung in Frankreich und
625 2292 2480 2507 nicht irgendne in Deutdehland spiöll7kenn
628 2440 2447 2615 das Manuscript von einem Franzosen ist,so
670 2510 2625 2776 fällt dieses Bodenkennatdglich reg, aler ich
630 2731 1007 2889 zweifle.
974 2821 2623 3012 Die Macbeth-Vorstellung zu Beginn ist
638 2919 2633 3122 wohl eine Jubiläunsvorstellung, sonst wäre die
643 3050 2455 3278 besondere Foior nicht rocht zu verstehen.
