2824 3432
204 277 722 439 Wariermenn,
275 421 574 540 Oliria
327 514 703 727 Ider 316
808 277 2410 436 Olivia als pathologische Erscheinung
808 381 2535 565 eingeführt, daher kann ak ihr eigentlic
802 533 2094 692 nichts exemplifiziert werden.
796 641 2498 821 Hier in zeigt sich schon des Autors Käre
763 804 1342 942 zur Willkür.
793 933 2440 1090 Willkür ist ferner in der Auswahl des
785 1062 2423 1223 Materials, durch welches uns der Krieg
770 1215 2494 1339 lebenlig gemacht werden soll. Die Anek
787 1296 2414 1477 doten an sich trefflich, fessélnd, fast
780 1443 2305 1600 alle glänzend erzählt, aber bleiben
789 1580 2498 1752 Anekdote, weil der Weg zur Wurzel. fehlt.
783 1679 2361 1866 Irgendwo müssen Füguren und Einfälle
791 1836 2417 2006 jedes geschlossenen Kunstwerks zusam-
763 1976 2462 2137 menlaufen, ganz in der riefe:Wir müssen
763 2068 2451 2260 nicht bis hinsehen, aber unsere Empfin-
759 2223 2468 2389 dung für diese Einheit ist untrüglich.
748 2335 2414 2516 (Die Erzählung als Ganzes nicht glück-
765 2494 2322 2660 lich komponiert. Bei manchen epido-
763 2604 2414 2778 distisch gehaltenen Teil, besonders im
765 2739 2307 2909 ersten-Drittel, wünschten wir nähere
761 2892 1299 2988 Ausführung.
757 2969 2285 3197 Das Endo durchaus willkürlich. Die"
