2872 3464
2308 243 2443 423 e
575 433 2491 613 Rücksichtnahme auf die Oekonomie des Tanzen
587 585 2529 767 nicht Nebenfiguren geblieben sind. Doch wäre
595 721 2506 878 es akademisch,wollté man es dem Dichter ver-
587 840 2455 1000 übeln, dass er einer so kostbaren Figur, wier
575 972 2498 1121 beispielsweise dem Carovius, einen so weiten-
590 1081 2493 1256 kaum sich auszuleben gegönnt hat. In dieser
597 1218 2433 1359 Figur steckt meines Frachtens mehr Gestal-
595 1331 2481 1511 tungskraft und Idee. (was auf einer gewissen
592 1476 2491 1660 Höhe der Kunst das Gleiche bedeutet) als in
590 1612 1271 1774 der Hauptfigur.
600 1686 2632 1893 Bei manchen anderen Episodenfiguren lässt sih
587 1828 2600 2012 der Autor durch seinne Laune, durch seinen Reich-
600 1992 2498 2144 tum an Einfällen, wohl aber auch durch seine
595 2109 2448 2283 Neigung zum Skurilen und Bizarren manchmal
595 2248 2405 2433 zu einer Meitläufigkeit verführen, die der
602 2384 2496 2526 inneren Bedeutung der Figuren und dem Roman
597 2503 2524 2683 als Ganzen nicht völlig angemessenserscheint.
597 2630 2546 2810 spoziell Philippino-triumphiort die Absurdil
605 2759 2450 2913 tät nicht solten über das Dämonische. Auch
597 2888 2582 3058 die Puppenspielerei des alten-Jordan entbehrt
610 3020 2491 3225 irgendnie der letzten Notwendigkeit. Es ist
