3064 3688
477 376 1362 593 Chreidei
627 570 2560 747 Zu den Versuchen von Ehrenstein (1905 od.6).
656 713 2178 861 Mehr Gedankenflucht als Phantasie.
666 819 2614 984 Assoziationen nicht in die Tiefe gehend;mehr
679 949 2178 1104 oberflächlich, ungebändigt, wahllos.
664 1082 2594 1259 Einfällé wohl, aber oft mindere, ohne Selbst-
666 1222 1146 1367 kritik.
679 1320 2621 1515 Hümor manchmal scharf bis zur Satyre,oft ba-
669 1502 875 1615 nal..
676 1583 2628 1785 Stil oft gut, noch öfter verwuzelt (Jean Paul
676 1751 1800 1859 Heiye) oder reporterhaft.
684 1829 2626 1989 an Gestaltung mangält es durchaus, Inhalt ist
674 1982 2574 2169 da. Tubulch scheint fast eine Figur zu ver-
674 2119 2572 2267 den und ist doch nur Charge.Nicht durchwegs
669 2220 2535 2395 als Aubukch gesehen, sondern oft (feuille-
676 2397 2358 2540 tonistisch) lugt der Verfasser heraus.
637 2464 2619 2702 Auch an poetischen Plementen fehlt es nicht.
