2872 3448
598 434 2411 633 gewissermassen nichtsfahr als ein Einfall
603 605 2416 743 mehr.Ohne Vordringlichkeit und daher-umso
2089 715 2367 794 erende
1660 712 2023 799 Hjalmari-
592 758 2492 901 wirksamer fügt sich die Ptamarixierndde, da-
598 881 2446 991 bei doch eigenartig und lebendig bleibende
585 1019 1926 1185 Gestxlt des Philipp Jason ein.
585 1098 2528 1254 Es muss seine tieferen Gründe haben, dass die
592 1236 2538 1374 beiden männlichen Figuren,die dem Helden des
592 1366 2526 1563 Romans herzlich näher treten, blässer geblie-
575 1504 2538 1634 ben sind, als jene andern, die sich ihm feind-
580 1627 2441 1790 selig gegenüberstoften. Für Benda gilt das
582 1757 1754 1926 weniger als für Eberhardt.
590 1872 2533 2033 Es gibt stellen, an denen ich zweifelhaft ge-
1834 2000 2079 2081 beliebt
585 2025 2549 2204 worden bin, ob die vom Autor gewähtte Technik
590 2135 2508 2270 der grössaren und kleineren Augenblicksbil-
592 2298 2487 2429 der (oberflächlich ausgedrückt) richtig ge-
582 2418 2503 2569 wählt war. Solcher stellen gibt es freilich
585 2541 2587 2710 nur sehr wenige; Dort, wo mir der herausgegrif-
577 2676 2554 2819 fene Augenblick für den Fortgang oder für die
575 2799 2615 2929 ldee des Ganzen nicht wesentlich genug schie.
843 2929 2406 3098 Nicht inver selbst wenn wir uns mit
562 3047 2615 3230 der. Atmosphäre, mit dem Stil, mit der Grundstin-
