2856 3432
476 384 2376 535 holen darf,weil es weniger erust zugeht,mag
481 492 2432 684 ihn der Autor einmal auch gewissermassen von
476 643 1971 819 der Bühne har) vertraulich grüssen.
471 758 2376 927 Eine weitere stilistische Besonderheit: Der
479 873 2527 1078 Dichter nenut gelegentlich eine seiner Figuren
476 1009 2496 1211 hunderlich, irgend eine Situation bezeichnet er
468 1162 2460 1318 als skuril etc. Nun gibt es mänche Urteileßie
479 1290 2493 1454 der Autor unbedingt dem leser überlassen muss.
468 1413 2406 1597 Er muss es dahin bringen, dass der Leber eine
479 1544 2468 1708 Gestalt als wunderlich, eine andere als. bedeu-
479 1672 2529 1838 tend erkonnt, dass er sich in irgn einem Augen-
466 1807 2524 1976 blick zu dem Ausruf gedrängt fühlt: Wie bizarr,
471 1943 2516 2104 wie skuril, wie lächerlicht Er darf auch dieses
481 2063 2378 2212 Urteil irgend einer Gestalt, die sich in der
479 2173 2422 2348 von ihm geschaffenen welt bewegt, in den mund
1723 2284 2007 2391 bleibt en
484 2317 2458 2496 logen, doch iat es ihm selbst verwehrt, sich in
468 2422 2491 2621 dieser Weise zu äussern.Auchbei dem naiven le-
532 2580 2465 2724 er fördert er durch einen solchen Beeinklus-
486 2711 2417 2875 sungsversuch einengeist des Widerspruchs, den
481 2824 2455 2998 niederzuhalten, doch mit anderen höheren, seine
622 2941 1713 3154 nterbrochöne Aufgabe ist.
