3064 3688
1612 200 1741 361 md
454 343 1234 501 (Sunrt) Srrothe Augrn¬
699 485 2456 667 Frags mehr, ob ein Kaiser das Recht hat-
686 641 2806 783 Sklaven als Fackeln brennen zu lassen,teetg-
686 754 2503 931 dem wird es nach wie vor erlaubt sein aus
688 881 2585 1060 Hero einen Dravenheld zu machen und so könn-
683 1015 2579 1190 te auch die „Dorothea Angermann eine Heldin
680 1158 2448 1306 sein, selbst für die Ledte, die findeydass
665 1269 2535 1427 es belanglos ist, ob sie von einem widerli-
673 1414 2445 1572 chen Subjekt schmanger geworden ist oder
678 1543 2645 1714 nicht (und denen es nebstbei kaun ganz gleick
688 1672 2487 1852 gültig wäre, wennes ihrer eigenen Tochter
688 1823 1176 2002 passierte).
