3032 3688
2067 255 2669 432 kliigerd Stelle
485 599 2437 816 selben Abend, weil sie von seiner Verlobung
521 728 2477 940 erfuhr par depit,mit einem andern, sehr unbe-
495 867 2482 1105 trächtlichen jungen Menschen. Auch diese Be-
513 991 2166 1231 ziehung ist damit endgültig erledigt.
791 1107 2424 1327 Die nahezu 50jährige Gräfin Jolanthe
531 1241 2538 1466 Frankenberg plaudert mit ihm erotisch, besucht:
546 1362 2560 1552 ihn einmal unerwarteter Weise in seiner-Villa.
541 1514 2533 1734 sie sentimentalisieren und geistreicheln über
536 1633 2502 1850 versäumté Gelegenheiten.Noch am selben Abend
538 1747 2570 1984 stibpt sie an einem Herzschläg.Auch sie hat. er-
548 1936 1281 2110 nicht angerührt.
867 2032 2578 2229 Die Superba, eine Tänzerin bei Ronacher,
571 2151 2522 2356 interessiort ihn. Er lässt, noch ohne sie per-
564 2267 2583 2505 sönlich zu kennen; mit viel Umständen und gros
574 2424 2535 2646 sen Kosten - Edelsteinhändler in allen Welt-
574 2525 2581 2750 teilen werden bemüht - eine Amethyst-und eine
576 2659 2578 2881 Bernsteinkette für sie verfertigen, bringt sie
579 2800 2502 3043 ihr ins Hotel Bristol natürlich in einer be-
581 2960 2431 3142 mussten, auch ihm selbst bewusst werdenden
591 3046 2469 3306 thoatralischen Meise,ästhotisches Gespräch
