2888 3464
2159 195 2660 370 Gauremuert
601 436 2549 614 geheimnisvollen Notwendigkeit durch die wohl
601 555 2573 744 in seinem Wesen begründete Verbindung mit ei
606 703 2588 836 nem Geschöpf,wie Philippine, motiviert scheint,
604 826 2418 966 wirkt doch wie eine Ausflucht des Autors.
599 942 2376 1129 Was aber bleibt von Daniel übrig,wenn er
606 1087 1937 1265 kein musikalisches Genie ist?
611 1218 2472 1378 Wir sehen ihn nur an gewissen Etappén-sei-
604 1334 2571 1506 ner Entwicklung. Veber die wichtigsten Jahre,
599 1449 2527 1624 die er durch die Weit irrend verbringt,glei-
614 1600 2423 1765 tet der Verfasser allzu rasch dahin. Oder
616 1701 2551 1886 sind diese Jahre nicht so nichtig? Man soll-
606 1834 2460 2058 te doch glauben,denn in dieser Zeit müsste
616 2009 1945 2145 sich die Wandlung vorbereiten.
599 2113 2472 2278 Als was sollen wir ihn am Schluss betrach-
611 2238 2554 2428 ten? Als einen Edelmenschen, als einen Erzie-
604 2371 2472 2541 her zum Güten und Schönen? Als einen Mann,
614 2502 2517 2670 der durch sein Wesen allein auf seine Unge-
614 2638 2593 2805 bung so wundersam reinigend, ankeuernd und em
616 2763 2564 2928 vorziehend wirkt? Ich verspüre diese Wirkung
614 2914 2364 3064 nicht. Ich muss daran glauben oder auch
606 3022 2519 3222 nicht wie an sein musikalisches Talent oder
