3048 3672
2181 166 2468 346 1r.
2232 312 2493 515 kl. 1.4
553 479 2122 671 Weiteres zur. „Klingenden Schelle"..
563 584 2565 799 In einem halbunbewussten Gefühl der Unochtheit
576 719 2588 916 übertreibt der Verfasser und nach einem künst-
571 845 2476 1068 lerischen Gesetze ist er dadurch verurteilt
563 1016 1718 1193 sich selbst zu parodieren.
573 1119 2555 1316 Aus Unwahrheit folgt mit Notwendigkeit Ueber-
581 1308 940 1441 trebung.
571 1388 2596 1572 Die Geste wird übertrieben,da dur sie den Aus-
581 1492 2555 1708 druck einer Seelenregung darstellen soll,die
584 1661 1700 1833 gar nicht vorhanden ist.
599 1764 2575 1958 Ein Mensch von Formen wird Marie nicht so be-
589 1902 2450 2074 handeln; wie es uns von Georg erzählt wird,
589 1997 2650 2204 ebensowenig die andern geute und seine Diener:
594 2135 2647 2337 schaft.Er wird zum Beispiel dem Diener den einen
594 2294 2547 2445 Auftrag nicht mit den Worten geben: „Der Pro-
788 2412 1185 2501 Warteneck
602 2406 2468 2588 fessor soll kommen, sofort, sofortl" Sondern
609 2550 2583 2729 er wird sagen: „Ich lasse Herrn Professor Mar-
614 2650 2560 2852 teneck bitten so bald als möglich zu kommen.
604 2801 2586 3008 Diese Kleinigkeiten sind bedeutungsvoll.Denn,
614 2944 2563 3110 was besonders charakteristisch an Georg sein
620 3054 2675 3267 soll, ist ja der ungeheuere Niderspruch zwischen
617 3195 2609 3364 der Vollkommenheit in jeder äusseren Form und
614 3310 2493 3451 der Dunkelheit, ja der Bosheit seiner Soele.
