3096 3720
2243 337 2590 465 datt
447 541 2520 727 Ihr atmet auf, hier durftet Ihr dreifach hassen.
442 695 1864 860 Ein Genie, ein Jude und ein Mann.
444 894 2504 1124 Aus einem Gespräch über ihn: Wie wundervoll in
455 1046 2559 1247 dem Scherzo der Fünften diese volksmässigen Mei-
470 1163 2428 1367 sen;duft von heimatlichen Wäldern,Geruch von
476 1330 2379 1498 Wiesen und Blumen. Die ganze deutsche Land-
476 1461 1291 1647 schaft steigt auf.
491 1547 2514 1754 Der Andere: Unmöglich. Mahler war ein Jude, war
484 1649 2567 1929 also gar nie imstände das Deutschtum zu begrei-
497 1900 690 2107 ken.
