3032 3688
2011 257 2632 453 klusende Stelle
529 517 2346 697 rührt der Hold in dieser ganzen Zeit kein
532 664 2306 827 weibliches Wesen, was dem Verfasser nicht
532 804 2484 980 einmal aufzufallen scheint.Er hat ein junges-
540 926 2433 1082 Mädchen,eine Art Gesellschafterin aus Offi-
540 1061 2545 1245 ziersfamilie verführt (vor Beginn des Romans).
552 1183 2548 1374 In aller Bescheidenheit will sie von ihm gehe-
542 1311 2532 1489 ratet sein,er erfüllt diesen Wunsch aus einer
550 1435 2532 1629 nicht unbegreiflichen Scheu vor skandalen und
547 1563 2502 1787 dergleichen, aber er rächt sich dafür an ihr,
2161 1649 2453 1738 nicht
552 1675 2601 1927 man kann es wohl nicht anders nennen, dadurck,-
565 1830 2428 2049 indem er sie nicht nur nie wieder berührt,
565 1939 2481 2161 sondern, obwehl sie als Frau in seinem Hause
568 2021 2512 2311 lebt, sich absolut nicht mehr um sie kümmert,
570 2209 2395 2400 nicht mit ihr. zusammen isst, ja,keinesilbe
578 2339 2438 2545 mit ihr spricht und sein Junggesellenleben
596 2481 2520 2703 (wir erfahren davon nicht viel mehr als dass
573 2593 2464 2812 er cosellschaften besucht, zu nonacher geht
583 2759 2120 2967 und bei Sacher speist) weiterführt.
916 2853 2484 3018 Nelly Pochinger, ein junges Mädchen,
601 2993 2509 3232 gesteht ihm ihre Liebe,küsst ihn glühend an
601 3133 2588 3359 einem Ballabend und verlobt sich noch an dem-
