3000 3656
2277 323 2567 515 lese
455 556 2644 786 Nach den K Diner beeibt sich der Held des B.'sehen
458 729 2477 910 zuches in ein Thrater. Er sicht ein schlechtes
460 841 2510 1058 Stuck. Flüchtig wird das oberflächlich-geistrei-
471 956 2589 1178 ehe Geplauder eines ersten Salon-iktes skieziert,
463 1074 2502 1274 die Figuren geben sich durchaus als flach oder
463 1203 2521 1438 widerwärtig zu erkennen und mir nüegen glauben
466 1343 2663 1545 und glauben es gerne, dass der Verfasger dieser der
471 1463 2644 1691 stücke ein ebenso schnacher Post ist wie der be-
477 1570 2617 1789 rühnte Koneneier aus dem pestaurant. Er ist auh
482 1726 2622 1932 zweifellos Mahr, dass es mehr schlechte Stücke und
485 1885 2559 2077 sehl ehte Bomane gibt als gute..Aber zum Teufel
493 1989 2469 2203 noch dinmal ,hat das unser düsterer Hotelgast
496 2113 2628 2345 nicht gendst lendeke er durch die Hauerspalte &
485 2299 910 2474 gunht vat
496 2348 2611 2581 Marun hat dr une nieht einfach versehniegen, dass
512 2491 2573 2707 er all die wunderbared singe eigentlich auf ei-
515 2636 2592 2836 ne unerlaubte und geniestrnassen unsppetitliche
507 2759 2526 2967 Art goschen und gehört hatz Natag hat er nieht
521 2924 2482 3107 von den onigen Recht des Diekters Gebräuck ge-
507 3019 2499 3228 recht und kähnlich behauptet,All das, nas Iet
523 3170 2515 3395 puch da in so sekönen worten nittelle, all den
