3048 3704
768 641 1406 807 Winter 99 nach
1943 687 2715 812 ung. des „Fuhrmann
765 770 1502 919 Henschel" am Burz
1987 795 2528 951 Trännere mich
768 899 1402 1038 der grauverhän
1840 946 2635 1080 warm durchleachte-
770 1007 2618 1192 ten Spätoktobertage 1902 in Ihrem Agneten-
748 1170 2601 1306 dorf,wo Sie nach gemeinsamer Berg-und Tal-
763 1292 2620 1482 wanderung. Brahm und nich durch den Vortrag
763 1416 2518 1580 des dritton Akts aus Ihrem schönen neuen
763 1562 2476 1714 Dramavoln „Armen Heinrich" im Iniersten
763 1675 2528 1845 ergriffen (und ich das treffliche Violin-
753 1831 2557 1974 spiel Ihrer Kattin mit meiner becheidenen
751 1930 2528 2128 pianistischen kunsl zu einer Beothoven-
795 2060 2569 2257 Sonate begleitendurftei)-eiues heiteren
753 2174 2591 2342 Bei-aümengeins in Berlin nach einer meiner
753 2323 2377 2516 Promiören, (oi wolcher Gelegenheit ich
751 2457 2569 2613 von Ihnen viel nettere hinge zu hören be-
748 2586 2676 2762 kan als sie am Morgen darauf in den Zeitun-
743 2725 2672 2881 gen zu lesen standen.) Der traurige Nevember-
736 2825 2691 3018 tag 1912 erscheint mir wieder, an dem sie und
729 2981 2554 3140 ich unserem dahingeschiedenen wunderbaren
739 3093 2652 3286 Freunde Brolm Ahxchinde in ber dämmerigen
