2888 3464
622 389 2456 602 Dies betrachte ich keineswegs als Fehler.
635 573 2466 739 Dargestellt wird das ewige Kleinbürgertum-
637 674 2580 865 in seiner Flachheit, Bösartigkeit,kurz, in je-
630 816 2466 999 ner Philistrosität, die man wohl am besten
622 944 2506 1091 als den latenten Zustand von Flachheit und
630 1088 1946 1257 Bösartigkeit bezeichnen kann.
625 1207 2370 1358 Dieses Kleinbürgertum, das gefährlich, ja
622 1311 2355 1492 durch seine Macht gewissermassen gross
617 1455 2580 1614 wird, da es den Genius missversteht,verfolgt,
625 1581 2605 1750 betämpft, vielleicht auch manchmal vernichtet.
927 1723 2573 1894 Es ist ein wahrhaft romantisches Werk
612 1871 2531 2005 und man könnte sagen, dass der Stil durchge-
610 1985 2566 2149 halten ist, wenn nicht geräde am schluss Dog-
620 2104 2568 2280 matisierendod,zumindest Moralisiorendes, vor-
610 2238 1294 2390 waltend würden.
605 2345 2469 2546 Gestalten, wie die der drdi Frauen, Gertrud,
612 2494 2593 2655 Leonore und Dorothea sind von hohem dichteri
590 2610 2573 2761 schen Rang.Unvergesslich besonders die in der
612 2751 2608 2915 Glaskugel stehende Leonore.Vorzüglich mancht
612 2880 2437 3054 von den Nebenfiguren, an dere einigen man
605 2994 2387 3210 vielleicht nur tadeln auss, dass sie ohne
