2952 3672
2094 169 2255 338 151.
2108 426 2319 632 1
793 588 2441 793 Mare nicht vielleicht eine Verbindung
512 744 2400 923 zuischen Gasten und der Futter Arwande her-
556 860 2410 1065 zus lallen?(sie müsste keinesnegseingerot
558 989 2392 1168 sche sein).So dass auch die Futter lätiger
568 1117 2446 1315 in die Handlung eingraifen könnte als duech
568 1278 1685 1437 ihren vorvenausAmmenbruch
864 1362 2510 1575 Ebenge künschle ich von der Vergängen
558 1508 2478 1687 heit der Karenska etwas zu wissen. Sie könn-
563 1631 2432 1844 te z.R: zu Beginn des Flims in einer Benie
578 1783 2493 1974 hung stehen, sagen wir zu einem berühmten al-
578 1878 2446 2074 ternden richter, wodurch auch ihre Schwärner
580 2025 2549 2216 rei für richter im Allgameinen sichtbarer nu
575 2189 742 2346 dc.
913 2270 2417 2446 Der die Karenska feiernde Schrift-
597 2417 2473 2588 stollerklub ist eine etwas naive Erfindung,
607 2534 2275 2745 (trotz des wildzerrauften Richtere').
938 2696 2451 2855 Ganz unerlägslich scheint mir, dass
602 2796 2534 2983 wir mehr von den Inhalt des Arnandschen stu-
607 2934 2334 3117 ckes erfahren. Nach genieren Andeutungen
605 3068 2427 3281 schoint es ein Rostunstück zu sein, keines
