3048 3672
2187 177 2468 337 171.
2296 316 2660 448 kl stelle
615 514 2605 810 zuschliessen, Dass auch seine Mutter ihn jetzt
618 704 2503 911 mit Verachtung und Hass straft ist uns. ver-
620 828 2526 1028 ständlich. Dass sie es aber ebenso spät tut,
625 969 2521 1164 wie der Verfasser selbst, erscheint uns mehr
628 1066 2577 1304 eine Forderung des rffekts als der Mahrheit.
942 1218 2460 1438 Wohin begibt man sich in seiner
645 1316 2645 1567 tiefsten Verzweiflung, wenn man mit dem Dasein
648 1463 2506 1693 abgeschlossen hat? Ins Hotel Bristol. Dort
661 1559 2600 1822 setzt man sich zu guten Bekannten fauch Neily
663 1719 2701 1944 Pochinger ist dabeißhält es aber begreiflicher-
656 1860 2592 2073 weise in dieser Soelenverfassung nicht lange
663 1982 2519 2222 aus und flieht - wohik? - Natürlich in die
666 2109 2541 2341 Bar des Hotel Bristol. Hier wartet seiner
681 2240 2539 2478 das Schicksal.Anton Waurer, die beste Figur-
691 2344 2605 2595 des Romans, nicht nur weil er dem Helden ein
694 2508 2458 2721 Glas Cognac ins Gesicht schmeisst.Er hat
711 2643 2632 2848 nämlich auch Maria Anunziata geliebt.Das er-
716 2769 2653 2994 sehnte Duell naht.In Georgs Garten findet es
716 2891 2650 3113 statt. Er will natürlich storben. (Ich persön-
716 3032 2638 3220 lich werde(lobhaft an den Mörder erinnert).
724 3121 2668 3369 Nur ein streifschust.Anton Maurer bleibt al-
