3048 3704
2165 186 2480 276 151.
2487 423 2620 547 2.
1045 505 2322 677 kosor, Brand der Leidenschaft.
781 769 1302 907 Gut,kräftig.
790 891 2565 1010 Nicht darum kräftig,weil es auf dem Land
772 997 2482 1173 spielt,weil Bauern drin vorkommen, weil
797 1150 2257 1288 getrunken und genotzüchtigt wird.
792 1263 2514 1398 Sondern, weil die Figuren scharf gesehen
792 1389 2510 1561 und mit kräftiger Hand gezeichhet sind.
1084 1511 2592 1676 Hier wird es keinem Menschen ein-
801 1628 2377 1816 fallen von einem unbedeutenden Sujet
774 1786 2519 1945 zu Feden, obzwar es sich nur um ein paar
799 1922 2570 2085 Ackerfurchen handelt: Jeder wird fühlen,
797 2032 2572 2207 hier steht Mensch gegen Mensch.Darum ist
799 2191 1385 2322 es ein Drama.
799 2299 2528 2443 Niemand wird die Gestalten nichtig nen-
806 2443 2533 2576 nen, obwohl es ziemlich alberne,rohe und
817 2572 2530 2728 im hölieeen Sinn vollkommen wertlose. Ge-
795 2675 2544 2873 schöpfe sind. Aber sie stehen da. Darauf
806 2859 1357 2992 kommt es an.
799 2923 2615 3088 Der etwas snobistische Respekt vor allem
806 3084 2503 3233 was nach Ingewaschenheit, Kuhdünger und
795 3215 2638 3396 Rohheit riecht, wird dem Erfolg des Stücks
