3000 3656
2307 211 2648 457 Einse
510 539 2495 777 so direkt nitgeteult hätte, wie er Novelkisten
502 716 2317 901 und Dramtikker bieher inmer-Estan haben.
811 769 2674 1041 Der Nechber hört auch ein Seprich znfschen
510 951 2635 1163 Aörzten über bösartige Nougebilde, das durch sei-
528 1081 2521 1292 ne philosophischen Aepekte mertvoller istals
526 1221 2550 1414 dur eh die fachlichen Frörterungen, diecher sen-
536 1356 2513 1535 timental als wisgenschaftlich zu nennen sind.
793 1467 2624 1657 Der rachbar verliert sich auch in tiefein
542 1599 2529 1800 nige und dasn gle ichfalls etwas sontimentale
544 1733 2545 1916 Gedanken über Unendlichkeit, Tod, Kl inheit der
558 1863 2637 2072 Zellen, Entfernungen der Gestirne und ähnliches,
555 1985 2550 2199 Gedenken, die lunderttausendnal gedacht, von B.
555 2135 2553 2307 aber sehr sekön vorgetragen werden, allerdings
558 2243 2590 2450 vencknal in Tone eines Modephilosophen, der vor
571 2399 2587 2592 oleganten jungen Danen populäre Vorträge hält.
579 2487 2613 2711 aber selbst wenn es neue Mehrheiten wären Idie
589 2621 2489 2830 ieh übrigens von nienanden verlangel,ee let
581 2751 2613 2975 nieht einzuschen, narun nan tagelang durch dine
589 2886 2658 3094 Neuerspalte seheuen nuer, durch eine Heuerspalte
608 2997 2669 3229 einen neleneholischen giebesgespräck, einer Ent-
600 3129 2703 3401 kleidung einen Rod, einer rediziniachen Unterhal-
