3064 3688
914 474 2549 688 Geverkungen zu plfred herrs Schrieten
552 746 2030 919 Innere Freiheit, Kunstverstand.
521 864 2541 1070 -Doch ein famoser Kerl ,und das doch ist beina-
559 1010 1559 1196 he schön eine Bosheit.
554 1136 2222 1310 Bei aller inneren Freiheit Dogmatiker
567 1257 2461 1448 Er würzelt im Naturalismus und ist demokra-
529 1423 1247 1569 -tisch begrenzt.
562 1519 2415 1700 Dies beeinflusst das künstlerische Urteil,
579 1683 1206 1844 fälicht es.
582 1766 2546 1970 Ich versie he es an einigen meiner Merke näch-
584 1942 1055 2093 zuweisen.
582 2035 2521 2229 In „Ruf des Lebens" findet er den 3.Akt iden
574 2154 2516 2358 schlechtesten) am besten wegen der Dinge, die
574 2300 2524 2481 der Arzt sagt, und die zufällig der Kerrschen
577 2418 2567 2617 Meltanschauung entsprechen. MMan l weiter).
579 2557 2514 2776 In „Meiten Land“ bemängelt: er, dass das Stück
552 2680 2468 2881 zwischen zwei pistolenschüssen spielt, Dabsi
577 2829 2461 2992 kommen beide Pistolenschüsse gar nicht, vor.
589 2942 2201 3128 (Korsakons selbstmord und das nuell).
536 3053 2521 3292 Er ist dagegen, dass Agreitér auch gut Fennts
