2936 3672
2089 154 2374 280 151.
517 596 717 765 hat2
747 676 2585 881 ie Figur der Claire ist allzu kärglich be-
455 835 2544 1011 handelt. Warum hogt sie keinerlei zärtliche Ge-
469 935 2593 1151 fühle für Armand? Sollto der Verfasser gerade in
517 1097 2509 1286 diesem Punkte von einer remanhaften Panalität
488 1218 1461 1420 zurückgochhreckt sein?
752 1353 2628 1531 Vielleicht sollte Claire die Aufklärung der
477 1474 2504 1666 saclie energischer in die Hand nehmöu, als durch
482 1604 2652 1806 den Brief,den sie an Caston schreibt-und der von
526 1746 2062 1927 der Karanska zufällig gelesen wird.
784 1862 2574 2054 Gaston müssté den Kampf irgendnie aufneh-
526 2016 2506 2161 men, sowohl innerlich wie äusserlich.Er dürfte
526 2167 2075 2320 sich nicht sofort geschlagen geben.
787 2248 2536 2434 Zu ermägenwäre auch, ob nicht zwischen 1.
534 2412 2585 2544 und 5.Akt der Erstaufführung eine Eifersuchts-
531 2509 2517 2711 szene erfolgen köngte zmischen Taston und der
534 2641 2541 2824 karenska, so dass sie nicht weiterspielen kann.
531 2770 2593 2962 oder will, worauf Claire für sie die Rolle über-
523 2927 806 3118 ninat.
860 3051 2644 3196 (Dies alles sind keine Ral schläge, sondern
534 3150 2549 3336 nur Einfälle, wie sie während und nach der Lek-
