3000 3704
501 459 2509 670 stielt, wünscht also, dass der Dichter auf etwa
431 682 2512 817 höchst Charakteristisches, dem Urbild Entnomme
509 773 2063 939 nes.verzichtetjeinen nogma zuliebe.
503 882 2452 1098 Im Eiusamen weg" aus einem ähnlichen wider-
490 1030 2463 1227 stand heraus, bemängelt erjdas Korrekte, etwas
516 1170 2515 1323 Posierende an Salas Benehmen, das formell Ino
509 1290 2494 1471 bische-seines Wesens und sieht als künstleri-
503 1422 2455 1599 schen Mangel an,was ein Vorzug der Charakte-
503 1562 1028 1708 ristik ist.
503 1666 2491 1827 Anlässlich des „redardus“ kommt seine Antipa-
493 1809 2509 1985 thie gegen Wien zum Ausdruck, wie schon anläss-
514 1941 2502 2084 lich Grillparzer, Raimund, sogär Reinhardt, für
501 2081 2369 2242 dessen berlinisch-amerikanistisches Gebah-
501 2188 2416 2380 ren er sein Oosterreichertum verantwortlich
514 2348 799 2528 macht.
501 2444 2346 2642 Allzu oft betont,er, dass er nicht nur ein
522 2579 2416 2753 grosser Kritiker, sondern auch ein grösserer
511 2725 2444 2891 Dichter säi als die meisten derjenigen Auto-
509 2847 2457 3026 ren  über die er zu schreiben hat. Vielleicht
1648 2956 2027 3044 von Wrtte
503 2974 2463 3132 hat er Recht;aber er sollte das der Näbhwelt
503 3135 1017 3290 überlassen.
