3464 4168
702 494 958 642 1891.
536 581 2518 801 4.4. Oper. Ignaz Brüll: Das goldene Kreuz.
759 711 2151 901 X? Rouge et noir (I) Ballett.
609 783 744 871 dans le
536 844 2003 1039 11.4. Rudolfsheim. Neues Stück.
548 1000 2021 1166 12.4. Philharmonisches Konzert.
551 1124 2202 1368 19.4. Th.a.d.Wien. Sudermann: Ehre.
551 1329 2591 1524 30.4. Oper. Mascagni: Cavalleria rusticana.
557 1464 2880 1681 3.5. Burgth. (in der Oper). Carmen Silva: Meister
789 1633 1319 1808 Manole (I).
569 1735 2741 1958 6.5. Th.a.d.Wien. Wurmser: Der verlorene Sohn.
807 1865 1440 1979 X? Räuscherl.
575 1943 1768 2154 11.5. Josefstadt. (Was?)
584 2130 2621 2344 17.5. Oper. Mascagni: Cavalleria rusticana.
587 2302 2669 2476 14.6. Burgth. Fulda: Das verlorene Paradies.
593 2434 3006 2612 24.7. Baden. Nestroy: Mädel aus der Vorstadt (M.G.)
593 2591 3012 2772 26.7. Baden. 18lumenthal: Das zweite Gesicht. (M.G.)
609 2762 1970 2928 4.8. Baden. Nestroy: Umsonst.
834 2889 2311 3067 Mascagni: Cavalleria rusticana,
609 3022 2220 3241 12.8. Baden. Cnet: Hüttenbesitzer.
615 3184 2645 3329 13.8. Baden. X? Zehn Mädeln und kein Mann.
937 3320 1988 3464 X? Ein Theaterskandal.
621 3434 2323 3621 17.8. Baden. Blumenthal: Probepfeil.
