3400 4184
694 481 941 697 1880.
691 627 2731 776 27.2. Stadtth. Schiller: Kobale und Liebe.
697 818 1796 933 4.3. Ball bei Ziehrers.
686 953 2824 1121 5.3. Vortrag Prof.Benedikt über Mesmerismus
700 1141 2172 1315 7.3, Philharmonisches Konzert.
705 1281 1801 1442 8.3. Ball bei Walter.
708 1430 2967 1574 10.3. Vortrag Dr. Markbreiters über Redefreiheit.
711 1605 2928 1748 17.3. Burgth. Bürger: Die Frau ohne Geist (I).
711 1708 2934 1922 20.3. Stadtth. Dumas: Ein leichtsinniger Vater.
702 1905 2563 2054 22.3. Bösendorfersaal. Konzert Chimali
725 2051 2428 2206 30.3. Carlth. Hennequin: Papas Frau.
719 2197 2240 2374 31.3. Wiedner Th. Held: Näherin.
731 2360 2195 2512 4.4. Philharmonisches Konzert
719 2512 2610 2667 5.4. Stadtth. Delpit: Der Sohn Cornelis.
725 2647 2661 2827 7.4. Stadtth. Björnson: Das Falissement.
733 2802 2352 2979 10.4. Burgth. Shakespeare: Hamlet.
747 2967 2588 3172 13.4. Stadhth. Melville: Advokatenball.
1062 3071 2299 3215 Grandjean: Stiefvater (I).
733 3232 2296 3369 15.4. Generalprobe des Karusells
736 3389 2678 3557 16.4. Wiedner Th. Held: Näherin.
736 3535 2074 3718 20.4. Stadtth. Fidger: Hexe.
736 3709 2248 3847 22.4. VI. Quartett Helmesberger.
