3432 4184
2881 452 2969 610 4
777 449 1030 619 1881.
772 640 3080 845 7.6. Stadtth. Kotzebu: Die beiden Klingsberg (I).
772 830 2984 956 8.6. Burgth. Shakespeare: Kaufmann von Venedig.
777 989 3086 1106 12.6. Burgth. Dumanois: Die Eine weint,die Andere
1528 1103 1807 1197 lacht.
1473 1159 2148 1308 Moser: Hektor.
780 1270 2761 1420 13.6. Stadtth. Kotzebu: Vewandtschaft (I).
769 1440 3122 1584 17.6. Stadtth. Dumas: Heirat unter Ludwig XV. (I).
775 1628 2620 1760 18.6. Oper. (Burg) Sophokles: Antigone.
772 1766 3042 1910 20.6. Neue Welt: Akademisches Sommerfest mit Bal
1068 1866 1672 1989 Champetre! (?)
769 1983 2681 2136 24.6. Burgth. Bichert: Schritt vom Wege.
766 2148 2919 2294 11.8. Ischl. Konzert Harner, Schwarzmeyer, Löwy.
766 2329 2837 2491 6.9. Wien. Burgth. Sardou: Der letzte Brief.
769 2482 2555 2655 10.9. Burgth. Gutzkow: Königsleutnant.
769 2632 2995 2737 14.9. Stadtth. Labiche und Delacour Höhle des
1517 2723 1813 2852 Löwen.
769 2866 2849 3007 18.9. Burgth. Wilbrandt: Aria und Messalina.
760 3019 2186 3154 22.9. Burgth. Halm: Griseldis
757 3189 2520 3347 26.9.Burgth. Moser: Krieg in Frieden.
760 3306 2288 3494 29.9. Oper. Mozart: Zauberflöte.
754 3453 2711 3682 30.9. Burgth. L'Arronge: Wohltääge Frauen.
