3544 4232
738 483 960 657 1897
732 513 2821 766 2.1. Raimundth.. Léon: Die Unmoralischen (I)
735 718 2274 938 5.1. Burgth. Grillparzer: Medea.
749 860 2716 1065 9.1. Volksth. Ganghofer: Meerleuchten (I)
760 1032 2385 1268 16.1. Burgth. Ibsen: Wildente (1).
760 1182 2388 1370 21.1. Carlth. Offenbach: Blaubart.
768 1345 2582 1539 23.1. Th.a.d.W.? Das Wetterhäuschen.
1467 1467 2618 1650 Lindad: Die fesche Pepi.
771 1564 2813 1759 29.1. Böhmisches Quartett (Mitw.d 'Albert).
779 1745 2677 1950 1.2. Volksth. Karlweis: Das grobe Hemd.
793 1914 2774 2097 3.2. Raimundth. Shakespeare: Othello. (I).
793 2086 2274 2261 6.2. Josefstadt. X? Ladenmädel.
793 2227 1706 2408 9.2. Quartett Rosé
804 2335 2832 2580 10.2. Oper. Richard Wagner: Meistersinger.
813 2519 2804 2754 13.2. Raimundth. X? Rote Brieftasche (I).
815 2704 2433 2915 20.2. Carlth. X? Cognackönig (I).
815 2826 2796 3034 26.2.Josefstadt. X? Das rote Paraplü (I).
821 2998 3048 3218 27.2. Carlth. Hermann Bahr: Das Tschapperl (I).
832 3193 1889 3387 7.3. Philharm.Konzert.
829 3273 3012 3484 9.3. Burgth. Hauptmann: Versunkene Glocke (I).
829 3459 3029 3642 13.3. Carlth. Offenbach: Die Grossherzogin von
2011 3561 2607 3728 Geroldstein.
