3352 4040
297 236 3012 557 ilgo schwieg... (Cieies fittens, des mit der Rat aus Über¬
189 432 2424 679 B. Spat vertes, hastis. Sicartum
216 608 2343 847 Tortinate... zu sâcres... Cva heit nie
172 797 959 1033 die gelten.
165 942 2222 1226 Heege schwies, vordreil gleichmasse
230 1185 540 1405 soit..
591 1290 2124 1486 B. glaubte plokat ou mase
165 1401 2397 1648 Und B. juff vid an de kopf- als.
149 1617 2374 1884 versleend ne nicht - daß sie euch
155 1833 2316 2097 glecit derait jehme. Und sich
149 2056 2471 2343 riäber zu ihns leugend in gehelsten
1057 2245 1320 2414 no
169 2299 2428 2515 Theilen:... Der Capiten na de... Er tas
132 2515 1472 2725 at it be it pfode.
199 2667 2377 2890 Dr. Heigblick out. Dr Captain
206 2887 2346 3164 Jetzt fiel ihr erst ein, daß der de
172 3150 2434 3356 ini ereute, ja kein Capitein ue.
351 3302 2360 3511 I have this weinest... Ich balik
236 3505 2353 3771 einmal geschr. A het es an
898 3687 2397 3920 Exceal... As het. And
665 3694 847 3849 .
