3304 4056
321 247 1668 478 som. suntlb ist e.
142 462 2617 697 Ihre Dieser zu wissen flauete, durch
851 623 2599 885 flaint si cun raseud Iislach
197 684 2149 965 ie... es war wie eine noie
142 863 2226 1153 volle böslernheit, clauern tät, -
166 1097 2642 1329 benige nam. Aus der wirren Stimkeit
129 1301 2370 1547 dieses Tays, dreu hertels.
740 1498 1020 1631 vigend.
160 1529 2303 1782 endlich ein Antwort hine.
170 1729 2426 1997 Sie qlill in al Heuerben haut
240 1991 2198 2235 am sat zu Hugo...
136 2185 2392 2435 Red dort... die wünfst es aus segen"
139 2432 2167 2679 Hus I. Alle kommt de au
179 2623 2222 2938 seven. Brambst heim The
133 2842 2108 3156 er baten. Iil weiss je alle
213 3098 2222 3388 ut verstet j alle... alle
170 3311 2053 3631 He ist in der Will
348 3508 2272 3810 in ich in ein Frei... J. am
