3304 4072
246 218 2267 568 betried can ne dianpe... His
158 548 2207 825 and lay de Ufer in
181 808 2340 1085 re Ouolé der Leebotel yi.
184 1077 2272 1374 si nul der Ufe, daß u
178 1303 2320 1608 Sleine in de Terorse bt
116 1608 2196 1922 konnte... Beate sap ant
127 1840 2292 2238 des tleveurs - Alle w qui
144 2055 2354 2476 Wie leult ist dort das Lebe
138 2425 2284 2758 date he, &c is in very
1766 2578 2518 2860 ... Fris.
136 2702 1766 3038 brancht! Wca alle
203 2908 2490 3287 do wllt red. ia in solen
249 3205 2337 3620 Wose, no it beliebt
