3640 4553
440 399 2667 779 Blad durch die Oder viel. O
415 716 2500 993 fortis cet. de rt in ihren
380 880 2877 1250 de hulle Reins erwllt hil.
386 1162 2793 1445 do jesp fels. In huuit
399 1348 2925 1646 clanche that in the time. -
1225 1602 2912 1850 avec : il y a peut
427 1608 1235 1897 fie here.
1162 1750 2076 1913 is him in he
361 1797 2598 2174 he erus jed. ti in tride...
346 2017 2516 2328 Ibe es geles it
305 2196 2623 2513 de Tortunate ik ein voll siene
302 2494 2544 2723 hein za, wie sie ziede.
330 2686 2560 2943 met eene Art Vermeist spint
305 2840 2500 3185 kreuil ne sanilands in the
324 3063 2378 3408 him... Sie nahin his
377 3327 2475 3656 muss Escache nicht mögten
2504 3311 2588 3499 P.
361 3481 2727 3851 n is i stett on leger.. ne ne pas
327 3813 2444 4068 ein leichl Schlafsch und
