3539 4504
1095 567 2866 846 Ibe as in recterye
1100 831 2957 1136 en ist vor de Cuga
1100 1102 3206 1390 in du Ville un ouite
1178 1411 3271 1722 (e ndre acht i meit
1251 1630 3263 1852 s'etre.... - zie un Haus -
1199 1860 3140 2114 herrlich, seit - den sehl
1186 2116 3253 2307 ne sich sicher, geborgne....
1215 2302 3122 2584 Hierte bei seit. & töchen.
1270 2545 3305 2824 der R. - 1 is miellt gement
1364 2727 3127 2986 evl va Haus.. Eh. ne bell
1319 2965 3190 3203 viret zu jener Forlie geti volle
1345 3174 3323 3375 at Caesl ist eine angenechst dar¬
1338 3417 3250 3618 von am [illegible] Idee
1283 3537 3159 3819 tat 2e hal ne erreins: - La huis
1356 3728 3049 3961 sich in die verhebte:... wes
1894 3937 2759 4156 "cleustible
1447 3997 1871 4206 men.
