3336 4056
186 191 1536 428 his care was able.
1430 297 2555 531 Cit été trencilié
240 348 1213 568 me –.  Wo heisit als
171 454 2470 734 Auch. Auch.. Wilhelman Tallet... Uie
257 637 1590 876 me de.   . ...
243 759 2478 1036 We.. we... Sie habe dict... bewischt.....
291 925 2561 1191 hricaest verst allen, mit Urtenach.
237 1125 2424 1379 Sie zukommen, wie ihn kleine ersichten, ob er
194 1353 2378 1533 vereil eiler... be... ver -
214 1527 2427 1722 Es fiel ih ein, das in ihr K
194 1684 2353 1987 seulir wil zilhelm in ihm
186 1830 2373 2173 Lieblebe geschr... Es Keneul nl...
1533 2021 1787 2150 de l
168 2070 2392 2335 Lr alle i aus und in der teilie
1356 2244 1816 2355 in se n'en
1088 2253 1330 2410 Heis,
254 2293 2204 2550 Leense -?  An plold -
206 2461 2370 2735 verlan vie... und statt des Theil.
146 2664 2193 2924 de Verserflug, die sie is noch
211 2829 2444 3160 in he de Tief et Lelle herais
174 3081 2458 3366 endorf wolle... R. ande..... une
266 3346 2156 3572 ripere suillten.
277 3552 2284 3746 tibetie... in herke in
745 3657 2401 3869 schauln inle Thier stie in
