3848 4600
1406 449 3064 640 meiste es will on best next
1416 583 3365 833 samt - lofie in Dr. J
1440 758 3480 1029 an Huyer Einge in den i
1449 954 3577 1220 August ernetend a ernatten
1430 1174 3389 1454 der noch etwa in Schein.
1398 1416 3252 1653 lein kein verlei hin
2386 1524 2741 1658 versit.
1440 1497 3601 1787 1 heres de Aherneur,, aifs bei -
1870 1755 3365 1938 on des geliebter beusste
1443 1801 3561 2040 we  ikke hebben & 2 d
1454 2032 3545 2314 do not with it to her +c
1540 2190 3378 2558 Hego Augers de utale
1637 2494 3378 2798 offnet in d Huyss Ouser
1580 2688 3486 2988 zu einem Blick. in den
1583 2940 3263 3249 in Abm in Onclea
1572 3147 3284 3429 August..nd hilf
1570 3408 3424 3703 Mme de geliebte..
1583 3556 3617 3932 ingewichle.. a it. Brass.
1615 3800 3246 4090 me vestelen.. The
1879 4088 3349 4394 Ais ned - ihre de ih
