3816 4600
1343 624 3448 878 To his it... "Oh... di trombs
1365 878 3355 1108 in an ouft de doit nicht
1341 1064 3481 1385 1 Somer... beitergez..... not
1401 1305 3461 1573 will Ayst habe, dep at men
1390 1491 3374 1751 veiletyt... wien tageset
1417 1732 3393 2025 belenstit. Zil tat vid mit
1420 1932 3623 2225 werkt u dees lett seit..
1579 2189 1940 2298 Ce deuil.
1420 2181 3445 2457 Ich bin je kein alle Frei. 2
1480 2386 3494 2646 verstel elle. Eu viel... H
1412 2651 3450 2900 nicht will denke.. depuis
1420 2868 3532 3114 so furchtbe uit in einem
1439 3095 3445 3308 sie... daf is hup gibt.. d
1447 3338 3568 3563 me mir aucht seyn darf.
1530 3505 3275 3732 at we d inplest. Hay
1628 3754 2791 3951 We di wittlet...
1738 3932 3215 4148 21 geess hill...
1614 4085 3439 4337 The kleages t. Dreu
