3151 4167
305 436 833 570 Dr. FRITZ WITTELS
2022 418 2741 639 Wen. Baden 1. I. 28
1335 358 1714 720 and
361 549 785 639 I. HOHENSTAUFENGASSE 9
469 612 684 782 TEL. 66-903
263 833 2577 1105 Lieber Herr Doktor! Schon die Anrede ist nicht stimmig
275 1093 2589 1254 Da aber andere Worte die besser geeignet waren, an überschwänglich
272 1260 2571 1502 sind, mag es beim Doktor bleiben. Stcht doch das Wort auch in
293 1472 1362 1672 Vorspiel : Kennt du den Faust?
1335 1595 1427 1675 ouvrage
284 1633 2619 1863 Ich lese gesch den Specht im heutigen Journal. Er hat Recht.
302 1848 2598 2022 Das Buch liegt auf meinem Nachwischheit und ich lese es jeder
287 1977 2667 2192 Abend. Sie stecken so sehr dann das ich mich manchmal frage
278 2168 2679 2371 ob man nicht bestochen ist: Da man Sie liebt, liebt man auch
272 2320 2547 2541 Ihre Sprüche. Wenn man aber hernach bedenkt, doch man Sie
260 2523 2467 2786 liebt um Ihrer Dichtung willen, stellt sich ein Circulus
236 2709 2604 2959 heraus, der mir dadurch gelöst werden kann, doch "man" Sie
242 2927 2517 3159 eben nicht nur um Ihrer Dichtung willen licht. Ich
254 3079 2410 3363 hüchte aber doch auch das keine Lösung ist und übrig
239 3279 2347 3548 bleibt der Zauber und der Zauberer. Herzlich grüßt
236 3452 1221 3694 Sie im Schubertjahr Ihr
1598 3494 1953 3816 Wittels
