7016 4488
2727 546 3033 732 16 x
2623 664 2827 860 1/3
967 807 2842 1045 und Laune wieder) als er ins Haustor
1479 956 2006 1061 J- Hanilterie
974 982 3030 1217 trat. Hier aber fand er sich dem Dr. Röd-
982 1123 2905 1353 ler gegenüber.derleben die gewundene
985 1257 2994 1507 schmale reppe herabgestiegen kam und
985 1434 2884 1620 dem Arzt harmlos-herzlich die Hand
1011 1607 3010 1792 entgegenreichte. Es wird Marianne sehr
1024 1745 2902 1931 wohl tun, dass Sie heute noch kommen.
2194 1797 3258 1970 ein, die Hoffnung
1008 1905 2811 2095 Sie hatte sie erwartet und glaubte
985 2030 2142 2176 ben u. den erhegeben
1021 2048 2976 2247 schon nicht mehr daran." „Wie geht es
1035 2223 3046 2414 ihr? “fragte Fridolin. „Ist sie gefasst?“
1029 2367 3111 2560 „Sie war lange genug auf das Ende vorbe¬
1035 2524 2952 2693 reitet,Herr Doktor.Nur als man heute
1027 2678 3078 2874 Mittag die Leiche holte —" „Ah, ist das
1048 2780 3106 3033 schon geschehen?“ Doktor Rödler nickte.
1058 2989 3098 3190 „Ond morgen Nachmittag drei Uhr das re-
1053 3109 2994 3388 gräbnis Gleich nachher bringe ich Ma-
1042 3279 3140 3493 rianne zu meiner Mutter nach Mödling. Sie
1035 3480 3111 3650 soll nicht länger in de traurigen Woh-
1040 3574 2981 3806 nung bleiben. Wir wollen die Hochzeit
2383 3725 3078 3911 Fridolin gab
1040 3757 2289 3974 möglichst beschleunigen
1045 3906 2991 4206 durch ein Nicken seine Zustimmung zu
6252 175 6516 410 168
6220 405 6448 517 158
4446 502 6382 802 erkennen.Dann etwas zögernd sagte er:
4454 703 6492 951 „Sie kommen mit mir wieder hinauf,Herr
4460 844 6461 1084 Doktor Rödler?" „Nein, sagte der Andere,
4470 1006 6489 1257 ich habe noch allerlei zu besorgen für
4465 1142 6518 1403 den morgigen schweren Tag. Und nebstbei,
4473 1278 6513 1526 ehrlich gestanden, sehne ich mich schon
4483 1476 6547 1693 darnach meine Zigarre zu rauchen, was ich
5282 1604 5902 1719 nicht auszug
4499 1573 6539 1860 doch oben heute vermeiden musste." „Ja“,
4496 1743 6531 1978 sagte Fridolin lächelnd, die Pietät ist
4507 1907 6508 2163 eine sonderbare sache. Nun adieu,wir se-
4501 2077 6557 2312 hen uns wohl noch in der nächsten Zeit
4507 2179 6435 2477 und er setzte hinzu, es sind wohl die
4533 2356 6602 2615 Verwandten bei Fräulein Marianne?“ „Nein
4619 2505 6427 2772 sagte Doktor Rödler,..bis vor einer
4543 2644 6550 2905 Stunde waren Leute da, jetzt ist sie al
4554 2806 6479 3078 lein. Sie hat aufgeatmet, als alle fort
4943 2973 5873 3119 Sie in ieder wir Sie her
4548 2970 6419 3232 waren. (Da wird es vielleicht doch
4559 3114 6503 3391 besser sein „sagte „ridolin, dass ich
5831 3255 6330 3370 meament
4559 3289 6448 3543 Fräulein Marianne auch weiterhin für
4577 3422 6492 3697 heute ungestört lasse Ich werde viel
4567 3566 6513 3864 leicht morgen nach dem Begräbnis, dem
