6376 4232
2120 412 2309 651 10
260 635 2470 803 älteren und einem jüngeren, am benachbarten
1236 756 1413 846 d in
270 799 2464 967 Tisch gesessen war, während des Abendessens
211 930 2420 1088 ein Telegramm erhalten, und sich eilig von
257 1094 2089 1283 seinem Begleiter verabschiedet hat.
620 1233 2876 1429 Fridolin (erinnerte sich und) nickte.
713 1357 1125 1469 mil den
2293 1391 2522 1490 ena
592 1447 2560 1565 "Er war (am Morgen desselben Tags ange¬
251 1568 2541 1735 kommen“, sagte Albertine.), und ich war ihm be-
1741 1673 2008 1819 giltig
232 1732 2547 1872 gegnet, wie er eben mit seiner Handtasche die
1174 1841 1376 1955 zen,
229 1903 2575 2045 Hoteltreppe hinaufeilte.Er sah mich flüchtig
229 2051 2439 2194 an, aber erst am Geländer des ersten Stock-
226 2203 2333 2352 werks blieb er stehen und da die Treppe
170 2327 2488 2510 sich eben im rechten Winkel umbog, so mussten
208 2491 2349 2637 unsere Blicke sich begegnen. Er lächelte
180 2659 2380 2776 nicht, ja, mir schien eher, dass sein Gesicht
155 2814 2476 2935 sich verdüsterte und ich war bewegt wie noch
927 2916 1481 3015 Tretien un
161 2885 2464 3161 nie Öplötzlich hatte das Leben einen Sinn er-
195 3080 2324 3297 halten Traumverloren lag ich den ganzen
837 3220 1370 3340 me inepein
152 3251 2556 3421 Tag am Strand. Wenn er mich riefe, so wüsst ich,
139 3427 2591 3579 wäre ich verloren. (Aber was war vorloren für ein
195 3567 2491 3762 törichtes Wort. War ich's nicht schon?) Zu al¬
136 3712 2569 3966 lem glaubt ich mich bereit. Dich, das Kind, meine
5190 195 5398 350 1
3449 583 5624 778 Zukunft hinzugeben glaubt ich mich sagut
4586 682 6015 846 jusgleich - wird dieses verolete!
3455 765 5730 930 wie entschlossen. Und doch warst du mir zu
3461 914 5745 1091 gleich teuerer als je. Gerade an diesemNach¬
5184 1032 5742 1150 gleich zu, zu
3430 1038 5680 1274 mittag, du musst es noch wissen, haben wir so
3461 1221 5739 1382 vertraut über tausend Dinge, ja selbst übst
3455 1382 5947 1543 unsere Zukunft und über das Kind geplaudert
4592 1497 5011 1605 net dabe
3446 1552 5816 1748 wie schon lange nicht xxx und ich dachte an ihn.
5008 1642 5615 1788 1, die wiedert
3449 1735 5832 1853 Bei Sonnenuntergang sassen wir auf demBalkon,
3449 1825 5739 2042 ger ging vorüber unten am strahd (ohnemich zu
4846 1968 5156 2076 aile of
3449 1965 5680 2169 sehen. Ich war beglückt. Und ich strich dir
3446 2203 5823 2299 über die stirn und küsste dich aufs Haar, denn
4313 2281 6129 2414 - Mais de je - durch so nil hulle - respect
3449 2330 5816 2445 ich liebte dich, mit einem unendlichen Mitleid.
4227 2448 4475 2544 Kne
3440 2454 5776 2690 Am Abend (beim Souper war ich sehr schön,lich
3449 2646 5717 2832 glaube sogar)du hast es mir gesagt=und trug
3390 2807 5736 2935 eine weisse Rose im Gürtel. Es war vielleicht
3449 2959 5823 3105 kein Zufall, dass der Fremde mit seinen Freun-
3384 3108 5823 3251 den in uns erer Nähe sass. Aber er blickte mich
3433 3232 5823 3412 kaum an. Und ich dachte: Wie wird das nun wei-
3449 3402 5788 3579 ter werden? Und ich spielte mit dem Gedanken
4186 3523 4884 3626 and in the
3443 3607 5823 3765 auf zustehen, (vor ihn hinzutreten) und ihm zu sa¬
3402 3728 5838 3892 gen:Da bin ich, mein Erwarteter, mei Geliebter!
3718 3827 4385 3948 [illegible]
3446 3895 5581 4069 In diesem Augenblick brachte man ihmdas
