6968 4392
342 532 3051 899 du désirée de deux d    sont un
368 743 3139 1118 but 8 A 31..... viell.. dieacklage.
404 929 3332 1307 Ueben von den Tage Plückenow.
870 1143 3102 1464 Je m de travail ? Ils lait keux pour
368 1311 575 1529 J
390 1336 3037 1675 Haare was a j u laissen.....  Opaalio in
867 1427 1223 1533 wegen
335 1566 2702 1912 sich wiederliche Eride Bet gewesen.
452 1664 3252 2086 Trubleschallell a Kopf. Nein.
477 1930 3051 2323 but Collegium ist him
590 2254 3055 2633 N. N. W. & L.D.
437 2312 674 2483 de
484 2451 3030 2858 jeglaubt. de bleible Guinne.
470 2662 2596 3033 dich zu nachblatten. Zeit.
553 2844 3142 3204 heit, bleibt zuvielangt an, den ich
561 3022 2869 3361 sisam... sich teill. „Kriegst“
630 3324 961 3507 ot
604 3324 3015 3736 keit gut; – auf wohl um den Lein
572 3579 2971 3849 [illegible] I am
910 3732 2906 4104 hoffe das ließere in einem
6463 291 6758 466 18a
3980 262 6613 604 Trennure.. die... jeiten... auf der
3984 535 6704 841 Kleint. an Norschierungss. gestorbe
3925 746 6740 969 not....... Cui juri. Bon. Grinierk
3933 925 6722 1162 Il est herbe nembil de Verment de ses
3936 1136 6518 1391 aujebli Bile. Et. c.est. tout
3936 1314 6583 1606 id.. flicht. gekommt: - in einem
3874 1526 6656 1821 mit interessire.. ob nur Veräfstiert
3998 1693 6318 1992 - - Siicintum ƒryk.. Adler
3943 1893 6627 2145 Kr Jückl.. da wenn in Not Siebtmann.
5283 2079 6125 2228 mind - you
3954 2141 6711 2389 ihneth F u. als wobei  jat en clou
3965 2327 6438 2596 her Tillabri jurete Chaneble
3947 2494 4646 2709 wird
3991 2618 6594 2920 Adle dutet wil können die heimordl.
3947 2877 6532 3124 selbe) zugefangen auf Türbln.... Ursichten
3929 3030 5913 3310 Liete " ja " Eine " Rachwollehre
4093 3223 6471 3517 Tint. verneint du anverlin. Re¬
4027 3470 6361 3700 Wm. 4. Silbermord. halten die
3980 3678 6234 3878 wensch nicht dasjenigste ja sich
