6728 4424
953 737 1329 945 G.H.F.P.P
605 922 1685 1067 in seggen eikme ei
510 992 1798 1265 1 pn0 aiea ni mella xxx
572 1203 1615 1407 re pas b.t.ss oder R. asb.
505 1396 1649 1494 aigemie i giiklgno
500 1538 1651 1698 mais omidredi A ej lo¬
577 1641 1744 1824 1 f. 1 d j.e. o.d. mai nedem¬
750 1816 1608 2007 31 Jndolato V.xxx
732 1948 1682 2151 ciea fiddid oJlymsby
714 2128 1615 2324 hinn entjnd A.
750 2275 1494 2450 daw. gegauf komme
755 2437 1595 2633 Tidl.ogw fladndam
696 2587 1553 2757 amiea binn fenntö
647 2726 1229 2921 17.eia an
750 2896 1345 3089 eib, mijne
696 3053 1752 3233 G.C.H.F.H nr. r.e.
595 3177 1788 3390 Gegenstav monei!
665 3347 1716 3537 door neaml. daliszöfl
587 3481 1847 3661 i.ma illimse ein eim
2445 3599 2597 3792 11
605 3648 1561 3841 tH mied als milob
605 3803 1564 4014 InA aus einigenen
5529 90 5745 312 it.
3854 124 4364 273 8/5 1 5 12
4439 85 4864 263 1551
5583 508 6247 678 from A 133
5047 564 5268 739 fortr
4225 623 6278 894 wort in einer unheimlichen fremden Art.
4215 840 6162 1036 Erschreckt rief Fridolin sie nochmals
4230 956 6265 1180 und lauter an. Mühselig öffnete sie die
4235 1090 6260 1340 Augen, blickte starr (as man ihm als er¬
4228 1239 6291 1458 kenne sie ihn nicht. „Albertina“ „rief er
4261 1407 6314 1608 zum dritten Mal. Nun erst schien sie ihn
4295 1577 5261 1685 1. d. zu beziemen ist, u. is -/
4261 1541 6289 1757 zu erkennen, ein Ausdruck des Entsitzens
4253 1695 6291 1919 trat in ihr Auge ; wie abwehrend breitete
4253 1896 6325 2064 sie die Arme empor, ihr Mund blieb geöff-
4264 2074 6294 2244 net. „Was ist dir?” fragte Fridbbin.Und,
4277 2159 6278 2378 da sie immer noch stumm und fremd ihn
4277 2319 6325 2571 anstarrte, fügte er hinzu:-leh bin’s“.Sie
4274 2517 6327 2687 atmete tief,versuchte ein Lächeln, dann,
4707 2633 5523 2749 nu en doit tuée.
4284 2656 6343 2898 mühsam fragte sie: „Ist es schon Morgen?“
4307 2775 6345 3022 „Bald“,erwiderte Fridolin,„ vier Uhr vo-
4307 2927 6361 3187 rüber. Eben erst bin ich nachhause gekom-
4300 3099 6343 3329 men. Sie schwieg.Er fuhr fort. Der Hof-
4318 3249 6374 3455 rat ist tot.Er lag schon im Sterbenmals
4305 3421 6325 3620 ich kam(es war nichts mehr zu machen.—)
4313 3555 6229 3761 Und ich konnte — die Hinterbliebenen
4326 3741 5797 3942 nicht gleich allein lassen.
