6728 4440
4850 226 5101 363 ..
3495 266 3901 458 15/2. 23.
4130 403 4609 641 Et 1.
2555 440 2769 595 188
1490 531 2454 696 do n'est toutes les valeurs
4054 537 6276 791 sichs von alle zu erobern, alle xxx besitzen,
806 610 2967 784 von dem maus,aus dem er kam. Einen Moment
4081 684 6181 968 die ihn in dieser Nacht verlockt,die al-
1789 720 2814 842 der wis nachtheile
830 766 2915 949 lang lockte es ihn die Gasse, das Haus zu
4093 836 6291 1117 le für ihn bereit gewesen waren, wenn er
1761 891 2262 1038 de Havre.
830 900 2970 1145 suchen,in der Nähe Aufstellung zu nehmen,
4096 1029 6282 1291 den möchten Mat gehabt. Er schwor sich zu,
4362 1062 4661 1142 G. A.
1026 1090 1224 1184 arr
824 1056 2995 1252 und der weiteren Dinge zu harren. Er liess
4115 1102 6261 1404 nicht zu ruhen, ehe er das schöne Weib wie-
1108 1175 2927 1334 kann erfort b, in der Erwägung, daß sich
836 1255 2943 1401 den Gedanken gle ich wieder fahren,er/hät-
4121 1316 6291 1575 dergefunden,deren bleiche Nacktheit ihn be
2201 1343 2433 1444 hath
1462 1374 1734 1474 shlimst.
5949 1395 6169 1499 sich.
849 1383 2854 1636 te sich in Gefahr begeben/und wäre der
4707 1459 5397 1581 glerblicik qui
4124 1471 6102 1719 rauscht hatte; er war/entschlossen/die
5824 1529 6313 1651 bemittige
855 1514 3016 1725 Lösung des Rätsels doch nicht näher gekom¬
4139 1621 6230 1871 Pierette aus der Maskenleihanstalt zu ho
1023 1706 1218 1819 part
852 1648 2906 1941 men. Die Vorstellung von den Dingen die
4139 1789 6267 2024 len, ob sie nun wahnsinnig war oder nicht.
1123 1838 1633 1947 uns du fleut
849 1807 2900 2030 sich jetzt in der Villa begeben mochten,
4158 1877 6288 2189 er fühlte, dass er auch auf das arme Dirn-
861 1954 2909 2192 erfüllte ihn mit Grimm und ohnmächtiger
4151 2085 6303 2329 chen auf alle Gefahr hin nicht verzichten
1300 2118 2442 2253 à Crugé (Er beobseite, dass
870 2118 3092 2332 Verzweiflung. Warum hatte ihn de Strolch
4542 2219 5388 2341 in beenden freil.
4167 2247 6273 2457 dürfe, er fraute sich darauf Marianne zu
1450 2268 2662 2387 sate   ƒ
400 2192 775 2427 E.A.R
879 2311 2952 2485 nicht angefallen? Warum lager, Fridolin,
4182 2399 6160 2616 verführen und ihrenbraven Brüutigam zu
1850 2421 2405 2552 Je ferait
354 2381 754 2601 A by
4994 2463 6310 2631 du bien c'est voible à ce butin.
873 2415 2927 2634 nicht mit einem Messerstich zwischenden
4188 2555 6071 2824 übertölpeln - und es war ihm auch, als
870 2567 2967 2805 Rippen an einer Planke in der verlorenen
3724 2622 6194 2998 Avitie hätte er Ahertine erst zu erobern, als
4747 2723 4915 2799 in it
891 2723 3010 2967 Gasse. So hätte diese unsinnige Nacht mit
4212 2854 6203 3092 wäre sie erst wirklich wieder sein, als
1517 2897 2155 3007 halben Lippin
891 2885 2927 3095 all ihren unvollendeten Abenteuern doch
4228 3019 6303 3245 dürfte sich nicht früher wieder sein wer
4588 3043 4786 3117 ne
891 3062 2891 3251 endlich eine Art von sinn bekommen.Er
4243 3184 6172 3385 den, ehe er sie mit all den Andern von
888 3187 3010 3413 schämte sich vor sich selbst heimzukehren
5525 3257 5681 3367 habe
4817 3297 5449 3407 hunterjours
4209 3309 6248 3571 heute Nacht betragen. Und das Wichtigste
904 3342 2982 3565 und es blieb ihm (doch am Ende) nichts an-
992 3400 1248 3504 Ame
4649 3495 5049 3571 wai¬
4881 3474 6230 3690 dem, den Studenten musste
894 3513 2933 3739 dares übrig. Aber es war ja nichts ver-
4252 3547 4896 3697 beinahe von
4289 3626 4896 3764 sindis si ces
4228 3599 6258 3880 xxxder ihn in der Nacht ange¬
907 3648 2891 3929 loren, und er traumte davon, er nahm
