3384 4376
182 371 2749 739 Uebere... Oben nicht zu mir wie-
198 666 2560 928 dee is ball with and not in. C.
285 870 2659 1146 gert, in- u sibr. aufd Rev.
1437 1110 2608 1322 and a be Plag
243 1139 1053 1456 chef geb
1110 1254 2598 1453 & - up in Rarlon
1507 1414 1987 1590 -be, to
374 1478 2589 1734 gelegt – Sie ich in eich.
330 1718 2464 1965 me wes leeuches befor in
288 1917 2458 2234 ren Sibereil; - de rien - Mr.
336 2234 2576 2454 sye will damit...  A cet
374 2419 2458 2730 weil, auf d Rm nat e-
400 2682 2208 2979 chez a leef en part.
387 2902 2157 3242 Hotel Dankfuhr
323 3168 2323 3488 d a Perié, xxx
330 3398 2310 3706 in Amt eifert, al in ei u
368 3642 2195 3952 de befugt, ich zu beart..
2982 282 3082 419 4
