<?xml version="1.0" encoding="UTF-8" standalone="yes"?>
<PcGts xmlns="http://schema.primaresearch.org/PAGE/gts/pagecontent/2013-07-15" xmlns:xsi="http://www.w3.org/2001/XMLSchema-instance" xsi:schemaLocation="http://schema.primaresearch.org/PAGE/gts/pagecontent/2013-07-15 http://schema.primaresearch.org/PAGE/gts/pagecontent/2013-07-15/pagecontent.xsd">
    <Metadata>
        <Creator>prov=READ-COOP:name=TrHtr:version=2.1.0:model_id=51170:date=14_08_2023_13:19</Creator>
        <Created>2023-05-10T14:19:16.633+02:00</Created>
        <LastChange>2023-08-14T13:19:13.892+02:00</LastChange>
        <TranskribusMetadata docId="1428611" pageId="55418806" pageNr="130" tsid="132803020" status="IN_PROGRESS" userId="64420" imgUrl="https://files.transkribus.eu/Get?id=MRTAAJWHQFAAJSTCWZSLLHLF&amp;fileType=view" xmlUrl="https://files.transkribus.eu/Get?id=IIRBLHFSFSASLJCOYUETRDYV" imageId="44692910"/>
    </Metadata>
    <Page imageFilename="1428611_0130.jpg" imageWidth="6984" imageHeight="4472">
        <ReadingOrder>
            <OrderedGroup id="ro_1711787401302" caption="Regions reading order">
                <RegionRefIndexed index="0" regionRef="tr_2"/>
                <RegionRefIndexed index="1" regionRef="tr_1"/>
            </OrderedGroup>
        </ReadingOrder>
        <TextRegion id="tr_2" custom="readingOrder {index:0;}">
            <Coords points="394,726 3242,726 3242,4153 394,4153"/>
            <TextLine id="tr_2_tl_1" custom="readingOrder {index:0;}">
                <Coords points="546,952 1607,938 2320,795 2866,877 2928,635 2727,717 2068,659 549,819"/>
                <Baseline points="567,877 603,871 692,859 782,859 871,853 961,847 1050,847 1140,847 1229,847 1319,835 1409,829 1498,817 1588,817 1677,806 1767,806 1856,806 1946,794 2035,794 2125,788 2215,788 2304,788 2394,782 2483,788 2573,788 2662,788 2752,782 2842,782 2931,776"/>
                <TextEquiv>
                    <Unicode>ich wol er fügte u bei mit.. ob</Unicode>
                </TextEquiv>
            </TextLine>
            <TextLine id="tr_2_tl_2" custom="readingOrder {index:1;}">
                <Coords points="375,1078 2181,1089 2716,1010 2727,877 2392,935 2034,863 1017,1041 382,962"/>
                <Baseline points="394,1080 400,1080 489,1086 579,1086 668,1086 758,1080 847,1080 937,1074 1026,1074 1116,1068 1206,1056 1295,1050 1385,1044 1474,1032 1564,1032 1653,1026 1743,1020 1832,1015 1922,1009 2012,997 2101,985 2191,985 2280,979 2370,979 2459,973 2549,967 2639,967 2728,967"/>
                <TextEquiv>
                    <Unicode>de lui. n'y irrher. osde ageu</Unicode>
                </TextEquiv>
            </TextLine>
            <TextLine id="tr_2_tl_3" custom="readingOrder {index:2;}">
                <Coords points="1392,1177 1539,1235 1676,1130 1781,1170 1822,1140 1904,1147 1911,1037 1815,1068 1774,1048 1696,1068 1672,1044 1624,1044 1502,1106 1481,1085 1450,1106 1399,1089"/>
                <Baseline points="1415,1134 1468,1134 1558,1134 1647,1128 1737,1116 1827,1110 1916,1104"/>
                <TextEquiv>
                    <Unicode>-</Unicode>
                </TextEquiv>
            </TextLine>
            <TextLine id="tr_2_tl_4" custom="readingOrder {index:3;}">
                <Coords points="433,1389 1058,1310 1464,1368 2102,1205 2907,1266 2918,1092 2508,1027 2320,1167 444,1222"/>
                <Baseline points="459,1313 501,1313 591,1307 680,1307 770,1307 859,1301 949,1295 1038,1289 1128,1283 1218,1277 1307,1265 1397,1259 1486,1247 1576,1235 1665,1223 1755,1218 1844,1212 1934,1200 2024,1194 2113,1188 2203,1194 2292,1194 2382,1194 2471,1188 2561,1194 2650,1194 2740,1194 2830,1194 2919,1194"/>
                <TextEquiv>
                    <Unicode>Wer. da in zu Schiass an Teilen.</Unicode>
                </TextEquiv>
            </TextLine>
            <TextLine id="tr_2_tl_5" custom="readingOrder {index:4;}">
                <Coords points="1891,1324 1925,1317 1942,1334 2007,1314 2030,1334 2065,1314 2088,1331 2109,1321 2143,1327 2143,1201 2044,1225 2024,1211 1925,1276 1891,1273"/>
                <Baseline points="1910,1307 2000,1307 2089,1301 2149,1307"/>
                <TextEquiv>
                    <Unicode>nt.</Unicode>
                </TextEquiv>
            </TextLine>
            <TextLine id="tr_2_tl_6" custom="readingOrder {index:5;}">
                <Coords points="454,1621 1945,1447 2744,1525 2914,1491 2921,1338 1716,1317 1283,1454 1034,1372 799,1484 461,1471"/>
                <Baseline points="477,1528 507,1534 597,1534 686,1528 776,1522 865,1516 955,1498 1044,1498 1134,1492 1223,1486 1313,1474 1403,1468 1492,1462 1582,1456 1671,1456 1761,1450 1850,1444 1940,1444 2030,1444 2119,1444 2209,1438 2298,1432 2388,1432 2477,1432 2567,1438 2656,1438 2746,1444 2836,1444 2925,1444"/>
                <TextEquiv>
                    <Unicode>t.  Un in een bies Hole. soll ich</Unicode>
                </TextEquiv>
            </TextLine>
            <TextLine id="tr_2_tl_7" custom="readingOrder {index:6;}">
                <Coords points="433,1747 918,1833 2259,1716 3061,1792 3068,1563 2290,1638 1976,1560 1774,1652 1379,1522 1184,1631 611,1600 437,1710"/>
                <Baseline points="453,1737 477,1737 567,1731 656,1731 746,1725 835,1719 925,1719 1015,1719 1104,1713 1194,1713 1283,1707 1373,1701 1462,1701 1552,1695 1641,1701 1731,1701 1821,1701 1910,1707 2000,1707 2089,1695 2179,1689 2268,1683 2358,1671 2447,1665 2537,1671 2627,1671 2716,1683 2806,1683 2895,1683 2985,1683 3074,1683"/>
                <TextEquiv>
                    <Unicode>heut fait ci P oogift ..   .4.45</Unicode>
                </TextEquiv>
            </TextLine>
            <TextLine id="tr_2_tl_8" custom="readingOrder {index:7;}">
                <Coords points="420,2075 1392,1938 1662,2013 2078,1904 2829,1959 2836,1792 2488,1737 2099,1853 1638,1785 427,1908"/>
                <Baseline points="441,2000 507,1994 597,1988 686,1982 776,1970 865,1964 955,1952 1044,1946 1134,1940 1223,1934 1313,1928 1403,1922 1492,1916 1582,1910 1671,1916 1761,1916 1850,1916 1940,1916 2030,1910 2119,1904 2209,1898 2298,1898 2388,1892 2477,1892 2567,1892 2656,1898 2746,1904 2836,1910"/>
                <TextEquiv>
                    <Unicode>just doll et it in Henry's home.</Unicode>
                </TextEquiv>
            </TextLine>
            <TextLine id="tr_2_tl_9" custom="readingOrder {index:8;}">
                <Coords points="594,2225 1416,2167 2078,2232 2399,2102 2791,2167 2897,2034 2276,1986 2000,2085 1484,1989 601,2071"/>
                <Baseline points="614,2215 662,2209 752,2191 841,2185 931,2179 1020,2173 1110,2173 1200,2161 1289,2155 1379,2149 1468,2143 1558,2137 1647,2137 1737,2137 1827,2143 1916,2137 2006,2131 2095,2125 2185,2119 2274,2113 2364,2107 2453,2101 2543,2095 2633,2095 2722,2095 2812,2101 2901,2101"/>
                <TextEquiv>
                    <Unicode>a Fr.... En Fr. de ceci de noue</Unicode>
                </TextEquiv>
            </TextLine>
            <TextLine id="tr_2_tl_10" custom="readingOrder {index:9;}">
                <Coords points="488,2443 2426,2423 2808,2379 2815,2215 1969,2215 1867,2286 1157,2228 839,2355 495,2283"/>
                <Baseline points="507,2418 573,2418 662,2418 752,2418 841,2412 931,2406 1020,2394 1110,2388 1200,2382 1289,2382 1379,2376 1468,2382 1558,2382 1647,2382 1737,2382 1827,2382 1916,2376 2006,2376 2095,2376 2185,2376 2274,2364 2364,2358 2453,2358 2543,2352 2633,2346 2722,2346 2812,2340"/>
                <TextEquiv>
                    <Unicode>Bave N. ail yee Tage dort en</Unicode>
                </TextEquiv>
            </TextLine>
            <TextLine id="tr_2_tl_11" custom="readingOrder {index:10;}">
                <Coords points="809,2525 1112,2590 1249,2535 1665,2566 1891,2542 1891,2426 1778,2467 1631,2409 1505,2419 1413,2467 1307,2413 809,2477"/>
                <Baseline points="829,2525 913,2525 1003,2519 1092,2519 1182,2519 1271,2531 1361,2525 1450,2525 1540,2525 1629,2525 1719,2525 1809,2519 1898,2519"/>
                <TextEquiv>
                    <Unicode>ceg auffall but it</Unicode>
                </TextEquiv>
            </TextLine>
            <TextLine id="tr_2_tl_12" custom="readingOrder {index:11;}">
                <Coords points="427,2706 1058,2648 1897,2768 2406,2669 2948,2699 2948,2549 1976,2641 1075,2621 819,2522 427,2607"/>
                <Baseline points="447,2668 537,2668 626,2668 716,2650 806,2639 895,2639 985,2644 1074,2650 1164,2668 1253,2668 1343,2668 1432,2668 1522,2674 1612,2674 1701,2680 1791,2680 1880,2674 1970,2674 2059,2674 2149,2668 2238,2662 2328,2662 2418,2662 2507,2656 2597,2656 2686,2650 2776,2650 2865,2644 2955,2644"/>
                <TextEquiv>
                    <Unicode>we do it sent in 9 in Byh</Unicode>
                </TextEquiv>
            </TextLine>
            <TextLine id="tr_2_tl_13" custom="readingOrder {index:12;}">
                <Coords points="648,2836 710,2863 761,2829 771,2836 788,2819 833,2836 863,2832 880,2716 843,2713 826,2727 816,2713 781,2706 775,2692 737,2713 720,2703 689,2716 669,2710"/>
                <Baseline points="674,2800 704,2788 794,2776 883,2764"/>
                <TextEquiv>
                    <Unicode>1nd</Unicode>
                </TextEquiv>
            </TextLine>
            <TextLine id="tr_2_tl_14" custom="readingOrder {index:13;}">
                <Coords points="505,2979 945,2884 1256,2983 1508,2884 2000,2945 2201,2863 3010,2945 3037,2771 2522,2808 2027,2710 1560,2832 904,2768 508,2836"/>
                <Baseline points="525,2913 537,2913 626,2901 716,2895 806,2889 895,2883 985,2883 1074,2883 1164,2877 1253,2877 1343,2877 1432,2877 1522,2883 1612,2889 1701,2883 1791,2883 1880,2883 1970,2877 2059,2865 2149,2865 2238,2859 2328,2859 2418,2859 2507,2853 2597,2859 2686,2865 2776,2865 2865,2871 2955,2877 3045,2877"/>
                <TextEquiv>
                    <Unicode>in sum., de man Thor wis Henskut</Unicode>
                </TextEquiv>
            </TextLine>
            <TextLine id="tr_2_tl_15" custom="readingOrder {index:14;}">
                <Coords points="495,3119 826,3081 1065,3191 3201,3122 3238,2921 495,3000"/>
                <Baseline points="513,3092 603,3086 692,3074 782,3068 871,3062 961,3062 1050,3062 1140,3062 1229,3062 1319,3068 1409,3068 1498,3068 1588,3074 1677,3074 1767,3074 1856,3068 1946,3062 2035,3062 2125,3062 2215,3056 2304,3050 2394,3050 2483,3050 2573,3050 2662,3056 2752,3062 2842,3068 2931,3074 3021,3080 3110,3086 3200,3092 3242,3092"/>
                <TextEquiv>
                    <Unicode>a et débuté oulief..  "    u Hotel pétrine.</Unicode>
                </TextEquiv>
            </TextLine>
            <TextLine id="tr_2_tl_16" custom="readingOrder {index:15;}">
                <Coords points="863,3331 1385,3273 1621,3354 1993,3337 2143,3256 2781,3334 2993,3303 2996,3150 2515,3191 2344,3099 1774,3211 1235,3140 863,3245"/>
                <Baseline points="883,3319 937,3313 1026,3307 1116,3283 1206,3271 1295,3271 1385,3271 1474,3271 1564,3271 1653,3277 1743,3271 1832,3271 1922,3265 2012,3259 2101,3253 2191,3253 2280,3248 2370,3248 2459,3242 2549,3248 2639,3248 2728,3248 2818,3248 2907,3253 2997,3271"/>
                <TextEquiv>
                    <Unicode>3. 4 lit. pour pide tout d</Unicode>
                </TextEquiv>
            </TextLine>
            <TextLine id="tr_2_tl_17" custom="readingOrder {index:16;}">
                <Coords points="505,3515 942,3593 1365,3505 2024,3552 2699,3471 2764,3378 2252,3327 2020,3430 1699,3341 1143,3467 949,3399 508,3433"/>
                <Baseline points="525,3504 531,3510 620,3510 710,3510 800,3510 889,3504 979,3498 1068,3498 1158,3498 1247,3492 1337,3492 1426,3492 1516,3492 1606,3486 1695,3486 1785,3486 1874,3480 1964,3468 2053,3462 2143,3462 2233,3462 2322,3456 2412,3451 2501,3451 2591,3451 2680,3445 2770,3451"/>
                <TextEquiv>
                    <Unicode>and is- nous jehme ici,</Unicode>
                </TextEquiv>
            </TextLine>
            <TextLine id="tr_2_tl_18" custom="readingOrder {index:17;}">
                <Coords points="478,3730 1682,3726 1843,3795 2764,3699 2768,3532 1686,3665 1249,3563 887,3668 481,3624"/>
                <Baseline points="495,3707 531,3707 620,3707 710,3713 800,3719 889,3713 979,3707 1068,3707 1158,3701 1247,3701 1337,3695 1426,3695 1516,3701 1606,3701 1695,3701 1785,3695 1874,3695 1964,3689 2053,3683 2143,3677 2233,3671 2322,3665 2412,3665 2501,3659 2591,3659 2680,3654 2770,3654"/>
                <TextEquiv>
                    <Unicode>in en 8 til krgens. Zu zu bewust</Unicode>
                </TextEquiv>
            </TextLine>
            <TextLine id="tr_2_tl_19" custom="readingOrder {index:18;}">
                <Coords points="880,3986 1205,3976 1276,3907 1795,3965 2174,3877 2539,3945 2918,3900 2921,3802 2423,3716 1382,3863 1205,3778 887,3812"/>
                <Baseline points="901,3928 955,3922 1044,3922 1134,3910 1223,3910 1313,3910 1403,3904 1492,3904 1582,3904 1671,3898 1761,3886 1850,3880 1940,3880 2030,3874 2119,3874 2209,3868 2298,3868 2388,3862 2477,3862 2567,3862 2656,3857 2746,3857 2836,3851 2925,3851"/>
                <TextEquiv>
                    <Unicode>et Jei en  Aar Vugesten</Unicode>
                </TextEquiv>
            </TextLine>
            <TextLine id="tr_2_tl_20" custom="readingOrder {index:19;}">
                <Coords points="614,4150 1706,4218 2280,4088 2791,4109 2928,4075 2935,3894 618,4068"/>
                <Baseline points="632,4125 698,4131 788,4137 877,4137 967,4143 1056,4143 1146,4143 1235,4137 1325,4131 1415,4137 1504,4131 1594,4125 1683,4119 1773,4119 1862,4113 1952,4107 2041,4107 2131,4101 2221,4095 2310,4089 2400,4083 2489,4083 2579,4077 2668,4077 2758,4077 2847,4071 2937,4065"/>
                <TextEquiv>
                    <Unicode>" u Stell aufgef. wer... Al. Teer.</Unicode>
                </TextEquiv>
            </TextLine>
        </TextRegion>
        <TextRegion id="tr_1" custom="readingOrder {index:1;}">
            <Coords points="3725,541 6478,541 6478,3872 3725,3872"/>
            <TextLine id="tr_1_tl_1" custom="readingOrder {index:0;}">
                <Coords points="3720,730 4167,624 4552,723 4897,631 6071,655 6071,508 5784,457 4586,515 3720,430"/>
                <Baseline points="3737,591 3827,597 3916,603 4006,603 4095,597 4185,597 4274,597 4364,591 4454,597 4543,597 4633,603 4722,609 4812,609 4901,614 4991,620 5081,620 5170,620 5260,614 5349,609 5439,609 5528,609 5618,603 5707,603 5797,597 5887,603 5976,609 6066,614 6078,614"/>
                <TextEquiv>
                    <Unicode>me a biffle, trine F-.M'a</Unicode>
                </TextEquiv>
            </TextLine>
            <TextLine id="tr_1_tl_2" custom="readingOrder {index:1;}">
                <Coords points="6296,730 6385,737 6429,764 6484,744 6446,444 6395,464 6310,539 6293,522 6272,526"/>
                <Baseline points="6299,603 6388,609 6478,626"/>
                <TextEquiv>
                    <Unicode>Z</Unicode>
                </TextEquiv>
            </TextLine>
            <TextLine id="tr_1_tl_3" custom="readingOrder {index:2;}">
                <Coords points="3761,918 4504,880 4784,952 4948,853 5255,966 5545,863 6095,853 6095,645 3761,754"/>
                <Baseline points="3779,829 3868,829 3958,829 4048,829 4137,829 4227,823 4316,823 4406,823 4495,823 4585,823 4675,829 4764,835 4854,835 4943,841 5033,835 5122,835 5212,835 5301,835 5391,835 5481,835 5570,829 5660,829 5749,829 5839,829 5928,835 6018,829 6101,835"/>
                <TextEquiv>
                    <Unicode>hat wohl meint auffallen, den</Unicode>
                </TextEquiv>
            </TextLine>
            <TextLine id="tr_1_tl_4" custom="readingOrder {index:3;}">
                <Coords points="3784,1099 4180,1044 5122,1143 5829,1075 6115,1170 6108,949 5992,938 5375,887 5262,962 4522,925 4310,993 3958,891 3781,952"/>
                <Baseline points="3803,1032 3892,1044 3982,1044 4071,1044 4161,1044 4251,1038 4340,1038 4430,1038 4519,1044 4609,1044 4698,1044 4788,1050 4878,1056 4967,1062 5057,1068 5146,1074 5236,1074 5325,1068 5415,1068 5504,1074 5594,1074 5684,1080 5773,1080 5863,1074 5952,1080 6042,1086 6119,1104"/>
                <TextEquiv>
                    <Unicode>I am Sir he had a</Unicode>
                </TextEquiv>
            </TextLine>
            <TextLine id="tr_1_tl_5" custom="readingOrder {index:4;}">
                <Coords points="3754,1307 4825,1358 5327,1273 5917,1368 6122,1314 6122,1164 5808,1078 5644,1147 5351,1089 4996,1177 4580,1102 4105,1205 3754,1177"/>
                <Baseline points="3773,1259 3862,1259 3952,1259 4042,1259 4131,1259 4221,1259 4310,1259 4400,1253 4489,1253 4579,1253 4669,1253 4758,1247 4848,1253 4937,1259 5027,1265 5116,1265 5206,1265 5295,1265 5385,1259 5475,1259 5564,1259 5654,1253 5743,1253 5833,1253 5922,1253 6012,1253 6101,1259 6131,1265"/>
                <TextEquiv>
                    <Unicode>cret. defs. Ra 5. Un tt.</Unicode>
                </TextEquiv>
            </TextLine>
            <TextLine id="tr_1_tl_6" custom="readingOrder {index:5;}">
                <Coords points="3747,1498 4399,1577 4989,1515 5119,1590 5709,1522 6088,1631 6088,1338 5627,1351 5395,1454 4180,1314 3747,1416"/>
                <Baseline points="3767,1456 3857,1462 3946,1462 4036,1468 4125,1468 4215,1468 4304,1468 4394,1468 4483,1468 4573,1474 4663,1474 4752,1474 4842,1474 4931,1480 5021,1486 5110,1480 5200,1486 5289,1492 5379,1486 5469,1480 5558,1474 5648,1474 5737,1474 5827,1474 5916,1480 6006,1486 6096,1492"/>
                <TextEquiv>
                    <Unicode>ihm klofft der Herr, und der seit</Unicode>
                </TextEquiv>
            </TextLine>
            <TextLine id="tr_1_tl_7" custom="readingOrder {index:6;}">
                <Coords points="3703,1764 5986,1812 5989,1542 5573,1556 5351,1655 5214,1570 4163,1645 3866,1556 3706,1628"/>
                <Baseline points="3725,1725 3815,1725 3904,1719 3994,1707 4083,1707 4173,1713 4263,1713 4352,1713 4442,1713 4531,1707 4621,1707 4710,1707 4800,1707 4889,1707 4979,1713 5069,1707 5158,1707 5248,1713 5337,1707 5427,1707 5516,1707 5606,1701 5695,1707 5785,1713 5875,1713 5964,1719 5994,1725"/>
                <TextEquiv>
                    <Unicode>bebt i u H0s......Bn 5..  the</Unicode>
                </TextEquiv>
            </TextLine>
            <TextLine id="tr_1_tl_8" custom="readingOrder {index:7;}">
                <Coords points="3842,1993 4740,2007 4975,1911 5364,1986 5538,1901 5740,2013 6047,1996 6050,1805 5692,1764 3846,1839"/>
                <Baseline points="3862,1934 3904,1934 3994,1928 4083,1928 4173,1922 4263,1922 4352,1922 4442,1922 4531,1916 4621,1916 4710,1910 4800,1910 4889,1904 4979,1904 5069,1898 5158,1898 5248,1904 5337,1904 5427,1904 5516,1904 5606,1898 5695,1898 5785,1904 5875,1910 5964,1916 6054,1922"/>
                <TextEquiv>
                    <Unicode>wirhalt... d. a. Blaethole.</Unicode>
                </TextEquiv>
            </TextLine>
            <TextLine id="tr_1_tl_9" custom="readingOrder {index:8;}">
                <Coords points="3911,2218 4634,2126 6303,2269 6303,1986 5951,2085 5610,1993 5109,2071 4863,1962 4191,2092 3911,2030"/>
                <Baseline points="3928,2113 4018,2137 4107,2137 4197,2137 4286,2137 4376,2131 4466,2131 4555,2131 4645,2125 4734,2119 4824,2119 4913,2113 5003,2113 5092,2119 5182,2119 5272,2119 5361,2113 5451,2113 5540,2113 5630,2113 5719,2113 5809,2119 5898,2125 5988,2131 6078,2143 6167,2155 6257,2155 6310,2161"/>
                <TextEquiv>
                    <Unicode>I. wild? has n'jetei wusentt.</Unicode>
                </TextEquiv>
            </TextLine>
            <TextLine id="tr_1_tl_10" custom="readingOrder {index:9;}">
                <Coords points="3880,2372 4245,2440 4528,2361 5446,2426 6129,2375 6129,2297 5917,2201 5293,2314 4904,2242 3880,2280"/>
                <Baseline points="3898,2358 3988,2364 4077,2364 4167,2364 4257,2370 4346,2370 4436,2370 4525,2364 4615,2358 4704,2358 4794,2358 4883,2358 4973,2352 5063,2352 5152,2358 5242,2358 5331,2364 5421,2358 5510,2352 5600,2346 5690,2346 5779,2346 5869,2340 5958,2346 6048,2358 6137,2364"/>
                <TextEquiv>
                    <Unicode>G.C. y d. Blatt unken...</Unicode>
                </TextEquiv>
            </TextLine>
            <TextLine id="tr_1_tl_11" custom="readingOrder {index:10;}">
                <Coords points="4293,2508 4399,2484 4423,2505 4504,2477 4552,2515 4631,2467 4709,2495 4743,2484 4747,2375 4617,2402 4552,2375 4450,2379 4365,2406 4296,2399"/>
                <Baseline points="4316,2477 4394,2477 4483,2471 4573,2471 4663,2465 4752,2471"/>
                <TextEquiv>
                    <Unicode>sal in</Unicode>
                </TextEquiv>
            </TextLine>
            <TextLine id="tr_1_tl_12" custom="readingOrder {index:11;}">
                <Coords points="3819,2628 4218,2597 4365,2672 4590,2587 5037,2682 5344,2583 6044,2672 6272,2621 6272,2460 5747,2542 3819,2529"/>
                <Baseline points="3839,2585 3928,2585 4018,2585 4107,2597 4197,2591 4286,2591 4376,2591 4466,2591 4555,2585 4645,2585 4734,2585 4824,2585 4913,2591 5003,2591 5092,2591 5182,2591 5272,2591 5361,2585 5451,2585 5540,2585 5630,2579 5719,2579 5809,2579 5898,2579 5988,2579 6078,2579 6167,2585 6257,2585 6281,2585"/>
                <TextEquiv>
                    <Unicode>- noch gl Here jegennt in d fa lite.</Unicode>
                </TextEquiv>
            </TextLine>
            <TextLine id="tr_1_tl_13" custom="readingOrder {index:12;}">
                <Coords points="3849,2853 4249,2870 4634,2764 5037,2829 5245,2764 5583,2863 5986,2805 5986,2730 5644,2628 3849,2686"/>
                <Baseline points="3868,2788 3934,2788 4024,2788 4113,2788 4203,2782 4292,2776 4382,2770 4472,2770 4561,2764 4651,2758 4740,2764 4830,2764 4919,2770 5009,2770 5098,2770 5188,2770 5278,2764 5367,2770 5457,2776 5546,2770 5636,2776 5725,2776 5815,2770 5904,2770 5994,2776"/>
                <TextEquiv>
                    <Unicode>gle in Grund Augenblick der Er in</Unicode>
                </TextEquiv>
            </TextLine>
            <TextLine id="tr_1_tl_14" custom="readingOrder {index:13;}">
                <Coords points="4337,2955 4873,2901 4928,2945 4972,2914 5016,2942 5317,2880 5317,2791 5115,2849 4979,2808 4624,2843 4573,2805 4341,2853"/>
                <Baseline points="4358,2901 4430,2895 4519,2889 4609,2889 4698,2889 4788,2895 4878,2901 4967,2895 5057,2889 5146,2883 5236,2877 5325,2871"/>
                <TextEquiv>
                    <Unicode>habe in part of</Unicode>
                </TextEquiv>
            </TextLine>
            <TextLine id="tr_1_tl_15" custom="readingOrder {index:14;}">
                <Coords points="3877,3092 4085,3037 4232,3102 4491,3000 4795,3075 5576,2969 6187,3013 6190,2812 4941,2955 4474,2948 4146,2839 3880,2884"/>
                <Baseline points="3898,2991 3958,3009 4048,3003 4137,3003 4227,3003 4316,2997 4406,3003 4495,2997 4585,2991 4675,2991 4764,2991 4854,2997 4943,2991 5033,2985 5122,2973 5212,2967 5301,2973 5391,2979 5481,2973 5570,2967 5660,2961 5749,2961 5839,2967 5928,2967 6018,2973 6107,2985 6197,2979"/>
                <TextEquiv>
                    <Unicode>feiling, so ae I.H.... ye¬</Unicode>
                </TextEquiv>
            </TextLine>
            <TextLine id="tr_1_tl_16" custom="readingOrder {index:15;}">
                <Coords points="3911,3279 4361,3198 4808,3266 5010,3184 6170,3228 6173,2996 5504,2993 5033,3116 4672,3020 4419,3143 4129,3064 3914,3126"/>
                <Baseline points="3934,3188 3940,3188 4030,3188 4119,3182 4209,3188 4298,3182 4388,3188 4477,3188 4567,3182 4657,3176 4746,3170 4836,3170 4925,3164 5015,3158 5104,3158 5194,3152 5284,3152 5373,3146 5463,3158 5552,3158 5642,3158 5731,3158 5821,3158 5910,3158 6000,3170 6090,3164 6179,3164"/>
                <TextEquiv>
                    <Unicode>sich. Sofort ich in Todolen wie</Unicode>
                </TextEquiv>
            </TextLine>
            <TextLine id="tr_1_tl_17" custom="readingOrder {index:16;}">
                <Coords points="3866,3477 4904,3406 5156,3494 5385,3409 5719,3494 6170,3406 6170,3228 5672,3317 4361,3198 3866,3354"/>
                <Baseline points="3886,3403 3940,3403 4030,3391 4119,3385 4209,3385 4298,3379 4388,3379 4477,3379 4567,3373 4657,3361 4746,3361 4836,3355 4925,3361 5015,3361 5104,3367 5194,3367 5284,3367 5373,3367 5463,3367 5552,3367 5642,3367 5731,3373 5821,3373 5910,3379 6000,3373 6090,3373 6179,3379"/>
                <TextEquiv>
                    <Unicode>in Abord. ...  . .</Unicode>
                </TextEquiv>
            </TextLine>
            <TextLine id="tr_1_tl_18" custom="readingOrder {index:17;}">
                <Coords points="3911,3730 4354,3641 4508,3706 4730,3614 5982,3723 5986,3409 5655,3508 5010,3535 4494,3457 3914,3535"/>
                <Baseline points="3934,3618 4024,3612 4113,3606 4203,3612 4292,3612 4382,3606 4472,3606 4561,3606 4651,3606 4740,3606 4830,3606 4919,3612 5009,3606 5098,3600 5188,3600 5278,3594 5367,3600 5457,3594 5546,3594 5636,3588 5725,3588 5815,3588 5904,3588 5994,3582"/>
                <TextEquiv>
                    <Unicode>is chez August - je n'ai</Unicode>
                </TextEquiv>
            </TextLine>
            <TextLine id="tr_1_tl_19" custom="readingOrder {index:18;}">
                <Coords points="3849,3880 4276,3952 5344,3860 5610,3965 6013,3935 6016,3744 5661,3648 3853,3720"/>
                <Baseline points="3868,3862 3874,3862 3964,3857 4054,3851 4143,3839 4233,3845 4322,3845 4412,3845 4501,3845 4591,3845 4680,3839 4770,3839 4860,3833 4949,3833 5039,3827 5128,3821 5218,3821 5307,3815 5397,3809 5487,3803 5576,3809 5666,3809 5755,3803 5845,3803 5934,3803 6024,3797"/>
                <TextEquiv>
                    <Unicode>dat die davon 4. her and</Unicode>
                </TextEquiv>
            </TextLine>
        </TextRegion>
    </Page>
</PcGts>
