6920 4424
2604 387 2874 549 142
2532 540 2735 719 170
989 632 2910 902 dir ja alles erzählen, aber wie soll
989 841 3005 1053 ich es nur machen, dass du es auch ver¬
1482 961 2810 1081 Es nach an eine hiemit einer ist.
989 1014 2896 1217 stehst). Denn ich erlebte nun in einer
2551 1081 3075 1206 I we keit
1000 1167 3094 1401 Viertestunde, in einer Minute (vielleicht)
1069 1303 2933 1501 unendlich viele Tage und Nächte Ja,
1028 1501 2888 1704 Zeit und Raum wurden sinnlos. Es war
1039 1621 2891 1846 längst nicht mehr die eingefriedete
1044 1738 3116 2002 Lichtung,es war eine weithin gedehnte,
1053 1927 3100 2147 bunte Fläche, die sich nach allen Seiten
1083 2075 3203 2264 in den Horizont verlor. Ichwar auch laut
1133 2158 2885 2342 rettrau dien längst, dass auch die Wiese
1075 2259 3069 2459 nicht mehr allein mit +hm. Aber wenn du
707 2103 944 2437 51
1069 2403 3091 2604 fragst,ob noch drei oder noch zehn oder
2206 2484 2791 2590 Ob ich uelahr
1081 2554 3083 2760 noch tausend Paare da waren, ob ich nur
1081 2715 3013 2910 dem einen oder noch vielen Andern ge-
2518 2788 2955 2908 Reimfahre
1100 2849 3030 3052 hörte, ich könnte es nicht sagen. Aber
1161 2997 1883 3111 Esnergleitgiltig
1097 3027 3080 3211 das weiss ich,so wie jenes frühere Ce-
1111 3133 3016 3378 fühl vonscham und Angst über alles im
1111 3300 3097 3540 Wachsein Vorstellbare weit hinausging,
1114 3467 3100 3724 so gibt es nichts im bewussten Empfin-
1111 3637 3022 3877 den, was (der Lust)der inneren Gelöst-
1111 3726 3178 4047 heit gleichkommt, die ich (während diesen
4523 409 4732 702 1n
3657 646 4230 844 12/3.1923.
4567 719 5110 952 bien une
4250 908 6461 1106 Traums Compfunden habe (Aber das Unbegreif-
4289 1019 6414 1253 liche war, dass ich in all dem Taumel und
3854 1061 4024 1298 G.F.P.
4297 1161 6406 1426 Rausch immer von dir wusste (das Grässli¬
4258 1354 6252 1560 che,was dir indess begegnete wusste, ja
4289 1526 6511 1671 sah,wie man eben nur im Traum etwas sehen
4261 1632 6422 1830 kann, ohne doch dabei zu sein und dass ich
4264 1819 6456 1975 weder Mitle id noch Schauder dabei empfand.
4283 1936 6311 2167 Ich sah, wie dich irgendwelche Menschen
5573 2044 6536 2142 aber vielleicht zurück
4264 2131 6472 2312 ergriffen, vielleicht waren es Soldaten Lir-
5932 2211 6160 2300 am
4345 2284 6322 2479 gend) ein riesengrosser Mensch fesselte
6141 2325 6559 2479 gu nt
5152 2373 5726 2484 mir man in the
4283 2426 6347 2590 deine Hände und ich wusste, dass du zum
5846 2473 6628 2632 aber ging vor mich.
4506 2557 5013 2674 hunderichly
4283 2554 6185 2743 Tode (geführt werden solltest). Du stan
4576 2704 5021 2824 n - fait de ses
4359 2724 6400 2944 deet in einem Hof, in einer Art von Burg
5467 2835 5720 2924 I am in
4584 2857 4846 2963 No du
4356 2888 6492 3114 hof aber ganz allein, immer noch mit rück-
4286 3030 6472 3206 wärts gefesselten Händen und nackt.Und so
4361 3164 6550 3406 wie ich dich sah, obwohl ich anderswo war,
4336 3342 6509 3534 so sahst du auch mich und nicht nur mich,
4322 3470 6397 3676 sondern auch den menschen, der mich in
4359 3662 6453 3835 seinen Armen hielt und alle die anderen
4322 3802 6564 4024 Paare, diese (unendliche Flut von Nacktheit,
