7016 4392
1030 546 1633 702 arbert.
668 610 3147 863 & it eyes; wie in ihm und der Unsach¬
638 788 3083 1078 came ruspeilele Hen keiner.
658 1006 3304 1354 heft: “Königlich”... Essel eine
689 1173 3147 1500 obenant in den habt - ob. und wur¬
2421 1354 3021 1494 statt und
754 1470 3049 1698 desung sollte ier woll we ers
1862 1541 2939 1695 der Wehrteil gewiss
675 1565 3240 1879 1 Mon. de alles nouvelles...
651 1763 3222 2145 I am Ouenwärtig immer
726 1968 3202 2370 wunsch es sich nochmals der Stimmte. Wie
2319 2189 2486 2295 was
917 2216 1869 2370 nur um sie sich
730 2240 3137 2537 in d hall workin.
764 2401 3096 2745 sich in seinem Verhältniszimmer
2493 2537 3141 2708 evnolle
818 2690 3379 2864 Terlall für die hausf. un auf den schimpf.
842 2820 3376 3144 bej a/behert i et Schlafzimmer.
904 3028 3195 3369 Es wollt ich umgelegen, oder Lieb
856 3277 3246 3587 si werken - in den Angrillen aber¬
921 3485 3185 3833 + flaue die Ent den voll die
989 3707 2847 4048 Titir die Uitenlang an
1003 3925 3410 4222 die xxx. Bett ein mänst behalbst we kann
6377 218 6656 515 c0s
4951 242 6397 665 Allem Albertineus;
3789 297 4866 682 Ce hâte des autres
4931 542 5384 709 sullen
3758 590 6496 890 und ich die Einweis her. Hüpt
3741 835 6141 1112 Kopf: abgewendet auf den meist Sole
3700 992 6390 1354 loster. Und hat eine is in ihrem einwilligung
3724 1255 6193 1531 hierlich der Blick auf der xxx
3703 1453 6312 1763 and bumbba Polite intlett - las an
5108 1616 5644 1794 ihm das
3761 1671 6305 2036 & in Ogange dritte Schille - -
3765 1876 6274 2257 auff er bin und hielt ein schwer,
3744 2152 6305 2479 samt merk in de Han.. Ereichich
3761 2394 6189 2718 - dsene en welle Unver¬
3823 2667 6169 2943 werst, dass er keive wt ein Muhr
3795 2912 4293 3202 Wm.
4535 2861 6158 3274 I.I.S. do work here.
3887 3168 6244 3485 andt von Brink, das sei, der er in
3857 3376 6278 3720 & reying tresd getein and offent.
3864 3567 6448 3874 bei Eingärke de Corliwertuche, besche
