6744 4424
4245 374 5995 646 hielt, wachte er auf.Es war vier
2687 492 2942 680 132
4245 603 6166 843 morgens. Rasch eilte er die Treppe hi¬
829 617 3107 943 hielt wachter auf. Es war vier Uhr morgens.
4240 789 6301 1015 nauf, begab sich vor allem in sein Ordi-
849 800 2987 1066 In seiner Wohnung suchte er vor allem das
4257 946 6264 1158 naibonszimmer und das Erste  war dass er
898 986 2990 1201 Ordenationszimmer auf und verschloss das
4254 1081 6321 1324 das Maskengewand sorgfältig in einer La-
843 1118 2939 1349 Maskengewand in einer Lade. Dr Geruch der
5131 1195 5617 1304 Et les étude
4260 1238 6335 1481 de verschloss. Er wollte Albertine nicht
921 1292 2859 1415 (Abreden h. Kartinsistel, um... aber in
869 1318 2956 1498 Medikamente tat ihm heimatlich wehi. Dann
4820 1344 5226 1481 besluit
4260 1366 6252 1618 we###e und trat sohon beinahe entklei¬
866 1444 2864 1544 der Hufte de hede. Sein Mert u der Haus
846 1504 2753 1664 Schon halb entkleidet trat er in das
4254 1547 6098 1784 det in das Schlafzimmer. Vorsichtig
863 1592 3087 1810 Schlafzimmer. Er schaltete (nur (das gedämpf-
4274 1704 6269 1924 schaltete er das gedämpfte Licht seiner
878 1784 2985 2004 te Licht seiner Nachthischlampe ein, damit
4280 1798 6344 2075 Nachttischlampe ein. Albertine ruhig da,
878 1904 3036 2173 Albertine nicht ew ache. Sie lag ruhlig da
4288 2021 5992 2221 die Arme im Nacken verschlungen)
892 2078 3087 2281 die Arme im Nacken verschlungen, anders als
1009 2204 2824 2341 is fiel ihn auf, de nicht auf der Scile le
4280 2155 6163 2387 sonst nicht ihre Gewohnheit war.Ihre
895 2256 3136 2436 sonst. Shre Brust hob und senkte sich ruhig
4302 2327 6312 2544 Lippen waren halb geöffnet und schmerz-
6015 2361 6487 2504 en n'ont pas
5537 2404 6001 2507 Cilling a
895 2350 3005 2596 unter dem dünnen Hemd. Der Mund war halb
4294 2490 6355 2684 liche schatten zogen rings um sie. Frido-
1658 2513 2150 2627 schen. Thetter
909 2547 3136 2744 offen, etwas Schmerzliches lag um ihre/ Lip-
4297 2610 6132 2839 lin beugte sich über ihre stirn, die
2378 2647 2887 2753 As u r in
895 2679 3162 2936 pen. Oder waren os Schatten? Er beugte sich
4285 2793 6229 2973 sich sofort wie unter einer Berührung
912 2870 3016 3067 über ihre stirn, sie öffnete mühselig die
4308 2927 6286 3130 in Falten legte,ihre Mienen verzerrten
2030 2985 2378 3093 freuer in
912 3025 3213 3242 Augen, sah Fridolin an wie einen Fremden (dam
2702 3059 3345 3208 & in uiterte
4297 3102 6109 3328 sich seltsam und plötzlich, immer nach
912 3162 3119 3399 wars als erschrecke sie, sie erhob den wopf
4311 3156 6289 3456 im Schlafe, lachte sie schrill auf, Un-
932 3279 3119 3545 aus dem Polster,stützte sich auf die Arme.
4285 3396 6309 3591 willkürlich rief Fridolin sie beim Na-
938 3493 3070 3665 „Was hast du?“ fragte er,-ich bin's.“ Sie
5149 3485 5346 3605 T r
4322 3539 6315 3742 men. Sie lachte von neuem wie zur Ant-
923 3602 3082 3871 atmete tief, lächelte und zog ihn an sich.
923 3765 3188 4059 „Was ist dir?“ fragte er befremdet.Sie er-
4322 3699 5775 3948 nicht gleich allein lassen.
