7000 4392
6275 145 6561 279 20 5.
3771 261 6586 590 couche dantte, desser n'a (i un nulil Huit)
3771 438 6677 771 en commis bémité ) à la génieuse Schipenac
572 586 3333 923 wei ich mein Nachfors sein tats. Dort cndelle
3738 651 6561 992 leget om en den Teil nie allefra Gutter treten
2540 713 3279 894 membre Cen¬
720 821 3116 1057 Selbstands the Dort. As Ihrem with
3764 840 5667 1118 wllte xxx
641 963 3159 1288 avec in their Seite jegurifill (ou
3901 1024 6543 1263 En je veux de Aujourd'hil viele, d'y
651 1169 3228 1458 lehnenden, nach den verlochten.) „ Aber Ehe kauf
2830 1310 3065 1426 G. A.
3901 1230 6340 1513 e gewöttigt ue, sich i de jenem
698 1415 3289 1650 sibt tho jlicht beweise wertjen  the
3839 1491 6297 1719 Schlefgerichte & begeben u a de Seib ce
753 1599 3333 1838 Ihnen, ihn zu benommen. Er verkört mit Ro
3930 1618 6423 1914 Jellen tängestreiche – in meiner mal erblaßt
782 1773 3148 2019 selbst der Rechts- und
3937 1885 6333 2077 all in Obeuleu de onfle haitt;
850 1882 3141 2215 wandtent im jung. Frei blieblick
4958 2026 5233 2171 him
5985 2030 6488 2182 terriale.
2131 2059 2323 2262 be
3984 2095 6449 2316 are it in ihrem Archicam von Gewöhnber
836 2150 3145 2392 she wok; his is in in like ouschenen
3883 2298 6619 2562 keil i Theilarlen jegent de benglaf
879 2265 3293 2569 4 - klingel - lup - i a horosse
3915 2457 6127 2736 Monsieur, a deu au médé de
840 2486 3488 2776 in eille de Fapp tisab f.-
1017 2707 3376 2982 - En une enveloient, seine Gattin alle
3977 2678 6662 2996 konnteilen. Alterli er den eben
4332 2870 4650 3014 tul
963 2928 3355 3137 Erw. Es mir einzelben zu denken. Prof. u:
3973 2891 6177 3235 Er hofft, das es nicht schafen erlaffen.
988 3094 3217 3311 in ein viebel Stücke, ein or de se
3973 3152 6213 3470 in Hof sein Einbitt ne nicht
1013 3297 3427 3517 Alles  was so in-feblait, et a jours..
3944 3347 6431 3724 under wurde. In me wll
1031 3488 3344 3731 in ein Art erschien ihm, es wäre die Ays¬
1596 3684 1759 3785 r
5978 3615 6423 3854 rieur
959 3680 3333 3952 legenteil. weil er ihr bis auch woll als
1013 3923 1596 4093 "Herrn
1697 3887 3177 4176 erlass’t; - und et jetzt
