3336 3944
467 464 2674 633 1. Der Abend, sein Weggehen. Zu Marianne. Der
429 597 2558 763 Tode. Die Luft betäubt ihn. Es war ihm, als
426 787 1402 967 schliefe er ein.
482 867 2863 1100 2. Seine pückkehr in das Haus morgens um fünf.
438 1109 2635 1233 Erwachen Albertineus. Ihr Traum.Er hat sich
494 1189 2789 1381 vielleicht schon früher vorgenommen seine Er
455 1372 2780 1526 lebnisse als Traum zu erzählen. Oder es fällt
494 1502 2748 1712 ihm erst ein,wie sie zögert, ihm ihren Traum
450 1674 2588 1834 zu erzählen. Er erzàhlt nun das Ganze als
500 1792 2736 2005 Traum. (Vielleicht so, dass der Leser selbst
467 1979 1281 2168 nicht klar ist).
450 2103 2801 2289 3. Der nächste Tag, seine Nachforschungen,seine
447 2280 2804 2443 Rückkehr nachhause. Gespräch. Das Kind mit der
458 2490 757 2609 Larve.
503 2603 1704 2771 Oder sie mit der Larve.
482 2718 2777 2910 Vielleicht hat das Kinderfräulein als Einzi-
491 2895 2694 3079 ge in dieser Nacht etwas Wirkliches erlebt.
