6360 4232
631 548 2524 743 kaum Sehnsucht verspürten und wohin
628 727 2613 916 der unfassbare Win###des Schicksal sie
628 871 2395 1079 doch einmal, und wär s auch nur im
637 1044 2408 1204 Traum, verschlagen könnte.Denn so
615 1191 2584 1403 völlig sie einander in Gefühl und Sin-
602 1355 2495 1534 nen angehörten, sie wussten, dass ges¬
608 1534 2469 1649 tern nicht zum ersten Mal ein Hauch
605 1636 2552 1841 von Abenteuer, Freiheit und Gefahr sie
592 1793 2517 2002 angerührt; und bang, selbstquälerisch
624 1963 2604 2142 in unlauterer Neugier lockten sie ei¬
628 2133 2581 2290 ner aus dem andern Geständnisse her¬
624 2200 2584 2456 von die zwar nicht Bekenntnisse einer
605 2415 2344 2562 Schuld, doch ein demütiges Neigen
599 2581 2411 2773 vor jenem ewigen Gesetz bedeutete,
605 2761 2517 2892 nach dessen unerbittlichem Walten es
599 2873 2642 3090 nicht nur zwei für einander vorbestimm
589 3049 2421 3254 te Wesen in köstlicher Bewusstheit
576 3209 2424 3398 eins zum andern, sondern in dunklem
576 3369 2485 3542 Drange wahllos v### Geschlecht zu Ge-
573 3484 1608 3721 schlechte drängt.
3097 330 3564 532 18/10. 1923
3491 480 5877 717 sie sprachen/nicht mehr von den Erlebnissen
3548 676 6126 865 des gestrigen Ballabends. Sie erinnerten sich xxx
3827 820 4983 897 mantéroucher un été du
5044 801 5489 903 : zuletzt
3119 730 3488 1022 (die zur
3593 849 5864 1041 (des (letzt) verflossenen Sommers am dänischen
3129 993 3478 1169 je veuils
3628 967 5905 1223 Strand und ängstlich näher zusammenrückend,
3612 1156 5870 1380 suchte jedes in sich nach irgend einer Tat
3612 1313 5841 1499 sache so gleichgültig, nach einem Erlebnis,
3564 1470 5870 1630 so nichtig es sein mochte, das für das Unsag
3612 1579 5902 1761 bare, i das sie in meerluftumhauchten
4010 1745 4173 1841 is le
3612 1806 5918 1970 se schwaren Tagen empfunden. als Ausdrückgel
4416 1893 4724 1986 aufuell
3628 1944 5829 2098 ten und dessen offene Mitteilung sie viel-
4243 2043 4429 2155 re me
3628 2110 5806 2277 leicht von der Spannung und dem Misstrauen
3558 2248 5861 2447 befreien könnte, das allmählich ins Unerträg
3619 2424 5931 2600 liche gewachsen war Ab Albertine, nun die Un
3612 2594 5947 2741 geduldigere, die Ehrlibhere oder die Gütigere
3628 2661 5985 2879 von den Beiden sein mochte sie war es, die zu-
3619 2873 5889 3071 erst den Mut fand ein Geschehenes mitklaren
3571 3014 5883 3190 Worten auszusprechen und es zugleich zu ent¬
4419 3132 4685 3225 sichler
3606 3151 5781 3379 zaubern und mit (etwas) schwankender Stimme
3606 3350 5752 3532 richtete sie die Frage an wridolin, ob er
3619 3494 5761 3644 sich des jungen Manns erinnere, der eines
3635 3596 5489 3728 in lokt a florne Sinc ande mit schon
3600 3676 5848 3846 Abends mit zwei dänischen Offizieren, einem
3439 3872 5560 4019 In unserm Augenblick brachte man iumuas
