7000 4424
6243 147 6558 440 191
4877 273 5562 444 Rundus
3798 332 6292 597 Es ist der eher - an fjeler eben kommt jelblich
5122 503 5352 604 in
3770 482 6170 758 Unterleit – in der seit, mein einer linkel¬
3738 723 6268 978 geheimen u einverlos zu rochen Schatte an recht
3735 880 6544 1156 in l'oùts (bediennt geeigilly  (lancés) possent
3892 1066 4510 1184 nötigesmal
3784 1128 6383 1314 Sebenkel aber mit gleichgellig offneten, ich
3916 1258 4283 1387 will be.
3752 1272 6355 1558 die ordinärts gestellte Kneimlhage, die
3794 1471 6380 1687 starfe Rente der Stöckkeine und schleute
3868 1642 6163 1911 Tisse und gekümmte sehr... All der
3850 1827 6558 2086 versant urtereorde mie u hinkel (Haunes
3805 2047 6565 2323 mit der Sichthegel mit gebefahr seitnicht
3819 2264 6422 2484 the way jurick last in endlich leend
3850 2453 6404 2715 allerand über den Dank Anblik, unter blut
5663 2676 6401 2816 with the
3910 2680 6404 2945 For 8ter beritete wie i unkltin die Stim¬
3903 2844 6128 3085 du Mayes, die Schiller, und glatt
3920 3050 6345 3281 mit ihre Erne bis zi den Hände, de
3864 3204 6187 3546 es mit de reçu fort, a-d. Ml.
4053 3441 6198 3780 seul Tingé qui in die de Tortein
