6904 4488
5114 151 5444 452 "We
6146 305 6531 617 141.
2177 514 3110 712 gebrtest.
3627 422 6256 852 An eine Erlehrens-je-
253 606 3179 863 1ste halten og de irmose, ober
3609 727 6344 1112 in it lister Jutell - und er seben in
367 859 3018 1164 ihs nicht... wer u uleicht u
3609 955 6553 1333 is.. in alle p. Endt zu leben.
349 1068 3110 1347 lebt ce Lauf de oegangde tracht
2471 1219 2823 1380 bee
3613 1259 6417 1568 [illegible] in Weltston.
378 1289 3018 1586 Wett... at [illegible] from aerjeth
617 1428 2548 1648 de elle i heithenrfeh n in
4853 1413 5577 1623 Celatie Cette
3671 1494 6542 1894 not an dien to get.
367 1450 3231 1814 sollt, in & I could the abh wil allulio
749 1659 2702 1898 dans un an et schreyngen j
5698 1619 6561 1909 sylet a t
437 1696 3124 2129 Verehrungen, die auf der Eilen
3671 1681 5903 2100 der in die der fürselte I.
3730 1920 6289 2302 - sich in enthultet heill. at de in
448 1953 2944 2313 the lebinteere
5305 2126 5566 2276 eu
543 2111 3021 2511 allerle dans le comte
3712 2140 6594 2599 we near.... tient, verclaren.
485 2350 3242 2783 et en a d ont ttes lui une
3763 2383 6550 2764 - in die ir dier Augenblick.
441 2559 3102 3032 At the C-ehewe bekeive tell-
4740 2640 5169 2856 estable
3741 2603 6373 3065 is tief x tauh staubt. als u vie
5463 2823 5914 2977 is to let
591 2823 2944 3227 oblige erfiel sollte... Chse
5279 2831 6476 3113 and may do me that a blif
5995 2988 6428 3095 work
3877 2988 5734 3311 Imert geleet t-ill waliven
6032 3051 6436 3256 hrt auf
536 3007 3348 3425 de cù il dis a et Célutin.
5382 3124 6304 3356 it is in que
3726 3234 6351 3517 dessen eine vorlicher Fragen in viele
745 3278 2845 3697 - aber ge. weiter in ihr
3803 3447 6487 3800 auf nicht verhält; und daß
731 3477 2820 3789 Geschläge wie hatt u
3833 3642 6425 3961 wie ich er den Fon-barn war.
613 3741 3330 4068 in co betulit will us trer
