6472 4312
4492 289 6097 578 Welle sonil Räume kundet
3877 472 5906 667 dend gewesen und mit den einen Sohn so
650 529 2827 744 gut haben wir manchmal miteinander geplau-
3883 629 5940 810 viel Kummer. Der lehte jetzt irgendwo
712 698 2724 916 dert in den ersten Jahren.. Sie war hete
3436 675 3611 884 4
4469 750 5207 853 lebb Frau Junr
3888 758 5937 959 im Ausland ^h,sie hatte den Bruder sehr
718 856 2753 1064 heiterer als ihre Mutter noch lebte. Hat
3931 927 4140 1024 but
3356 936 3777 1116 (the til)
3877 956 6014 1116 gern gehabt. Er hatte so viel Talent zum
718 967 2712 1185 sie nicht eine kurze Zeit hindurch Ge-
3353 1036 3803 1222 ce Bâde
3883 1082 6043 1239 Malen schön gezeichnet und gemalt. Da drin
612 1167 2818 1330 sangslektionen genommen? Also diesen Be¬
3302 1185 3791 1339 A.A.P. n.
4727 1162 6286 1348 reu d'entre de mieur
2403 1242 2907 1365 shil né de
3871 1282 5989 1393 in ihrem Kabinet hing ein Bild, das hatte
718 1305 2810 1522 zenten wird sie heiraten. Warum eigent-
3325 1273 3582 1528 statt.
3883 1376 6006 1554 er gemalt wie er fünfzehn Jahre alt war.
718 1476 2810 1668 lich? Verliebt ist sie gewissnicht in ihn
5628 1511 5871 1614 wch
3960 1534 4220 1625 Cina
3863 1557 5983 1722 Der Vater hatte immer getan, als bemerkte
710 1637 2887 1811 und viel Geld dürfte er auch nicht haben,
4512 1671 4721 1765 ohne
3883 1691 6163 1863 er das Bild nicht. Aber es in güte Stil
735 1785 2690 1951 Was wird das für eine Ehe werden? Nun
3908 1831 5960 1937 Viel Helent auf mit viel talent pracht.”
4163 1891 5920 2049 Was geht dich das alles an dachte,
695 1911 2764 2146 eine Ehe wie tausend andere. Was kümmerts
5454 1920 6157 2089 la dte Fr. u.
3866 2046 5977 2195 Fridelin.Wie erregt sie spricht. Wie ihre
727 2072 2678 2306 mich. Es ist wohl möglich, dass ich sie
3866 2160 6132 2346 Augen glänzen. Vielleicht auch etwas Fieber.
727 2232 2718 2435 niemals wiedersehen werde, denn nunhabe
3937 2295 5868 2395 wohl wirklich... Sie ist viel wegen stünissen.
3866 2361 6163 2498 Aufregung nein. Die Lunge ist wohl auch
5485 2421 6286 2538 betarrt de weillich
738 2403 2715 2575 ich in diesem Haus nichts mehr zu tun.
3871 2461 6043 2661 nicht ganz in Ordnung. (Armes Geschöpf.) Im
741 2538 2704 2730 Ach, wie viele Menschen habe ich schon
3877 2647 5848 2775 ersten Wochenbett wird die vielleicht
690 2707 2856 2893 nie mehr wiedergesehen, die mir näher stau-
1454 2798 2718 2927 du dieu gev. dient de konf ji
3871 2790 5880 2930 sterben. Und es fiel ihm ein Fall aus
741 2876 2747 3064 den. Während er so dachte, hatte sie von
3871 2930 5888 3136 seiner Praxis ein, den er erst kürzlich
692 3047 2701 3248 dem Verstorbenen zu reden begonnen, als
2873 3167 3050 3348 lise
3871 3062 5946 3268 erlebt hatte.Gern wäre er fortgegangen.
721 3179 2773 3365 wäre er durch die Tatsache seines Todes
3868 3242 5989 3411 ber es war noch zu früh Sollte er war-
2896 3408 3024 3702 d'immet
724 3339 2704 3499 plötzlich interessanter geworden, ein
3877 3388 6086 3545 ten bis der Verlobte kam? Ja,er konnte sie
750 3422 2887 3680 merkwürdiger Mensch geworden wirklich,
2140 3577 2841 3691 it in dear Sir
3883 3505 6072 3794 jetzt nicht allein lassen. (Als sie plötz
724 3617 2761 3848 war erst vierundfünfzig Jahre alt gewe-
755 3743 2712 3957 sen.Nun ja, die vielen sorgen undettäu-
738 3877 2793 4072 schungen machten ihn älter aussehend) Die
