6904 4488
5011 267 6384 534 Tolans in irseblt
3768 366 6453 637 Un nésitures. Wehrend et chez jours Esprits
5189 555 5415 716 rend
3768 548 6216 856 hilte sie da Congeant it justes.
2685 586 2894 829 198
5031 743 5442 897 verteint
973 795 2990 1069 sollte mir eine Lust bedeuten,wie noch
3726 747 6381 1051 gehabt-, dort blicken; jet ist in
1969 921 2432 1055 bretieve
990 942 2853 1212 niemals ein Weib sie genossen. (Aber
3733 966 6470 1305 vot en mieder de ne gien-Pil, -: bien
986 1096 3028 1384 plötzlich war ich allein, musste allein
4353 1137 4805 1291 me c
2082 1230 2493 1336 ducung
1000 1260 2963 1548 dir entgegen.)Ich lief, auch du gingst
3778 1260 6367 1456 Under in lebend hand, it;...
1017 1408 3127 1695 immer schnelier,ich begann zu schweben,
3754 1360 6429 1760 en nebst... weilouat ce lebeur, fit
1017 1565 3168 1850 auch du schwebtest in den Lüften, aber wir
3730 1576 6055 1880 tincer, fut leur a beuil for ne
1034 1733 3096 1983 konnten einander nicht erreichen. Plötz-
5350 1747 6401 1949 in fem - Ha deri
5155 1795 5312 1986 be
1041 1891 2983 2147 lich sah ich dich nicht mehr. und ich
3726 1808 6422 2151 ever in one in the gibteur it
1058 1993 3041 2291 wusste,wir waren aneinander vorbeige
3757 2031 6189 2391 1. Clof in der Ärger...    Autor oder
1045 2206 3069 2473 flogen. Ich wollte zurück, vermochte es
1065 2356 3076 2603 wollte mich nach dir umwenden, auch das
3716 2298 6340 2603 the Mort.... Seleye in
1123 2493 3172 2774 gelang mir nicht, ich wollte, du solltest
2606 2586 3165 2709 in their rie
1075 2668 3206 2877 wenigstens mein Lachen hören, noch ehe du
3706 2565 6275 2956 (unter) berichtet hatte. -
1113 2798 2216 2915 Uit an neusest in
1072 2802 3165 3072 am Kreuze hingst, ich lachte auf, das war
3809 2761 6477 3199 Regine M Ergebln in
1089 2966 3154 3223 das Lachen,"ridolin, mit dem ich erwacht
3788 3007 6494 3504 sind geblieb gewor (geblieben).
1110 3206 1380 3398 bin.
1291 3254 3233 3521 Und sie schwieg.Auch Fridolinwusste
3863 3220 6168 3569 a vu lutte sommes en   ernommée
1161 3428 3148 3702 kein Wort zu sagen. Ihm war so schwer
5322 3504 5970 3682 a brillant
3788 3476 6545 3877 gast hale. Sie weis ägriffen, - und
1178 3541 3274 3860 ums Herzwie noch nie in seinem Leben.
