3288 3960
1592 306 2503 439 the alles in utile
1293 337 1513 459 mit
941 327 1304 500 le nuit
1291 395 2056 500 wie es sich gekleit
870 459 2919 582 Er erinnert sich seiner eigenen Abenteu-
878 543 2896 755 er,sie scheinen ihm geringfügig.Er ver-
873 730 2860 883 sucht das Haus zu finden, in dem er die
875 883 2842 1079 vorige Nacht verbracht hat.Es ist ver-
878 1005 2916 1199 schlossen, der Garten versperrt.
1281 1166 1755 1242 ant idem
883 1163 2868 1380 Er besucht das Mädchen, das ihm gestern
893 1339 2753 1510 das Liebesgeständnis gemacht hat. Ihr
906 1521 2817 1666 Verlobter ist da, sie erinnert sich an
893 1635 2003 1852 nichts.
903 1781 2865 1977 Er versucht Amsel wieder zu finden, was
893 1959 2171 2163 ihm nicht gelingt. Als
898 2074 2931 2250 Der junge Mensch, den er im Duell ersto-
895 2278 1906 2439 chen,wird vermisst.
921 2322 2740 2546 Dies konnte Einer sein, der seiner Gallie
954 2498 2786 2656 gefährlich war. Vielleicht der in dem ne
952 2618 2237 2776 geliamt hat? Der Königt -
957 2745 2477 2916 Ah - er uftet, daß es abgereist ist. -
954 2870 1470 3046 flei klarly –
998 2980 2735 3153 Et glaubt in Haus ad des parles
1046 3105 2174 3281 erkannte, gebt hinein.
1074 3253 2776 3467 Es erfahrt, wie nach Steine Knuert, - dess
2237 3403 2646 3508 & a built
1059 3421 2898 3579 Felis (das läumende einer Frau) zerlaßen ist, -
1128 3539 1758 3658 gefunden ist. d.
1189 3607 2317 3771 Eed de nouvelle: T-de Juillet
1324 3712 1783 3829 Herr Vater...
