6760 4440
2575 575 2785 718 110
878 715 2867 971 was du willst, doch weiss ich von einer
886 867 2791 1091 Nacht, da fiel es einem ein einer von
903 1046 2990 1245 uns im Tanz den Schleier von der###tirn zu
889 1192 2917 1422 reissen. Man riss ihm die Larve vom Ge-
906 1349 2875 1560 sicht und peitschte ihn hinaus. - „Und
1571 1400 3144 1565 das erver dreichts im mege nach – in
903 1523 2903 1714 sie?“ -„Efinnerst du dichsines jungen
900 1669 2962 1871 Mädchens aus (gräflichem Haus, das mit ei¬
1708 1773 1983 1874 Zum
923 1818 2976 2025 am deutschen Herzog verlobt war und am
928 1924 3144 2168 Tag vor ihrer Hochzeit Gift nahm?" - „Nun?“-
940 2126 2738 2331 „Die war s. -Fridolin nach kurzem
928 2233 2771 2494 Schweigen lachte auf aber er fühlte
485 2264 777 2485 selbst
923 2412 2979 2640 selbst, dass es nicht ganz echt klang.
544 2558 729 2648 st wt
928 2609 2791 2799 Einer der Herren, schlank „gross und
2073 2679 2353 2794 neben
508 2668 777 2839 wie
926 2738 3032 2951 weiss stand plötzlich neen ihnen und mit
597 2799 836 3004 prix
945 2881 2962 3088 einer kurzen zugleich höflichen und ge-
942 3066 2996 3259 bieterischen Verneigung forderte er die
937 3172 3052 3419 Frau zu einem Tanz auf. Es war Fridolin,
951 3358 2909 3568 als zögerte sie einen Augenblick. Doch
957 3509 2973 3719 schon hatte der Andere sie umfasst und
948 3677 3043 3891 Baidax wirbelte mit ihr davon zu den an-
965 3815 3021 4070 deran Paaren im erleuchteten Nebensaall.
4477 174 4746 306 n se
4937 135 5133 295 in
4858 255 5088 362 und
5212 210 5680 396 orst where
4687 295 4861 452 o¬
4317 401 4754 583 Fridolin
4409 516 4712 617 wch
4278 583 5259 774 klar, dass saine La
5899 600 6289 802 war „ob
4294 687 5273 853 man ihm nun die Wahrheit
5885 763 6395 903 hatte oder
4690 833 5506 937 metion, très inst
5697 858 6463 965 jecen Aepill in the
4278 878 5363 1094 Lügen.Und fast hoffte
5787 928 6426 1083 ihm jetzt
6286 1018 6524 1170 time
4278 1029 6196 1257 noch gnadenweise eine letzte Möglich¬
5069 1139 5229 1243 o. 26
4278 1189 6255 1433 keit vergönnt wurde sich zu entfernen.
4269 1346 6165 1529 Was ihn trotzdem in die Ecke gebannt
4261 1495 6272 1697 hielt, wo er sich nun ungesehen oder we
4252 1641 6236 1848 nigstens unbeachtet fühlen durfte,-die
4241 1815 6238 2028 Scheu vor einem etwas lächerlichen und
4241 1961 6199 2182 ruhmlosen Rückzug - das unbestimmte,
4247 2101 6283 2314 quälende Verlangen nach dem wundersamen
4230 2255 6485 2468 Frauenleib, dessen Duft noch um ihn war
4230 2440 6244 2628 die plötzlich auftauchende Erwägung der
4979 2524 5186 2640 daß
5646 2547 5840 2645 the
4208 2539 5896 2797 Möglichkeit, dass all dies eine Pein-
4224 2729 5902 2931 seines Mutes zu bedeuten hätte,u
4208 2878 6078 3091 ihm die schöne Frau als Preis zufall
4193 3041 6081 3237 würde -er wusste es selbst nicht. Jed
4202 3189 6006 3411 falls aber war ihm klar, dass die
4202 3352 6126 3554 nung nicht länger zu ertragen war und
4188 3495 6227 3714 dass er auf alle Gefahr hin dem Zustand
4188 3641 6216 3902 ein Ende machen musste (Das Leben konnte
5501 3840 5675 4014 at
