6728 4424
6010 300 6171 476 94
4229 248 5200 551 glaubli nd p nd
5419 268 5679 496 fuhr
4252 438 6111 663 fand sieh zunachter befand, sich am
2672 519 2836 637 93
5436 562 5756 663 in
4249 623 6255 816 Fusse des Galitzinberges, in der etwas
928 576 2966 865 sass der Kutscher mit dem hohen schwar-
4024 758 6342 963 trübseligen Villenviertel, wo in früherer
5877 853 6065 940 n
943 810 2981 1049 zen Zylinder auf dem Bock. Es kann übel
4358 873 5102 986 den u... Rain
4249 920 6376 1118 Zeit Spaziergänge ihn zuweilen hindurch
931 948 2963 1185 ausgehen. dachte Fridolin plötslich und
4257 1081 6223 1294 geführt hatten. Zur Linken sah er auf
925 1095 2833 1335 an mit seleher Intensität dass er es
5745 1147 6042 1265 am
4260 1208 6269 1421 die im Dunst verschwimmende, in tausend
945 1271 2836 1450 wie eine gottgeandte Ahnung empfand.
4257 1395 6292 1574 Lichtern flimmernde Stadt. Er hörte Rä
948 1456 2929 1646 Dabei spürte er immer noch den Geruch
5655 1464 6027 1577 blictte
4269 1536 6336 1735 derrollen hinter sich und beg sich aus
954 1611 2952 1810 den Geruch von Rosen und Puder, der von
4932 1649 5434 1747 and in the
4272 1695 6235 1877 dem Fenster hinaus. Zwei Wagen fuhren
954 1793 2903 1934 Pierettes Brüston zu ihm aufgestiegen
4978 1776 6160 1891 in de in huis lieb
4263 1868 6232 2058 hinter ihm [es war ihm angenehm das zu
948 1917 3004 2096 war. War es nicht wie ein Hauch aus der
1833 1998 2891 2124 And is as his [illegible]
4263 2003 6292 2199 wissen Iso konnte er dem Trauerkutseher
951 2093 3047 2254 Geisterwelt? Oder bin ich an irgad einem
4508 2113 5096 2222 in their tell.
1323 2168 2248 2297 nur nicht unbezahlt
4266 2153 6370 2367 nicht mehr so verdächtig sein. Plötzlich
943 2240 2966 2430 Roman verbeigestreift? Ich hätte nicht
4266 2300 6192 2505 mit einem sehr heftigen Ruek bog der
969 2390 2960 2586 fortgehen sollen, vielleicht nicht dür-
4292 2482 6197 2672 Wagen in eine Seitengasse, die leicht
986 2531 2914 2747 fen. Nur von dort nicht? Alle habe ich
4295 2635 6197 2831 nach abwärts führte, zwischen Gittern
986 2707 2842 2845 allein gelassen heute Abend. Und zu
4304 2707 6111 2960 und Mauern und Abhängen;es war, als
980 2808 2989 3024 jeder möcht ich zurück. Auch zu Alber-
4286 2920 6298 3142 ginge es in eine Sehlucht hinein. Fri-
986 2995 2932 3211 tine? Wie? Bin ich wirklich der Dok-
4301 3073 6298 3295 dolin fiel es ein, dass es höchste Zeit
888 3165 2839 3344 ktor der Medizin Fridolin Törlinger,
4935 3185 5119 3321 de
4275 3246 6223 3427 war sich in sein Kostüm zu hüllen.Er
992 3286 2972 3456 34 Jahre alt,Assistent an der Polikli-
5007 3329 5246 3485 was
4309 3370 6174 3574 nahm den Pelz ab, fuhr in die Aermel
977 3410 2903 3672 nik, verheiratet(?) Wohin fahre ich da?
4246 3545 6180 3741 der Kutte, sowie er jeden Morgen auf
1490 3554 2577 3669 bestenden Ville.
989 3609 2998 3793 Zwischen villenartigen Vorstadthäusern
4289 3667 6379 3894 seiner Abteilung in seinen Leinenkittel
1482 3721 2225 3834 in Carpen Herzen
992 3736 2908 4018 ging es langsam beganwärts) Fridolin
