3352 3976
2481 92 2569 290 1
2820 127 3093 372 15
195 205 2838 474 stellée, what du direct. de Roi on, a
244 439 2987 704 du kopf jurialgnedig; - dach m
216 637 2849 846 ein 1ben, die ihm der Curl mit sein
308 874 2884 1090 wei - hielte wiederum  Jodef
251 1065 2842 1295 [illegible] lade  neneigthein isyl.
276 1285 2608 1568 anden kund und will bekandt.
262 1483 2566 1748 is in that in Barm, - He
326 1723 2781 1911 Bara -    -  Uhr
375 1932 2873 2198 Lamp a leuchtet wil d clekt houp
290 2144 2735 2399 Denn Freienkopf, den Türblen eben,
297 2328 2774 2594 tiben i beummeend, mitbue Hove geb
308 2516 3153 2803 in ein einer unerwärtliche Lille - Ein incipe
311 2781 3019 3019 Trenlantlitz, mit haltjndlon Lidem darrt
262 3008 3050 3273 aber entgegen: Da Kuleikiefe hin heft huet,
743 3185 1437 3372 I schwele recomst
301 3263 3036 3574 de die Oberlippe liefs das blesen
333 3411 1009 3744 ſebak.
1093 3443 2735 3712 in Reiben - weißen sich sehr
