6360 4280
3069 213 3461 365 10 12 -
2230 347 2404 521 17
5613 518 5799 668 19
275 590 2524 745 über die aarte Brust herabfloss. Das Mädchen
4176 635 4434 766 rde
3419 680 5664 826 darum, weil ich ihrem letzten Blick eine
269 763 2428 946 sah vor sich hin, ins Wasser hinab, langsam
3422 826 5709 985 solche über alles je Erlebte hinausgehende
281 955 2476 1066 glitt es längs der Wand weiter mit gesenk-
5179 955 5335 1051 it
3440 1015 5775 1177 Bewegung verspürt hatte, dass mir war als is
275 1069 2661 1221 tem Augen in die andere Ecke,und plötzlich stand
3637 1102 5006 1215 [illegible] et monde
5571 1108 6005 1248 Et. leurs
736 1177 1671 1278 in einer Entfernungen
3422 1180 5389 1320 müsste ich ehnmächtig werden.
5224 1218 5871 1374 an den verkunden.
275 1251 2422 1395 es, freilich dreissig bis fünfzig Schritte
3859 1290 5718 1491 „Und wie oft, fragte Albertine, bist
257 1377 2545 1566 weit entfernt,mir gerade gegenüber. Sie griff
3422 1437 5503 1620 du nachher noch denselben Weg gegangen?
251 1548 2632 1685 mit den Armen weit hinter sich, als wollte sie
3943 1560 4943 1668 Was it die erstatt hab
3850 1617 5670 1787 „Das Erlebnis“,erwiderte Fridolin,
216 1715 2536 1868 sich besser anklammern, sah auf und erblickte
3293 1730 3886 1877 ereignete mit
4293 1769 4527 1847 " a
5332 1757 5775 1958 <gap/>
3706 1784 4976 1913 zufällig auf den letzten
5021 1769 5203 1922 Tafé
3458 1823 3661 1979 fiel
5018 1895 5203 1967 i en
3694 1904 4979 1997 Ai n'a été en est
257 1826 2494 2039 mich. Ein Zittern ging durch ihren Leib, als
3422 1940 5757 2066 enthaltes. Und nun frag auch du nicht weiter.
4898 2018 5173 2144 selen.
216 2012 2623 2156 müsste sie Sinken oder fliehen. Doch da sie auf
4066 2051 4359 2141 ein
3841 2066 5775 2260 Er blieb am Fenster, Albertine (erhob
263 2135 2584 2326 dem schmalen Brett sich nur ganz langsamhät
3431 2236 5829 2389 sich,trat auf ihn zu, ihr Auge war feucht
275 2323 2566 2455 te weiterbewegen können, entschloss sie sich
3434 2347 5817 2557 und dunkel.leicht gerunzelt die Stirn. (Er zog
251 2440 2637 2652 lieber stehen zu bleiben und stand nun da, zu
3434 2551 5667 2709 Albertine an sich. „Geliebte, Kind, weiss du
263 2632 2530 2769 erst mit einem erschrockenen, dann mit ennem
1638 2715 2102 2829 gindlut p' ogé
527 2730 1132 2832 et enolut né
3437 2682 5685 2874 nicht.weisst du denn nicht?“ Und in seiner
216 2808 2518 2913 zornig verlegenen gesicht, dann aber lächelte
3455 2874 5679 3015 Stimme waß die Erinnerung von allen Glück,
204 2901 2581 3084 sie, lächelte wunderbar, es war ein Grüssen, ein
3440 2982 5344 3200 das sie miteinander genossen hätten.)
257 3090 2518 3242 Winken in ihren Augen und zugleich ein lei-
4991 3116 5245 3218 nicht
4589 3128 4775 3236 au
3928 3185 5874 3350 „Ist nun aber alles gut?“ fragte sie.
251 3239 2632 3401 ser Spott, xxx mit dem sie gahz flüchtig zu
3796 3308 4556 3503 2 Er nickte.
5326 3350 5778 3533 künftige
216 3407 2584 3536 ihren müssen das Wasser streifte, das mich von
3772 3473 5730 3652 Wir wollen uns silche Dinge immer
275 3533 2643 3700 ihr trehnte, dann rockte sie den jungen schlan¬
4461 3604 4850 3712 parle cie
3440 3670 5359 3832 lieher gleich (sagen), versprichs mir."
210 3703 2560 3838 ken Körper hoch, wie ihrer Schönheit froh und,
4101 3796 4476 3967 santlés
245 3853 2632 4045 wie wohl zu merken war, durch den Glanz meines
