<?xml version="1.0" encoding="UTF-8" standalone="yes"?>
<PcGts xmlns="http://schema.primaresearch.org/PAGE/gts/pagecontent/2013-07-15" xmlns:xsi="http://www.w3.org/2001/XMLSchema-instance" xsi:schemaLocation="http://schema.primaresearch.org/PAGE/gts/pagecontent/2013-07-15 http://schema.primaresearch.org/PAGE/gts/pagecontent/2013-07-15/pagecontent.xsd">
    <Metadata>
        <Creator>prov=READ-COOP:name=TrHtr:version=2.1.0:model_id=51170:date=14_08_2023_13:18</Creator>
        <Created>2023-05-10T14:19:01.314+02:00</Created>
        <LastChange>2023-08-14T13:18:45.298+02:00</LastChange>
        <TranskribusMetadata docId="1428611" pageId="55418483" pageNr="49" tsid="132802930" status="IN_PROGRESS" userId="64420" imgUrl="https://files.transkribus.eu/Get?id=GWTYGEZYENEUJWNOLBNCBJNP&amp;fileType=view" xmlUrl="https://files.transkribus.eu/Get?id=GGFPNPFPQBLZDYBSRPLQMTIV" imageId="44692587"/>
    </Metadata>
    <Page imageFilename="1428611_0049.jpg" imageWidth="6504" imageHeight="4328">
        <ReadingOrder>
            <OrderedGroup id="ro_1711787247005" caption="Regions reading order">
                <RegionRefIndexed index="0" regionRef="tr_1"/>
            </OrderedGroup>
        </ReadingOrder>
        <TextRegion id="tr_1" custom="readingOrder {index:0;}">
            <Coords points="370,499 6100,499 6100,4129 370,4129"/>
            <TextLine id="tr_1_tl_1" custom="readingOrder {index:0;}">
                <Coords points="3471,646 3505,655 3530,677 3579,658 3600,677 3628,683 3649,422 3621,429 3576,404 3530,419 3496,401"/>
                <Baseline points="3498,561 3557,561 3647,549"/>
                <TextEquiv>
                    <Unicode>le</Unicode>
                </TextEquiv>
            </TextLine>
            <TextLine id="tr_1_tl_2" custom="readingOrder {index:1;}">
                <Coords points="2541,692 2562,695 2608,726 2642,719 2654,729 2672,716 2679,726 2694,710 2709,710 2721,539 2669,533 2623,566 2550,554"/>
                <Baseline points="2560,638 2632,632 2722,626"/>
                <TextEquiv>
                    <Unicode>53</Unicode>
                </TextEquiv>
            </TextLine>
            <TextLine id="tr_1_tl_3" custom="readingOrder {index:2;}">
                <Coords points="4071,836 6083,756 6083,701 5822,652 5069,692 4864,609 4506,695 4075,634"/>
                <Baseline points="4089,770 4148,776 4238,776 4328,776 4417,776 4507,770 4596,770 4686,770 4775,770 4865,764 4954,764 5044,764 5133,764 5223,758 5312,758 5402,758 5456,752 5462,752 5551,752 5641,752 5730,752 5820,752 5909,746 5999,746 6089,746"/>
                <TextEquiv>
                    <Unicode>(Nun auch gut. Er hatte das Recht dazu.</Unicode>
                </TextEquiv>
            </TextLine>
            <TextLine id="tr_1_tl_4" custom="readingOrder {index:3;}">
                <Coords points="903,909 1653,903 2121,823 2317,882 2731,808 2737,704 2112,744 1877,667 1537,741 1062,658 912,719"/>
                <Baseline points="919,871 949,871 1038,865 1128,865 1217,853 1307,853 1396,847 1486,841 1575,841 1665,835 1755,829 1844,829 1934,823 2023,817 2113,811 2202,811 2292,805 2381,799 2471,799 2560,793 2650,787 2740,770"/>
                <TextEquiv>
                    <Unicode>selbat. Soll ich mich mit einem be-</Unicode>
                </TextEquiv>
            </TextLine>
            <TextLine id="tr_1_tl_5" custom="readingOrder {index:4;}">
                <Coords points="352,952 432,924 520,937 597,915 704,943 707,802 643,781 612,793 569,781 517,817 493,820 471,802 355,820"/>
                <Baseline points="370,889 447,883 537,889 626,883 716,871"/>
                <TextEquiv>
                    <Unicode>willebr:</Unicode>
                </TextEquiv>
            </TextLine>
            <TextLine id="tr_1_tl_6" custom="readingOrder {index:5;}">
                <Coords points="5562,980 5590,986 5602,973 5611,980 5669,943 5688,949 5718,983 5740,967 5761,967 5767,830 5721,842 5703,827 5663,817 5639,833 5624,820 5568,833"/>
                <Baseline points="5581,901 5593,901 5683,901 5772,895"/>
                <TextEquiv>
                    <Unicode>ausg</Unicode>
                </TextEquiv>
            </TextLine>
            <TextLine id="tr_1_tl_7" custom="readingOrder {index:6;}">
                <Coords points="3738,995 3909,943 4136,986 5394,949 5394,768 3738,836"/>
                <Baseline points="3754,919 3784,913 3874,907 3963,901 3981,901 4071,907 4160,925 4250,925 4339,925 4429,925 4519,925 4608,925 4698,919 4787,919 4877,913 4966,913 5056,913 5145,913 5235,907 5324,907 5402,907"/>
                <TextEquiv>
                    <Unicode>Drei Säbelmensuren hatte</Unicode>
                </TextEquiv>
            </TextLine>
            <TextLine id="tr_1_tl_8" custom="readingOrder {index:7;}">
                <Coords points="866,1047 2654,1026 2985,973 2988,888 2605,811 1993,903 872,903"/>
                <Baseline points="883,1020 937,1020 1026,1020 1116,1014 1205,1008 1295,1008 1384,1002 1474,996 1564,996 1653,990 1743,984 1832,979 1922,979 2011,973 2101,967 2190,961 2280,961 2369,961 2459,955 2549,949 2638,943 2728,937 2817,931 2907,925 2996,919"/>
                <TextEquiv>
                    <Unicode>trunkenen Studenten herstellen. Mit</Unicode>
                </TextEquiv>
            </TextLine>
            <TextLine id="tr_1_tl_9" custom="readingOrder {index:8;}">
                <Coords points="3502,1123 5798,1117 5853,967 4108,1010 3872,946 3505,1029"/>
                <Baseline points="3522,1056 3534,1056 3623,1068 3713,1068 3802,1068 3892,1068 3981,1062 4071,1062 4160,1074 4250,1074 4339,1074 4429,1074 4519,1074 4608,1074 4698,1074 4787,1068 4877,1068 4966,1068 5056,1062 5145,1062 5235,1062 5324,1056 5414,1056 5504,1056 5593,1056 5683,1056 5772,1050 5862,1044"/>
                <TextEquiv>
                    <Unicode>fochten und auch zu einem Pisto -</Unicode>
                </TextEquiv>
            </TextLine>
            <TextLine id="tr_1_tl_10" custom="readingOrder {index:9;}">
                <Coords points="453,1228 2550,1114 2709,1176 2773,1007 459,1090"/>
                <Baseline points="471,1193 537,1193 626,1193 716,1187 805,1187 895,1176 984,1176 1074,1170 1164,1170 1253,1164 1343,1158 1432,1152 1522,1146 1611,1146 1701,1140 1790,1134 1880,1128 1969,1128 2059,1122 2149,1122 2238,1116 2328,1110 2417,1110 2507,1104 2596,1104 2686,1098 2775,1086"/>
                <TextEquiv>
                    <Unicode>Mann fünfunddreissig Jahren?- Praktischer</Unicode>
                </TextEquiv>
            </TextLine>
            <TextLine id="tr_1_tl_11" custom="readingOrder {index:10;}">
                <Coords points="4059,1289 4769,1218 5871,1255 6077,1209 6080,1130 4062,1139"/>
                <Baseline points="4077,1211 4113,1217 4202,1229 4292,1229 4381,1223 4471,1223 4560,1217 4650,1217 4739,1217 4829,1217 4918,1217 5008,1217 5098,1217 5187,1217 5277,1211 5366,1211 5456,1205 5545,1205 5635,1211 5724,1205 5814,1205 5903,1205 5993,1205 6083,1193"/>
                <TextEquiv>
                    <Unicode>lenduell war er einmal ganz entschlos-</Unicode>
                </TextEquiv>
            </TextLine>
            <TextLine id="tr_1_tl_12" custom="readingOrder {index:11;}">
                <Coords points="3735,1270 3753,1273 3778,1258 3796,1277 3814,1258 3845,1277 3857,1264 3925,1316 3937,1307 3961,1316 3970,1182 3940,1185 3891,1160 3876,1166 3790,1136 3771,1148 3744,1136"/>
                <Baseline points="3754,1235 3796,1241 3886,1229 3975,1223"/>
                <TextEquiv>
                    <Unicode>-?</Unicode>
                </TextEquiv>
            </TextLine>
            <TextLine id="tr_1_tl_13" custom="readingOrder {index:12;}">
                <Coords points="915,1341 1191,1393 1595,1310 1837,1375 2042,1292 2728,1283 2773,1172 921,1209"/>
                <Baseline points="931,1325 984,1325 1074,1325 1164,1319 1253,1319 1343,1313 1432,1307 1522,1307 1611,1301 1701,1295 1790,1289 1880,1289 1969,1283 2059,1277 2149,1271 2238,1271 2328,1265 2417,1265 2507,1265 2596,1259 2686,1253 2775,1241"/>
                <TextEquiv>
                    <Unicode>Arzt, verheiratet, Vater eines Kin</Unicode>
                </TextEquiv>
            </TextLine>
            <TextLine id="tr_1_tl_14" custom="readingOrder {index:13;}">
                <Coords points="5290,1298 5339,1304 5360,1289 5379,1307 5440,1295 5464,1307 5513,1283 5590,1289 5636,1273 5749,1289 5752,1234 5728,1224 5706,1243 5633,1215 5581,1228 5553,1212 5516,1240 5437,1228 5409,1249 5376,1228 5351,1243 5327,1221 5293,1228"/>
                <Baseline points="5307,1283 5312,1283 5402,1271 5492,1271 5521,1271 5581,1265 5671,1265 5760,1259"/>
                <TextEquiv>
                    <Unicode>parleur.</Unicode>
                </TextEquiv>
            </TextLine>
            <TextLine id="tr_1_tl_15" custom="readingOrder {index:14;}">
                <Coords points="4592,1304 4622,1289 4647,1304 4763,1304 4874,1280 4910,1298 4947,1289 4981,1322 5027,1326 5063,1316 5063,1231 5008,1224 4919,1255 4855,1228 4806,1249 4757,1218 4693,1267 4675,1255 4647,1270 4592,1246"/>
                <Baseline points="4608,1289 4620,1289 4710,1289 4799,1283 4889,1277 4978,1283 5068,1283"/>
                <TextEquiv>
                    <Unicode>de cette nouvelle</Unicode>
                </TextEquiv>
            </TextLine>
            <TextLine id="tr_1_tl_16" custom="readingOrder {index:15;}">
                <Coords points="3600,1469 5927,1423 6061,1381 6061,1228 3600,1326"/>
                <Baseline points="3617,1378 3635,1378 3725,1378 3814,1373 3904,1373 3993,1367 4083,1367 4172,1384 4262,1384 4351,1384 4441,1384 4530,1384 4620,1384 4710,1378 4799,1378 4889,1373 4978,1373 5068,1367 5157,1367 5247,1367 5336,1361 5426,1361 5515,1361 5605,1361 5695,1367 5754,1361 5796,1361 5886,1361 5975,1355 6065,1355"/>
                <TextEquiv>
                    <Unicode>sen gewesen, nur war die Sache gütlich</Unicode>
                </TextEquiv>
            </TextLine>
            <TextLine id="tr_1_tl_17" custom="readingOrder {index:16;}">
                <Coords points="888,1521 2826,1460 2832,1341 2584,1280 1953,1381 897,1341"/>
                <Baseline points="907,1480 955,1480 1044,1480 1134,1474 1223,1468 1313,1462 1402,1462 1492,1456 1581,1456 1671,1450 1761,1450 1850,1444 1940,1438 2029,1438 2119,1432 2208,1426 2298,1420 2387,1414 2477,1414 2566,1414 2656,1402 2746,1396 2835,1378"/>
                <TextEquiv>
                    <Unicode>des?I- Contraharge? Zauguf? Duell? -</Unicode>
                </TextEquiv>
            </TextLine>
            <TextLine id="tr_1_tl_18" custom="readingOrder {index:17;}">
                <Coords points="3618,1573 5942,1570 5945,1427 3618,1451"/>
                <Baseline points="3635,1510 3725,1522 3814,1522 3904,1528 3993,1522 4083,1522 4172,1534 4262,1534 4351,1540 4441,1540 4530,1534 4620,1534 4710,1534 4799,1528 4889,1528 4978,1522 5068,1522 5157,1522 5247,1516 5336,1522 5426,1516 5515,1516 5605,1516 5689,1516 5701,1516 5772,1510 5862,1510 5951,1504"/>
                <TextEquiv>
                    <Unicode>beigelegt vorden (Aber damalen hatte</Unicode>
                </TextEquiv>
            </TextLine>
            <TextLine id="tr_1_tl_19" custom="readingOrder {index:18;}">
                <Coords points="879,1647 2372,1647 2841,1577 2844,1500 2544,1451 2421,1509 2210,1457 1567,1543 885,1521"/>
                <Baseline points="895,1641 967,1635 1056,1629 1146,1629 1235,1623 1325,1623 1414,1617 1504,1611 1593,1605 1683,1605 1772,1599 1862,1593 1952,1593 2041,1587 2131,1587 2220,1581 2310,1575 2399,1570 2489,1564 2578,1564 2668,1558 2757,1558 2847,1546"/>
                <TextEquiv>
                    <Unicode>Und am Ende wegen solch einer dummen</Unicode>
                </TextEquiv>
            </TextLine>
            <TextLine id="tr_1_tl_20" custom="readingOrder {index:19;}">
                <Coords points="4084,1748 5602,1720 5780,1693 5783,1534 4084,1610"/>
                <Baseline points="4101,1677 4172,1689 4262,1689 4351,1689 4441,1689 4530,1689 4620,1683 4710,1683 4799,1683 4889,1683 4978,1683 5068,1677 5157,1677 5247,1671 5336,1671 5426,1671 5515,1671 5605,1671 5695,1665 5784,1665"/>
                <TextEquiv>
                    <Unicode>er sich auch nicht sonderlich</Unicode>
                </TextEquiv>
            </TextLine>
            <TextLine id="tr_1_tl_21" custom="readingOrder {index:20;}">
                <Coords points="3661,1745 3701,1745 3722,1757 3741,1745 3765,1754 3824,1708 3888,1720 3891,1644 3845,1641 3814,1610 3781,1616 3738,1601 3726,1607 3695,1592 3680,1604 3664,1601"/>
                <Baseline points="3677,1683 3719,1683 3808,1677 3898,1677"/>
                <TextEquiv>
                    <Unicode>G.H.F.P.</Unicode>
                </TextEquiv>
            </TextLine>
            <TextLine id="tr_1_tl_22" custom="readingOrder {index:21;}">
                <Coords points="924,1828 2366,1794 2908,1727 2911,1650 2079,1607 1772,1678 934,1671"/>
                <Baseline points="943,1784 949,1784 1038,1784 1128,1778 1217,1778 1307,1772 1396,1772 1486,1767 1575,1767 1665,1761 1755,1749 1844,1749 1934,1743 2023,1743 2113,1737 2202,1731 2292,1731 2381,1725 2471,1725 2560,1719 2650,1719 2740,1713 2829,1701 2919,1701"/>
                <TextEquiv>
                    <Unicode>Rempelei ein Hieb in den Arm? Und xxx</Unicode>
                </TextEquiv>
            </TextLine>
            <TextLine id="tr_1_tl_23" custom="readingOrder {index:22;}">
                <Coords points="3545,1883 5421,1883 5614,1852 5614,1717 3545,1772"/>
                <Baseline points="3563,1820 3653,1832 3742,1826 3832,1832 3922,1832 4011,1826 4065,1826 4125,1838 4190,1838 4280,1844 4369,1844 4459,1844 4548,1844 4638,1844 4727,1844 4817,1838 4907,1838 4996,1838 5086,1832 5175,1832 5265,1832 5354,1826 5444,1832 5533,1826 5623,1826"/>
                <TextEquiv>
                    <Unicode>fühlt; also eine gewisse Anla-</Unicode>
                </TextEquiv>
            </TextLine>
            <TextLine id="tr_1_tl_24" custom="readingOrder {index:23;}">
                <Coords points="888,1975 2020,1910 2409,1956 2773,1898 2780,1776 897,1806"/>
                <Baseline points="907,1940 990,1940 1080,1940 1170,1934 1259,1934 1349,1928 1438,1922 1528,1916 1617,1916 1707,1910 1796,1904 1886,1898 1975,1898 2065,1892 2155,1892 2244,1886 2334,1880 2423,1874 2513,1874 2602,1874 2692,1868 2781,1856"/>
                <TextEquiv>
                    <Unicode>für ein paar Wochen berufsunfähig -</Unicode>
                </TextEquiv>
            </TextLine>
            <TextLine id="tr_1_tl_25" custom="readingOrder {index:24;}">
                <Coords points="4096,2069 5305,1999 5578,2036 5578,1901 5250,1852 4096,1913"/>
                <Baseline points="4113,1993 4148,1999 4238,1999 4328,1999 4417,1999 4507,1999 4596,1993 4686,1993 4775,1993 4865,1987 4954,1987 5044,1987 5133,1981 5223,1987 5312,1981 5402,1981 5492,1981 5581,1981"/>
                <TextEquiv>
                    <Unicode>Feigheit steekte doch wohl in</Unicode>
                </TextEquiv>
            </TextLine>
            <TextLine id="tr_1_tl_26" custom="readingOrder {index:25;}">
                <Coords points="934,2128 2510,2091 2807,2045 2810,1965 940,1987"/>
                <Baseline points="955,2095 1026,2095 1116,2089 1205,2089 1295,2083 1384,2083 1474,2077 1564,2071 1653,2071 1743,2065 1832,2059 1922,2059 2011,2053 2101,2047 2190,2041 2280,2041 2369,2035 2459,2035 2549,2029 2638,2023 2728,2017 2817,2017"/>
                <TextEquiv>
                    <Unicode>oder ein Aug heraus - oder gar Blut</Unicode>
                </TextEquiv>
            </TextLine>
            <TextLine id="tr_1_tl_27" custom="readingOrder {index:26;}">
                <Coords points="5896,2164 5927,2167 5957,2158 5979,2177 6015,2170 6025,2180 6040,2170 6046,2183 6067,2180 6077,2060 6049,2060 6037,2069 6028,2057 6009,2063 5994,2048 5942,2057 5933,2045 5905,2045"/>
                <Baseline points="5915,2131 5987,2131 6077,2119"/>
                <TextEquiv>
                    <Unicode>in -</Unicode>
                </TextEquiv>
            </TextLine>
            <TextLine id="tr_1_tl_28" custom="readingOrder {index:27;}">
                <Coords points="3738,2180 5522,2198 5777,2152 5777,2030 3738,2051"/>
                <Baseline points="3754,2143 3844,2143 3934,2143 3939,2143 3951,2143 3993,2137 4083,2143 4172,2155 4262,2155 4351,2155 4441,2155 4530,2149 4620,2149 4710,2149 4799,2143 4889,2143 4978,2143 5068,2143 5157,2137 5247,2143 5336,2137 5426,2131 5515,2131 5605,2137 5695,2131 5784,2131"/>
                <TextEquiv>
                    <Unicode>der Kerl ihn vielleicht kannte I</Unicode>
                </TextEquiv>
            </TextLine>
            <TextLine id="tr_1_tl_29" custom="readingOrder {index:28;}">
                <Coords points="814,2302 2761,2232 2767,2106 823,2128"/>
                <Baseline points="835,2262 889,2250 979,2256 1068,2250 1158,2244 1247,2244 1337,2238 1426,2232 1516,2226 1605,2226 1695,2220 1784,2214 1874,2208 1964,2208 2053,2202 2143,2202 2232,2196 2322,2190 2411,2190 2501,2184 2590,2178 2680,2178 2769,2172"/>
                <TextEquiv>
                    <Unicode>vergiftung—? Und über acht Tage so</Unicode>
                </TextEquiv>
            </TextLine>
            <TextLine id="tr_1_tl_30" custom="readingOrder {index:29;}">
                <Coords points="4114,2317 4326,2372 5486,2305 5648,2351 5896,2305 5899,2192 5431,2155 4114,2222"/>
                <Baseline points="4131,2304 4202,2310 4292,2304 4381,2304 4471,2304 4560,2304 4650,2304 4739,2304 4829,2304 4918,2298 5008,2292 5098,2292 5187,2292 5277,2292 5366,2298 5456,2292 5545,2292 5635,2286 5724,2286 5814,2286 5903,2286"/>
                <TextEquiv>
                    <Unicode>merte sich nicht ihn je gesehen zu</Unicode>
                </TextEquiv>
            </TextLine>
            <TextLine id="tr_1_tl_31" custom="readingOrder {index:30;}">
                <Coords points="937,2446 2161,2372 2409,2431 2862,2363 2865,2250 943,2305"/>
                <Baseline points="955,2405 990,2405 1080,2405 1170,2399 1259,2393 1349,2393 1438,2387 1528,2381 1617,2375 1707,2369 1796,2369 1886,2369 1975,2363 2065,2358 2155,2352 2244,2352 2334,2352 2423,2346 2513,2346 2602,2334 2692,2334 2781,2328 2871,2316"/>
                <TextEquiv>
                    <Unicode>weit wie der Herr in der Schreyvogel</Unicode>
                </TextEquiv>
            </TextLine>
            <TextLine id="tr_1_tl_32" custom="readingOrder {index:31;}">
                <Coords points="4102,2513 5125,2449 5819,2504 6006,2461 6009,2284 5645,2372 5498,2305 5036,2376 4105,2354"/>
                <Baseline points="4119,2459 4136,2459 4226,2465 4316,2465 4405,2465 4495,2453 4584,2453 4674,2453 4763,2453 4853,2453 4942,2453 5032,2453 5121,2447 5211,2459 5301,2453 5390,2447 5480,2447 5569,2447 5659,2447 5748,2447 5838,2441 5927,2441 6017,2429"/>
                <TextEquiv>
                    <Unicode>haben. Freilich, die Physiognomie vor</Unicode>
                </TextEquiv>
            </TextLine>
            <TextLine id="tr_1_tl_33" custom="readingOrder {index:32;}">
                <Coords points="964,2602 2911,2519 2917,2397 973,2434"/>
                <Baseline points="984,2566 1038,2566 1128,2560 1217,2555 1307,2549 1396,2543 1486,2543 1575,2537 1665,2531 1755,2525 1844,2525 1934,2519 2023,2513 2113,2513 2202,2507 2292,2501 2381,2501 2471,2501 2560,2495 2650,2489 2740,2489 2829,2477 2919,2471"/>
                <TextEquiv>
                    <Unicode>gasse unter der Bettdeske aus braunem</Unicode>
                </TextEquiv>
            </TextLine>
            <TextLine id="tr_1_tl_34" custom="readingOrder {index:33;}">
                <Coords points="4525,2559 4727,2532 4889,2565 5063,2529 5100,2553 5174,2516 5336,2550 5418,2541 5418,2467 5170,2495 5121,2449 4965,2504 4855,2470 4763,2498 4525,2483"/>
                <Baseline points="4542,2525 4620,2531 4710,2525 4799,2525 4889,2525 4978,2525 5068,2525 5157,2519 5247,2519 5336,2519 5426,2519"/>
                <TextEquiv>
                    <Unicode>où nélai même</Unicode>
                </TextEquiv>
            </TextLine>
            <TextLine id="tr_1_tl_35" custom="readingOrder {index:34;}">
                <Coords points="4114,2630 5676,2627 5780,2611 5780,2492 5630,2526 5516,2473 5415,2550 5177,2516 5054,2568 4114,2541"/>
                <Baseline points="4131,2614 4172,2620 4262,2614 4351,2614 4441,2608 4530,2608 4620,2608 4710,2608 4799,2608 4889,2608 4978,2602 5068,2602 5157,2596 5247,2602 5336,2602 5426,2596 5515,2596 5605,2596 5695,2596 5784,2596"/>
                <TextEquiv>
                    <Unicode>nicht deutlich zu sehen gewesen.</Unicode>
                </TextEquiv>
            </TextLine>
            <TextLine id="tr_1_tl_36" custom="readingOrder {index:35;}">
                <Coords points="949,2746 2777,2694 2942,2663 2948,2507 1904,2608 1766,2541 955,2590"/>
                <Baseline points="967,2710 984,2710 1074,2710 1164,2710 1253,2704 1343,2698 1432,2698 1522,2692 1611,2686 1701,2686 1790,2686 1880,2680 1969,2674 2059,2668 2149,2668 2238,2662 2328,2662 2417,2656 2507,2650 2596,2650 2686,2644 2775,2644 2865,2632 2954,2638"/>
                <TextEquiv>
                    <Unicode>Flanell? - Æja, das war es,das allein.</Unicode>
                </TextEquiv>
            </TextLine>
            <TextLine id="tr_1_tl_37" custom="readingOrder {index:36;}">
                <Coords points="4096,2697 5504,2706 5627,2688 5627,2630 4096,2645"/>
                <Baseline points="4113,2692 4202,2698 4292,2698 4381,2692 4471,2692 4560,2692 4650,2686 4739,2686 4829,2680 4918,2680 5008,2674 5098,2674 5187,2674 5277,2674 5366,2674 5456,2674 5545,2668 5635,2668"/>
                <TextEquiv>
                    <Unicode>and a die is in hoffuillet on of</Unicode>
                </TextEquiv>
            </TextLine>
            <TextLine id="tr_1_tl_38" custom="readingOrder {index:37;}">
                <Coords points="4108,2826 4717,2770 5636,2826 5777,2792 5780,2676 4108,2712"/>
                <Baseline points="4125,2763 4172,2775 4262,2775 4351,2769 4441,2769 4530,2769 4620,2763 4710,2763 4799,2763 4889,2763 4978,2757 5068,2757 5157,2757 5247,2752 5336,2752 5426,2752 5515,2752 5605,2757 5695,2757 5784,2757"/>
                <TextEquiv>
                    <Unicode>eigene hoffentlich auch nicht N.:</Unicode>
                </TextEquiv>
            </TextLine>
            <TextLine id="tr_1_tl_39" custom="readingOrder {index:38;}">
                <Coords points="967,2911 2173,2835 2372,2878 2556,2813 2718,2862 2777,2847 2783,2734 2192,2688 2036,2758 1904,2715 1528,2786 1237,2728 973,2786"/>
                <Baseline points="984,2865 996,2865 1086,2871 1176,2865 1265,2859 1355,2853 1444,2853 1534,2847 1623,2841 1713,2841 1802,2841 1892,2835 1981,2835 2071,2829 2161,2823 2250,2817 2340,2811 2429,2805 2519,2805 2608,2805 2698,2799 2787,2793"/>
                <TextEquiv>
                    <Unicode>Weil er eben von dort kam; weil er</Unicode>
                </TextEquiv>
            </TextLine>
            <TextLine id="tr_1_tl_40" custom="readingOrder {index:39;}">
                <Coords points="4362,2868 4396,2881 4445,2850 4482,2875 4528,2853 4549,2878 4583,2887 4622,2859 4644,2868 4699,2853 4699,2789 4681,2783 4604,2819 4561,2804 4531,2819 4472,2804 4445,2819 4402,2792 4365,2792"/>
                <Baseline points="4381,2847 4435,2853 4524,2853 4614,2853 4704,2835"/>
                <TextEquiv>
                    <Unicode>ginanct</Unicode>
                </TextEquiv>
            </TextLine>
            <TextLine id="tr_1_tl_41" custom="readingOrder {index:40;}">
                <Coords points="4114,2985 5985,2957 6015,2813 5002,2780 4586,2887 4114,2835"/>
                <Baseline points="4131,2925 4142,2925 4232,2931 4322,2931 4411,2925 4501,2925 4590,2925 4680,2925 4769,2925 4859,2925 4948,2919 5038,2919 5127,2913 5217,2913 5307,2913 5396,2913 5486,2913 5575,2913 5665,2913 5754,2913 5844,2907 5933,2907 6023,2907"/>
                <TextEquiv>
                    <Unicode>man sich wieder begegnete liess sich</Unicode>
                </TextEquiv>
            </TextLine>
            <TextLine id="tr_1_tl_42" custom="readingOrder {index:41;}">
                <Coords points="946,3040 2207,3034 2764,2963 2770,2847 1922,2844 1776,2923 952,2960"/>
                <Baseline points="967,3026 984,3026 1074,3026 1164,3026 1253,3020 1343,3014 1432,3014 1522,3008 1611,3002 1701,2996 1790,2990 1880,2990 1969,2984 2059,2978 2149,2972 2238,2972 2328,2972 2417,2966 2507,2960 2596,2954 2686,2949 2775,2937"/>
                <TextEquiv>
                    <Unicode>vor einer Stunde - wieder einmal -</Unicode>
                </TextEquiv>
            </TextLine>
            <TextLine id="tr_1_tl_43" custom="readingOrder {index:42;}">
                <Coords points="4099,3110 4580,3147 5697,3080 5697,2948 5507,2930 5449,2979 5290,2930 4102,3006"/>
                <Baseline points="4119,3074 4184,3080 4274,3080 4363,3080 4453,3080 4542,3080 4632,3080 4721,3074 4811,3074 4901,3074 4990,3074 5080,3068 5169,3068 5259,3068 5348,3062 5438,3062 5527,3062 5617,3062 5706,3062"/>
                <TextEquiv>
                    <Unicode>die Angelegenheit immer noch i</Unicode>
                </TextEquiv>
            </TextLine>
            <TextLine id="tr_1_tl_44" custom="readingOrder {index:43;}">
                <Coords points="970,3233 1932,3205 2158,3138 2835,3168 2936,3119 2939,3031 2676,3058 2431,2982 1895,3086 1283,3034 1084,3119 977,3083"/>
                <Baseline points="990,3181 1062,3187 1152,3181 1241,3175 1331,3175 1420,3169 1510,3169 1599,3163 1689,3157 1778,3151 1868,3146 1958,3140 2047,3140 2137,3134 2226,3134 2316,3128 2405,3128 2495,3122 2584,3122 2674,3116 2763,3110 2853,3104 2943,3098"/>
                <TextEquiv>
                    <Unicode>von Angesicht zu Angesieht gesehen, es</Unicode>
                </TextEquiv>
            </TextLine>
            <TextLine id="tr_1_tl_45" custom="readingOrder {index:44;}">
                <Coords points="4114,3285 5406,3263 5489,3217 5657,3254 5660,3083 4114,3144"/>
                <Baseline points="4131,3223 4142,3223 4232,3235 4322,3235 4411,3235 4501,3235 4590,3229 4680,3229 4769,3229 4859,3229 4948,3223 5038,3229 5127,3223 5217,3223 5307,3223 5396,3217 5486,3217 5575,3217 5665,3217"/>
                <TextEquiv>
                    <Unicode>bringen. Keineswegs war er ver</Unicode>
                </TextEquiv>
            </TextLine>
            <TextLine id="tr_1_tl_46" custom="readingOrder {index:45;}">
                <Coords points="983,3373 1935,3361 2265,3294 2535,3340 2826,3260 2829,3181 1809,3165 1264,3260 992,3217"/>
                <Baseline points="1002,3343 1038,3337 1128,3337 1217,3331 1307,3331 1396,3325 1486,3319 1575,3319 1665,3313 1755,3307 1844,3307 1934,3301 2023,3295 2113,3289 2202,3283 2292,3283 2381,3277 2471,3271 2560,3271 2650,3265 2740,3259 2829,3259"/>
                <TextEquiv>
                    <Unicode>im Innersten gespürt hatte, was der</Unicode>
                </TextEquiv>
            </TextLine>
            <TextLine id="tr_1_tl_47" custom="readingOrder {index:46;}">
                <Coords points="5565,3429 5602,3413 5633,3422 5654,3401 5749,3432 5798,3395 5850,3422 5924,3395 6009,3407 6009,3297 5920,3288 5893,3306 5789,3279 5758,3297 5565,3294"/>
                <Baseline points="5581,3372 5659,3372 5748,3372 5838,3372 5927,3372 6017,3366"/>
                <TextEquiv>
                    <Unicode>der eben</Unicode>
                </TextEquiv>
            </TextLine>
            <TextLine id="tr_1_tl_48" custom="readingOrder {index:47;}">
                <Coords points="4120,3435 5348,3419 5394,3398 5397,3245 5241,3288 5164,3248 4877,3257 4821,3303 4635,3263 4567,3312 4124,3282"/>
                <Baseline points="4136,3378 4148,3384 4238,3390 4328,3384 4417,3384 4507,3384 4596,3378 4686,3384 4775,3378 4865,3384 4954,3384 5044,3378 5133,3378 5223,3378 5312,3372 5402,3372"/>
                <TextEquiv>
                    <Unicode>tet um Mitternacht, als A</Unicode>
                </TextEquiv>
            </TextLine>
            <TextLine id="tr_1_tl_49" custom="readingOrder {index:48;}">
                <Coords points="967,3508 2278,3514 2645,3438 2862,3523 2871,3300 970,3413"/>
                <Baseline points="984,3492 996,3492 1086,3492 1176,3492 1265,3486 1355,3480 1444,3474 1534,3474 1623,3468 1713,3468 1802,3468 1892,3456 1981,3450 2071,3444 2161,3444 2250,3438 2340,3432 2429,3432 2519,3426 2608,3420 2698,3420 2787,3414 2877,3408"/>
                <TextEquiv>
                    <Unicode>Tod war. Darum. Nicht Feigheit. Philo</Unicode>
                </TextEquiv>
            </TextLine>
            <TextLine id="tr_1_tl_50" custom="readingOrder {index:49;}">
                <Coords points="4127,3603 5507,3542 5862,3591 6028,3554 6031,3413 4130,3429"/>
                <Baseline points="4142,3540 4154,3545 4244,3545 4333,3545 4423,3545 4513,3540 4602,3540 4692,3540 4781,3540 4871,3534 4960,3534 5050,3540 5139,3534 5229,3534 5318,3528 5408,3528 5498,3528 5587,3528 5677,3528 5766,3528 5856,3534 5945,3534 6035,3534"/>
                <TextEquiv>
                    <Unicode>zu einem Kranken geholt worden, -ja,</Unicode>
                </TextEquiv>
            </TextLine>
            <TextLine id="tr_1_tl_51" custom="readingOrder {index:50;}">
                <Coords points="998,3661 2317,3670 2507,3597 2602,3652 2697,3576 2807,3591 2813,3514 2578,3438 2480,3505 2201,3468 1001,3560"/>
                <Baseline points="1014,3647 1026,3647 1116,3647 1205,3647 1295,3641 1384,3635 1474,3635 1564,3623 1653,3623 1743,3617 1832,3617 1922,3611 2011,3611 2101,3599 2190,3599 2280,3593 2369,3593 2459,3581 2549,3581 2638,3575 2728,3569 2817,3569"/>
                <TextEquiv>
                    <Unicode>sophie Ueberlegung. (Aber er hatte</Unicode>
                </TextEquiv>
            </TextLine>
            <TextLine id="tr_1_tl_52" custom="readingOrder {index:51;}">
                <Coords points="4108,3719 5229,3750 6052,3683 6052,3585 5945,3554 5709,3625 5164,3548 4108,3585"/>
                <Baseline points="4125,3689 4178,3701 4268,3701 4357,3695 4447,3695 4536,3695 4626,3695 4716,3695 4805,3695 4895,3689 4984,3695 5074,3695 5163,3689 5253,3683 5342,3683 5432,3683 5521,3683 5611,3683 5701,3683 5790,3683 5880,3683 5969,3683 6059,3671"/>
                <TextEquiv>
                    <Unicode>man konnte es ja auch so darstellen</Unicode>
                </TextEquiv>
            </TextLine>
            <TextLine id="tr_1_tl_53" custom="readingOrder {index:52;}">
                <Coords points="1013,3845 2798,3738 2957,3814 2985,3661 2697,3572 2434,3680 1022,3664"/>
                <Baseline points="1032,3814 1110,3802 1199,3802 1289,3796 1378,3790 1468,3784 1558,3784 1647,3778 1737,3772 1826,3766 1916,3766 2005,3760 2095,3754 2184,3754 2274,3748 2363,3748 2453,3748 2543,3742 2632,3737 2722,3737 2811,3731 2901,3725 2990,3719"/>
                <TextEquiv>
                    <Unicode>gar gar nicht überlegt. Das Herz hatte</Unicode>
                </TextEquiv>
            </TextLine>
            <TextLine id="tr_1_tl_54" custom="readingOrder {index:53;}">
                <Coords points="4120,3940 6074,3879 6095,3701 4120,3747"/>
                <Baseline points="4136,3838 4220,3850 4310,3850 4399,3850 4489,3850 4578,3850 4668,3850 4757,3850 4847,3844 4936,3844 5026,3844 5115,3844 5205,3844 5295,3838 5384,3838 5474,3838 5563,3838 5653,3838 5742,3838 5832,3832 5921,3832 6011,3832 6100,3820"/>
                <TextEquiv>
                    <Unicode>auf eine alberne Studentenrempelei zu</Unicode>
                </TextEquiv>
            </TextLine>
            <TextLine id="tr_1_tl_55" custom="readingOrder {index:54;}">
                <Coords points="973,3967 1313,4035 2076,3915 2639,3952 2966,3925 2969,3814 2801,3735 2544,3820 2152,3771 977,3851"/>
                <Baseline points="990,3957 1008,3957 1098,3957 1187,3957 1277,3951 1367,3951 1456,3945 1546,3939 1635,3934 1725,3928 1814,3928 1904,3922 1993,3916 2083,3910 2172,3910 2262,3904 2352,3904 2441,3898 2531,3898 2620,3898 2710,3892 2799,3886 2889,3880 2978,3874"/>
                <TextEquiv>
                    <Unicode>Ihm geklopft und die Kaise ihm gezit-</Unicode>
                </TextEquiv>
            </TextLine>
            <TextLine id="tr_1_tl_56" custom="readingOrder {index:55;}">
                <Coords points="1010,4133 2630,4087 2948,4056 2954,3961 1013,4029"/>
                <Baseline points="1026,4119 1080,4119 1170,4119 1259,4113 1349,4113 1438,4107 1528,4107 1617,4101 1707,4095 1796,4095 1886,4089 1975,4083 2065,4077 2155,4071 2244,4071 2334,4071 2423,4071 2513,4065 2602,4059 2692,4053 2781,4047 2871,4047 2960,4035"/>
                <TextEquiv>
                    <Unicode>tort und er war seiner Wege gegangen.</Unicode>
                </TextEquiv>
            </TextLine>
        </TextRegion>
    </Page>
</PcGts>
