6568 4184
3925 364 6110 651 Krankenhaus war es kaum eine Viertelstun-
4488 566 4893 691 SHeym
3940 594 5967 834 de in die Neglergasse; die Lüft,in der
3934 756 6157 968 schon eine Ahnung des nahen Früklings war,
3934 903 6150 1117 tat Fridolin so wohl, dass er der Einladung
4270 1055 4600 1149 S. M. de M.
3940 1061 6104 1273 des Komfortabelkutschers an der Strassen¬
3940 1211 6359 1438 ecke keine Folge leistete und mit seinen xxx
3934 1416 6085 1569 raschen Schritten die Alserstrasse hinab,
4656 1497 5360 1612 derlvey next
3940 1500 6396 1749 quer über den sing bald vor dem alten Haus
3940 1659 6122 1871 stand, das zwischen einem andern von glei-
3931 1811 6144 2036 cher Art und einem vierstoch hohen moder-
3934 2011 6150 2207 non Gebäude in der Schreyvogelgasse hügel-
3922 2169 6035 2359 an auf einem letzten Rest der einstigen
4631 2247 5904 2353 wir zur rechts Trittesboe.
3934 2316 6138 2524 Bastei stand.) Er eilte die schlechtbeleuch-
5378 2412 6107 2534 des alten Herren.
3931 2468 6359 2692 tete 4 (schmale) gewundene Treppe hinauf, xxx
4554 2574 5251 2695 Kelogel Sindi
3947 2664 6331 2773 zog an der Glocke denn hier gab es noch hilte
3682 2727 5786 2854 Sie Elekkrigkeit hatt keinen Einzug gehalten die
3928 2801 6172 2941 keine als ktrische Nlinge 1) und markte schon
4799 2888 5304 3013 klevel
3925 2888 6135 3122 ehe der altväterische Ton der Gleeke sich
4775 3035 5245 3144 merktion
3953 3035 6206 3265 vernehmen liesa, dass die Türe nur angelehnt
3987 3200 5027 3315 titeler den Vorraum
3922 3203 6206 3452 war. Aus dem  trat er in das (Wohn¬
4482 3333 5494 3474 konnte erfert und xyz.
5027 3393 6113 3573 erste Bliek belehrte
3934 3405 4790 3601 zimmer und sehen
3654 3517 6150 3775 , dass er zu spät gekommen war. Die grün-
