6760 4424
2610 538 2819 678 122
896 663 3219 845 die Sache an sich nicht verständlicher. Aber
905 821 3004 997 Was für einen Anlass hatte sie sich für
1595 953 1926 1057 im oufer
914 962 3034 1209 ihn zu opfern. Ond war sie überhauptt ein
914 1102 3019 1311 Wesen, für die das, was ihr nun bevorstand,
2237 1242 3058 1359 or the last.
914 1275 2992 1457 ein Opfer bedeutete? Wenn sie an diesen
2031 1353 3345 1505 in hinaat nicht da und het
1108 1424 1344 1535 siner,
899 1412 3306 1642 Gesellschaften tilnahm was konnte ihr da-id. u
2986 1541 3300 1648 la is
920 1562 3264 1810 ran liegen sich einem dieser Kavaliere
1607 1720 2180 1825 in wille p.ce
1183 1735 1383 1828 ihnen
917 1711 3273 1983 oder allen hinzugeben? Hatte vielleicht
914 1881 2885 2063 diese Komödie,dieses scheinbare Opfer
1009 2025 3055 2210 und dieser Einfall brachte sein Blut in
911 2171 3025 2377 neue Wallung - gar nichts anderes be-
914 2350 3013 2574 zweckt? Was war sie übehaupt? Konnte sie
923 2488 3016 2688 etwas anderes sein als eine Dirne? Waren
1153 2637 3052 2753 dientderbe me aoutes je viens s. ct. ordre.
932 2720 2965 2840 es nicht alle hier? Auch wenn siehviel-
2658 2777 2944 2900 Attles.
926 2792 3007 2998 leicht noch irgend ein zweifel,bürgerli-
926 2956 3028 3207 ches Leben neben diesem führten? Und war
1929 3103 2135 3207 rebe
920 3118 2810 3309 nicht alles, was er hier erlebt,wahr-
2007 3255 2320 3374 quein.
2434 3252 2604 3360 in the
929 3306 2837 3491 scheinlich ein Spass, den man mit ihm
1075 3422 1983 3545 erlaubt in Mess.
926 3404 2888 3679 aufgeführt, der für den Fall, dass sich
923 3572 2989 3766 einmal ein unberufener hier einschlei -
6020 508 6232 636 123
3846 511 4011 678 P.S.I.
5145 564 6319 815 „vorgesehen und vorbe¬
4270 639 5109 830 chen sollte, schon
5145 756 6196 869 ... / handlyck - spiel.
4718 800 5109 887 in which
4267 830 6307 982 reitet war? Und doch - in ihrer Stimme,
5429 926 5832 1024 ains. T.
4282 968 6140 1138 in ihrer Haltung, in dem unfassbaren
5608 1075 5853 1174 ne
4267 1132 6274 1296 Adel ihres unverhüllten Leibes war ir-
4933 1245 5139 1362 gelesen
4291 1245 6268 1454 gend etwas gewesen, das unmöglich Lüge
4288 1392 6298 1607 sein konnte. Oder Kette vielleicht nur
5465 1511 6331 1666 des Minées glück
4602 1571 4850 1672 here
4288 1565 6373 1798 seine plötzliche Erscheinung sie verwan-
4282 1708 6388 1962 delt? Nach allem was ihm diese Nacht be-
5178 1854 5599 1968 sint das
4252 1875 4745 1995 Je terei,
4088 1846 6352 2063 gegnet hielt er so etwas für nicht ganz
4291 2069 6385 2228 unmöglich. Vielleicht gab es Augenblicke,
5393 2156 6128 2270 in minderstellende
4294 2216 6385 2368 Nächte, wo solch ein seltsamer Zauber von
5172 2305 6286 2425 deren unter genohlen
4282 2350 4745 2437 Mannen
4285 2356 6394 2526 Menschen ausgeht,die sonst keine-grösse-
5507 2440 6480 2610 and  to his & ebernoff
4330 2494 5283 2598 Verechung Hemmer
4306 2547 6283 2667 ren Wirkungen auszuühan wissen, als an-
4282 2643 5775 2759 über den auch geschlecht u unverwandten
4294 2646 6391 2837 dere Menschen. So angestrengt, so verzwei-
4306 2786 6301 2983 felt dachte er über all dies nach, dass
4306 2941 6426 3156 er sich der Fahrt gar nicht recht bezusst
5513 3100 5793 3201 unnen
4306 3100 6211 3321 wurde. Der Wagen fuhr/hügelaufwärts,
4706 3252 4960 3351 Coutte
4321 3243 6411 3446 längst sollte er an der Ecke sein, wo der
5339 3395 5844 3500 einhegen nicht
3712 3404 4670 3598 - Wien mit reell konx
4330 3422 6438 3598 Weg in die Hauptstrasse einbog. Was hatte
4294 3554 6283 3813 man mit ihm vor? Wohin sollte ihn der
