6504 4344
5738 417 5895 555 48
1035 497 2623 632 wenig aus mördige Bevenkauf
1596 591 2797 723 dlis avis Besichtigkeit
3946 541 5746 806 verdächtig und er ging rascher, als
809 685 2678 884 weiter zu führen, aus mehr als einem
3954 723 5901 931 wollte er, jeder Ant von Verantwortung
801 787 2695 1013 Grunde. Er wollte keine Verpflichtun-
3951 892 5821 1102 und Versuchung so rasch als möglich
820 989 2676 1160 gen nicht einmal Unbequemlichkeiten
3960 1038 6152 1237 entfliehen. Und warum gerade der? Noch nicht
815 1140 2772 1309 auf sich nehmen und sich gegenüber Al-
5288 1176 5445 1276 ren
3960 1198 5716 1383 ein paar HuddertTausende Arme, und
809 1256 2756 1466 bestinen keine Vorwürfe zu machen ha-
4669 1347 4959 1439 in Wien
3957 1331 5738 1563 Elenden gibts. Wenn man sich um die
809 1430 2943 1585 ben oder lügen müssen. Und vor allem Auf
3962 1527 5854 1717 alle kümmern sollte, um alle Schicksa
817 1579 3040 1756 erschien ihm Mariannes Betragen doch
1400 1704 1927 1806 à la récède
3971 1676 5915 1833 le dieser Erde! Und der Tote fiel ihm
815 1734 2593 1933 weniger xxxdax Ausdruck eines wah¬
4222 1803 5462 1930 der a chez vulonci,
1585 1836 2579 1974 imme ont    al
3987 1839 5765 2007 ein Mariannes Vater und zum ersten
826 1919 2689 2076 ren Gefühls,als vielmehr aus der ei¬
5785 1781 6047 2021 by
4007 1952 5677 2046 mit einigen I haver sondern an
3984 2007 5942 2165 Mal fasste eres eigentlich, dass dieser
3322 1949 3921 2165 I am to the
812 2049 2767 2209 ner hysterischen,durch die besonderen
4065 2107 5310 2206 dertile et daran, clept de
3314 2132 3880 2259 Ekel double
3979 2165 5782 2314 Mann tot war und schon anfing; wenn
3275 2215 3904 2339 dans depuis
823 2151 2758 2419 Umstände geteigerte Anlage. Auf einer
3278 2303 3929 2424 der laryditié.
4001 2245 5939 2458 es auch noch nicht zu merken war, nach
3305 2369 3811 2524 sucheviter
4857 2400 5481 2510 des werk de
826 2311 2712 2560 Bank, der Länge nach ausgestreckt, lag
3998 2422 5906 2604 ewigen Gesetzen in Verwesung und Zer-
3302 2466 3874 2609 tribuite de
826 2469 2573 2701 ein ziemlich zerlumpter Mensch, den
4277 2557 5238 2684 1 ihn begründen hatten,
5498 2540 5942 2684 trate in.
3308 2546 3929 2712 witer Heck.
4001 2637 5774 2778 fall überzugehen. Und er seheuchte
826 2637 2753 2833 Hut in die Stirn gedrückt. Armer Teu-
4007 2734 5812 2943 dan banales, millienenmal gedachten
826 2786 2767 2999 fel, dachte Fridolin,wenn ich ihn auf-
2634 2921 2999 3065 scubte
4023 2886 5898 3093 und ausgesprochenen Gedanken an das
820 2946 2717 3181 weckteund Geld für ein Nachtlager
4009 3076 5962 3253 was uns Allen bevorsteht, und wir doch
820 3082 2825 3319 he 't Ach, was wäre damit getan,dachte er
4020 3233 5854 3438 nie und nimmer fassen, weit von sich
820 3261 2803 3499 weiter.Dann müsste ich morgen auch für
4639 3341 5368 3449 Um Erfreul nicht
4037 3355 5851 3559 fort. Immerhintes war schön, dass er
817 3454 2576 3617 eines sorgen, überdies für Mahrung
4009 3510 5917 3736 noch lebte, dass für ihn aller Wahr
826 3551 2585 3791 und Kleider, und am Ende würde ich
5067 3628 6066 3764 diese k. n. zu dienen
4020 3725 5906 3891 scheinlichkeit noch sehr fern waren.
831 3730 2725 3973 noch sträflicher Beziehungen mit ihm
