7000 4424
6400 223 6695 436 198.
3779 262 6307 562 mandé a ci il ab; une général de
3782 469 6358 815 leebt de Schutt zu Reis, und über den
711 627 3168 954 als erwartete er ich dit in vid in de
3753 666 6284 1002 Jany byd and in de lubits uliret.
763 908 3152 1183 selver klemert), und so clau in ein¬
3753 882 6206 1202 Dr. Adler hofte ihm schwergeord und „Mof
2702 1067 3161 1245 is, in
3782 1093 6345 1390 der Hein - Tüdlin hat am Meistberken.
798 1122 2909 1384 Als segte sie nicht allend, ich nicht
2599 1261 3035 1422 (volé)
3831 1274 6320 1577 in die überübel, sach erwieder und reinige
776 1335 3048 1603 ne die mir hingreife uns zugleich
3863 1513 6442 1885 Stände vorschuldig mit auf,
834 1503 3035 1768 as nichte auf der baltige blauen
3798 1707 6132 1914 eine Monsieur Hillel... Während des¬
831 1691 2993 1975 todum in hohvin fim Blin¬
3779 1878 6265 2130 hatte ich M Adler wieder an einen Frach
876 1927 2938 2227 de sein zu kennen. E bevogt
4535 2056 4881 2198 byeben
3834 2085 6164 2347 Sterlind zuerst und schien ihre viele
915 2069 3287 2369 in mese - de. flurtert. & teil
3869 2289 6423 2576 seine entleiten Arbeit wie zurück zieck.
895 2308 2353 2583 la lui est de dir, -
5450 2473 5712 2596 ¬44
1458 2499 1642 2634 Mr
3873 2457 6168 2706 Er scheldet der entsponden bittwort
928 2450 3265 2777 Truby erwachte zahler zu Besien
2046 2625 2858 2777 suidée de Ser
3860 2657 6038 2942 in und blick in er bemerken. Acht
960 2709 2987 3009 er løst ein Frage, ein kleine
1009 2822 3271 3200 The Aude Kaufelent and by
3850 2819 6455 3184 he be vermete darube. Also to dease
3821 3077 6313 3336 cripe binite, lis Trickin, so den tief
1034 3048 3136 3378 der Arme zorglich zu Seiten der
3834 3252 6067 3591 in er vt r omtcheeden. Sr Cole
1044 3275 3462 3601 Rimpfer his.    Heirnaben  sont schier
5208 3488 6126 3659 sa ciel de Traepang
3853 3449 6316 3811 sche vorliefte. Wollst  die
1073 3446 3278 3743 dann das Es war ich, als ob
1141 3662 3258 3924 der Frai in eben diese Anerblick
1190 3853 1548 3966 detour
1070 3885 3058 4183 jeiterten war.  Ganz plötzlich
