6488 4312
5872 327 6039 538 52
3646 465 6033 686 es das fällt dem Kerb ein, dachte Fridolin,
2480 538 2653 670 51
2307 580 2643 721 dame
3854 650 5850 817 xxx blieb unwillkürlich stehen, der
647 634 2874 868 war, schon wegen ihres Bruders,des Kadetten
1509 807 1711 903 man
698 807 1352 913 février. He
3595 791 5885 980 andere nach zwei Schritten tat des-
647 814 3056 1025 gewesen. Nun war er längst Hauptmann, oder ja lige
3556 964 5856 1144 - xxxgleichen und so sahen sie einander
670 1016 2617 1189 lag irgendwo in Polen in Garnison, von
3681 1089 5985 1288 in gemessener Entfernung einen Moment
650 1166 2611 1346 Franzi aber hatte vridolin seit ihrer
1112 1249 2493 1362 mit dem dem Nochilshauter „
3566 1265 5780 1429 lang in die Augen. Plötzlich aber
660 1291 2662 1506 Verheiratung nie etwas wieder gehört.
3476 1390 5844 1599 xxx Wandte Fridolin sich wieder ab und
650 1477 2736 1640 Die Studenten waren näher gekommen. Sie
3739 1567 5905 1730 gung weiter. Er hörte ein kurzes La-
647 1608 2682 1794 redeten laut und lachten;- ob er nicht
3652 1717 3925 1877 du V:A:S:
4005 1727 5872 1919 chen hinter sich, fast hätte er sich
670 1759 2624 1932 einen oder den andern aus dem Spitale
3639 1881 5933 2057 nochmals umgewandt, um den jungen Men-
663 1922 2714 2111 kannte. Doch bei der schwachen Beleuch-
3611 2034 5805 2249 sehen zu stellen, aber er verspürte
673 2034 2723 2271 tung war es kaum möglich die Physiogno-
1016 2188 1403 2291 dentled.
3505 2204 5933 2368 sonderbares Herzklopfen ganz wie
666 2188 2720 2432 mien genauer auszunehmen. Nun, sie hät-
3463 2348 5981 2531 amals vor zwölf- oder vierzehn Jahren,
660 2364 2742 2589 ten wohl ein wenig gegen die Strasse zu
3601 2496 5927 2650 ### als es einmal heftig an seine Tür ge¬
663 2509 2698 2707 asuweichen können; er musste sieh ganz
5357 2643 5956 2781 in your
3457 2643 5888 2855 de ###cht hatte, während Franzi hei ihm y
657 2701 2601 2912 nah an die Mauer halten, um nicht mit
3543 2784 5978 3015 reicht war — (es war nur der Briefträger gewe¬
660 2800 2733 3047 ihnen zusammenzustossen.- Nun waren sie
3476 2941 5885 3197 sen und er setzte seinen Weg fort,
676 2973 2601 3201 vorbei; - nur der xxx zuletzt ging,
3524 3079 3790 3181 &c-
3434 3098 5892 3322 eifen. ohne sich nach einmal umzuwenden. Was
676 3159 2650 3377 ein langer Kerl im offenen Wintrrock,
3438 3268 5844 3482 ist das fragte er sich und merkte,
676 3293 2723 3492 hohien-geradezu absichtlich-ein Stück
1784 3415 1945 3524 und
3434 3383 5898 3585 soll dass ihm die Knise ein wenig zitter-
689 3447 2714 3655 ehen zurückzubleiben, um statt Fridolin
3386 3575 5962 3777 ten. Feig - 7 Unsinn,erwiderte er sich
679 3559 2771 3800 vorbeizulassen, stiess er mit dem seit-
4392 3720 4876 3976 tout eu les
4982 3729 5360 3909 am 31. J.
686 3764 2704 3944 lich abgestreckten Ellbogen an ihn an.
