6888 4440
2752 412 3069 572 138
2700 565 2945 713 166
1278 634 1611 768 une
39 628 226 853 813
1111 667 2997 935 (läeheind),aber-wie soll ich dir das
1131 853 2952 1102 nur sagen,-unsere Zärtlichkeit war
2206 987 2586 1075 Umarreurs
1527 1013 1703 1105 une
1115 994 3063 1239 trotz der innigsten Berührung,seelen
1124 1173 3089 1376 haft, schwermütig mit einer Ahnung von
1863 1268 3321 1402 und so wiederleicht, um einen Ortschein
1164 1353 3056 1546 vorbestimmtem Leid.Mit einem Mal war
1680 1409 3256 1553 und de trunvoll Blüswe-Bünche
1147 1500 3269 1700 es Morgen,wir sollten wieder zurück
2099 1585 2582 1716 orfeide.
3050 1582 3226 1723 xx
1180 1631 3046 1804 unter die Menschen De war nun etwas
2304 1657 3360 1850 Fort - - weilage nacht d -
1164 1781 3171 2023 Schreckliches geschehen. Unsere Kleider
2638 1886 2971 2000 Edle,
2184 1919 2396 2014 une
1272 1945 1474 2046 die
1177 1955 3079 2151 waren fort.Eine (furchtbare) Augst kam
1177 2121 3099 2301 über mich, eine viel schlimmere,
1173 2233 3118 2452 wahrscheinlich das klingt) als ich sie
1827 2354 3138 2478 selbst in einer grauen erschicklung gelieben
1170 2445 3033 2615 im Wachsein/hätte empfinden können.
1203 2540 3187 2805 Eitm-Scham, brennend bis zu innerer Ver-
1193 2680 3109 2893 nichtung, (Dieses###ehemgefühl — was) zu
2357 2801 3092 2926 et mari de He
1190 2837 3239 3086 gleicher Zeit ein Hass auf dich und all
1236 2984 3236 3197 dieses, Angst, Scham und Hass war in der
2170 3082 3426 3262 wie man in lieblichert empfählt kommt
1206 3200 3109 3403 Stärke mit nichts/zu vergleichen was
1203 3357 3082 3566 diesen Gefühlen im Wachseig entspre
2543 3386 3337 3566 hr Juristen
1229 3471 3112 3687 chen kann4 Du fühltest) das ohne dass
2507 3556 3383 3730 in Benishem dem Thely
2059 3612 2350 3710 in halle
1232 3638 3037 3880 ich es aussprach. Und schuldbaleden
1915 3772 2213 3880 konnte
1203 3775 3230 4034 stürztest du davon, nackt wie du warst.
6103 160 6430 356 que le
6103 324 6397 526 11
6044 484 6276 657 167
4946 477 6008 703 in all of it.
4302 657 6364 824 (Ieh wusste) dass du unter die Menschen
4553 752 6305 866 (nachlage einlyiben und in p.
4416 791 6495 968 „ gingst,um uns Gewänder zu verschaffen.“
4423 915 6423 1141 ich fand das ganz in der Ordnung, Ewei-
4799 1059 5681 1177 at me deine fflicht.
4432 1075 6417 1278 felte nicht, dass du in kürzester Frist
4426 1203 6315 1419 alles Notwendige bringen würdest du
3932 1242 4377 1461 As de f.
3851 1399 6377 1608 mordert teile tatest mir weder leid, noch war ich in
4439 1517 6358 1732 Sorge um dich (noch machte ich mir Ge-
4429 1674 6417 1922 danken, wie du es anstellen würdest) Ich
5678 1814 5956 1922 warst
4432 1866 6335 2043 war nur froh, dass du fort,und ich al
4432 2020 6403 2164 lein, lief glückselig auf der Wisse he
5429 2134 5756 2233 as a
4452 2167 6462 2337 rum, lag im Gras, das voll Blumen war, ich
4459 2318 6472 2494 sang ganz laut, was, weiss ich nicht, xxx
5652 2425 6011 2517 meri in
4432 2484 6348 2635 es klang sehr hell und ich wünschte,
4459 2582 6390 2788 man sollte mich unten in der Stadt hö
6237 2657 6560 2827 du Ile.
3896 2759 4308 2932 Ich ist in
4459 2775 6459 2958 ren. Denn nun war unten in der Tiefe ei-
3877 2873 4315 3060 will abe
3821 2935 6449 3200 nd wepti ne Stadt, von Mauern umgeben, irgendeine
4462 3043 6475 3275 phantastische Stadt, nicht orientalisch,
4462 3236 6466 3419 auch nicht mittelalterlich am ehesten
4455 3360 6488 3560 wie man sich eine versunkene Stadt vor-
4488 3517 6332 3730 stellt,die nach Jahrtausenden ausge¬
4442 3687 6276 3896 graben wird. Und wie ich da auf der
