6952 4392
1831 427 2176 589 Vragt
485 506 2750 872 seit er in die Kalbstworden¬
1788 661 2172 869 1Mtrt
549 714 2919 1034 plasen – die Veziftete.
564 973 2926 1307 dereés Aullet i un peut
582 1091 3130 1483 das Haupt mit der Erstern Albert
639 1371 2685 1669 put dafc is t i un.
607 1580 2990 1928 us Jall. at dreger wijeild
614 1730 2973 2118 bell. dre a wichl....,.. .    No
819 1992 2904 2348 (Uw lange Stück, aber selt erlöst.
1899 2229 2484 2369 not ed to
772 2237 3091 2491 zue den de wolllehren Kost - ersucht.
869 2430 3105 2692 anden Judität. (5in all tis, 4 cts
887 2624 3087 2840 et Amitiol; a un möglich). Es seul auf
915 2818 3152 3113 Herrn auf, weil auch hundenommen ich
966 2976 3005 3256 sen seul - ut.. i a  ave.
1038 3145 3206 3472 in “Cabuit” - a for it that. Mr
1203 3389 3073 3658 - “    All..  may  in in
1131 3561 1849 3777 bekenn.
1282 3655 3084 3956 men - in anals.”
1271 3848 2520 4093 an out year - R. W.
6275 258 6584 424 1910
3708 327 6466 801 in civen Sissel ist erhebend (Thils-soit)
4470 646 4897 811 seinen
3676 635 6566 941 eine Trubler ungütet trässe und lassen.
3698 833 6376 1134 Oh, Herr Colley, a wife + also wenige u moiltig.
3723 1020 6168 1303 aber natürlichkeit entworben aus et inste
3752 1239 5841 1537 und eser erschafft um die Ehe
3816 1382 6326 1630 Entende die König sagte Früh... die bist
3795 1587 5486 1849 seiner in der Arbeit.
3841 1777 6412 2028 Allars; - arent at Adler in der, xxxx
3870 1971 6455 2222 Tiss, den wass om Stidenlingeit her eigen war, -
3895 2165 6243 2427 der aber sehr untergehilten rechten, nicht
3870 2326 6476 2606 schaften und bezeit soll. -;- und er bemerkte sonst
3852 2499 6333 2768 Mr. Medlek was in heller and was
3906 2685 6200 2933 in dieser hohe stellen Räumen ja ich
3859 2858 6347 3152 haben. Aber die dort um viel injenigen
3848 3059 6243 3310 [illegible] -  Mr John
3924 3227 6304 3486 Ernter besten Addim. de
3949 3428 6275 3698 IH uns gedachte Garten Ebens kommt
3870 3554 6261 3942 gestellt hatt, liegt mit gebauhr
