3304 4040
2764 247 2852 366 5
920 371 2894 569 Eine lüftet die Maske,es ist wider die
927 564 2688 701 Abrede. Der Arzt Fridolin kennt sie
912 688 2943 852 nicht. Streit zwischen ihm und einem Un-
920 862 2816 995 bekannten.Fridolin will fort.Man ver-
917 1036 2888 1161 tritt ihm den Weg.Er ist bereit morgen
922 1179 2886 1314 zur Verfügung zu stehen. Man geht nicht
927 1338 2938 1478 darauf ein. Das allgemeine Inkognito
904 1465 2735 1616 muss gewahrt werden. Das puell muss
920 1629 2881 1751 sofort stattfinden, draussen im Garten.
927 1774 2901 1953 Fridolin glaubt zu träumen.Amsels Kla-
922 1946 1452 2070 vierspiel.
920 2049 2790 2203 Man schlägt sich im Garten. Fridolins
927 2229 2901 2364 Gegner fällt.Die Andern raten ihm sich
922 2410 2909 2520 zu entfernen, die Sache wird keine pol-
922 2556 3008 2691 gen haben. Es ist nicht das erste Mal, dass
2099 2649 2738 2769 Alle in Marke.
922 2704 2065 2855 dergleichen geschieht.
938 2826 2966 2987 Fridolin geht,Amsel gesellt sich ihm zu.
927 2979 2964 3135 Der hat keine Ahnung, was hier geschehen
925 3140 2964 3320 ist. Wieder zurück in die Stadt, nach Hau-
922 3299 2953 3475 se, Fridolin findet seine Gattin schla-
917 3460 2800 3675 fond.Er küsst sie auf die stirne. Sie
