3304 3896
675 248 1867 424 Eventuell so zu führen
672 376 2808 606 Fridolin kommt morgens zurück und erzählt
630 565 2856 696 alles, was er erlebt hat als einen Traum. Der
615 708 2853 860 Leser könnte es anfangs selbst dafür halten
621 822 2865 1073 und merkt erst aus dem Verlauf des nächsten
669 1016 2178 1207 Tages, dass es kein Traum war.
672 1153 3032 1329 Müsste sie nicht zuerst ihren Traum erzählen?
615 1312 2901 1512 So dass er den seinen (die Wahrheit) ###isser
615 1479 2360 1631 massen schon zur Revanche erzählt.
609 1640 2913 1804 Dann geht er fort, der Tag vergeht mit,Mac h
609 1792 2955 1960 forschungen.Albertinens Traum geht ihm nach,er
603 1948 2901 2082 will ihr nun die ganze Wahrheit gestehen und
657 2076 1763 2235 sich von ihr trennen.
663 2244 3065 2384 Sie empfängt ihn mit den Worten:-Ich glaube
600 2402 1822 2530 dir deinen Traum nicht.
696 2545 2996 2740 Auch die dritte Warnung muss noch eine Rolle
606 2707 1022 2853 spielen.
645 2829 2420 2999 Endlich die Larve, die er verloren.
627 2990 2020 3212 cie liegt mit der Maske da.
