6744 4408
2615 534 2827 686 101
1916 501 2417 703 verà c'est
1200 558 1634 756 haller
1126 625 2968 884 veränderten sich seltsam verzerrten
1123 871 3035 1039 sich, die Gesangsstimme war aus ihrem
2484 938 2958 1045 the votrolle
1133 1012 3156 1176 dunklan Ernst über einen langen Triller
1852 1116 2158 1220 Rulle
1139 1180 3197 1371 ins Helle, Schrille, Jauchzende übergegan-
2242 1264 2507 1358 all
1133 1334 3220 1513 genjes war nun nicht mehr das Harmonium,
1539 1442 1741 1539 halle
1106 1422 3180 1681 das spielte, unvermittelt hatte das Kla-
1133 1593 2871 1822 vier eingesetzt,Fridolin erkannte
1136 1761 2995 1943 Nachtigalls frechen, wilden Anschlag
1200 1913 1587 2023 finte i
1146 1923 2985 2175 und die weibliche Stimme hatte sich
1150 2077 3045 2286 in einem letzten grellen wollüstigen
2800 2161 3250 2289 de Cenevile
1156 2232 3062 2410 Aufschrei wie durch die Decke davon -
1156 2393 3076 2558 geschwungen. Das Klavierspiel ertönte
1166 2528 3035 2760 immer freier und frecher, im Rhytknus
1150 2679 2992 2914 eines setztisch wilden Tanses, Türen
1153 2830 3089 3018 rechts und links waren aufgesprungen,
1160 2988 3163 3183 auf der einen Seite erkannte Fridolin
1163 3173 3146 3358 am Klavier die Umrisse von Nachtigalls
1163 3311 3123 3523 Gestalt, in der gegenüberliegende Raum
1160 3455 3170 3681 strahlte plötzlich in einer blendenden
2514 3573 3018 3691 übewigt
1163 3620 2877 3825 Helle und Frauen standen da, alle
1150 3748 3002 4007 naekt und unbewegligh, doch noch die
6013 195 6228 380 a 72
5996 350 6218 508 102
3839 383 6541 706 denkel-Schleier um Haupt, Stirn und Naeken, und schon
4252 592 6222 844 spitzenlarven über dem Antlitz Nachti-
4215 760 6316 1002 gall hatte die Wahrheit gesagt;es waren
4171 884 6440 1170 Gestalten, wie Frühlin sie noch nie ge-
5415 1049 5822 1176 F.T.K.
4205 1072 6333 1314 sehen zu haben glaubte) Seine Augen in
3869 1146 4040 1291 V.H.F.P.P
4023 1223 6195 1469 ten durstig von der einen zur andern,
4218 1435 6107 1627 von üppigen zu schlanken, von zarten
4191 1533 6524 1792 Mädchenleibern zu prangend erblühten, xxx
4208 1691 6514 1929 von Hüften zu Häften,Brüsten zu Brüsten; und
4218 1835 6309 2087 und dass jede dieser unverhüllten, sich
4222 2047 6245 2192 hinschenkenden Offen###rungen doch ein
4239 2148 6144 2346 Genehmig blieb, und aus den dunklen
4228 2309 6081 2544 Masken wie die unlösliehsten Rätsel
4208 2457 6238 2632 forschand, verlangend, versprechend, sich
4454 2598 5156 2716 grope Auge
4235 2625 6195 2857 versagende Blieke zu ihm und zugleich
4215 2776 6077 3015 zu all den Andern herüberstrahlten,
4941 2907 5832 3015 ctum die insogled
4107 2907 6235 3099 das wandelte seine Lust x-a des Schauens
3997 3055 5798 3200 in a qu'il etre était du déclaire de la
3963 3096 6188 3331 beinahe zur Qual. Doch wie ihm erging
5859 3210 6275 3328 entricht.
4191 3223 6306 3405 es wohl auch, den Andern. Das erste Auf -
4215 3385 6366 3560 aimen des Entzückens wurde zu Seufzorn, —
4289 3536 5865 3644 die nach einem tiefe C. et Blouw
4228 3570 6131 3802 irgend entrang sich ein Schrei
4292 3751 6222 3949 du nicht. Komme mit mir. - „Weisst du
