7000 4424
671 614 848 823 IVI
519 2242 693 2421 G.H.F.P.
508 3421 1030 3617 G.C. d. mn J
484 3587 658 3794 G.H.P.
739 3701 1552 3957 med doia etidä?
1155 3916 1313 4033 1879
554 3908 943 4106 Monsieur de
5044 171 5921 440 no rt 111
4696 228 4889 446 "
6074 454 6275 590 172
5345 522 6161 731 wer nicht in Herr.
4272 620 6457 837 gutes Wort gesagt,er konnte nicht (Er stand
4269 761 6272 1049 auf und sagte. Ich hoffe Nachricht von
5253 910 6101 1024 sastins und rechtet sein,
4296 929 6389 1174 Ihnen zu erhalten sobald sie sich ein we-
4302 1084 6378 1258 nig erholt haben. Herr Rödiger sagte, dass
4329 1215 6329 1465 die Hochzeit bald stattfindet.Erlauben
4310 1378 6332 1620 Sie mir schon heute Ihnen Glück zu wün-
4313 1516 6430 1723 schen". Sie war auf ihrm Sessel sitzen ge-
4362 1660 6296 1851 blieben, als hätte sie seinen Abschied
6008 1766 6468 1927 under
4326 1794 6264 2019 nicht zur venntnis genommen. Nochmals
4324 1973 6473 2198 sagte er: „Auf Wiedersehen,Fräulein Marian-
4334 2150 6479 2402 ne“ Cund er xxxx reichte ihr die nand hin.
4337 2283 6484 2478 Sie nahm sie nicht. -Adieu“, wiederholte er.
4337 2402 6430 2614 Und nach ein paar Sekunden nochmals: -Le-
4343 2595 6378 2821 ben Sie wohl „Marianne.“ Sie sass da wie
4408 2747 6449 2946 versteinert,er ging.###ls er vor der Türe
4353 2891 6405 3098 stand, verspürge er etwas wie peue.Einen
4362 3022 6511 3223 Augenblick dachte er daran umzukehren, aber
5413 3160 5930 3269 malle in
4430 3239 6373 3429 er fühlte, dass das lächerlich gewesen
4411 3353 6084 3579 wäre.Er eilte die Treppen hinab,
4484 3435 6511 3712 Was also in? Was been
4549 3560 6446 3826 We can take out in the
4766 3693 6402 3921 and I have to inform you that
4641 3856 6549 4016 konnte nicht viel vollend. Das wegen
