6328 4232
690 563 2406 733 Stunden nächtern und vorbestimmt
703 779 2500 922 in Alltagspflicht und -Arbeit hinge
708 912 2551 1052 gangen, die vorgangene Nacht,Anfang
703 1052 2393 1250 und Ende (traumhaft) verblasst,und
713 1237 2638 1362 jetzt erst, da das Tagewerk vollendet,
708 1390 2513 1502 das Kind schlafen gegangen und von
703 1561 2656 1663 nirgendhor eine Störung zu gewärtigen
703 1683 2452 1815 war, stiegen die Schattengestalten
721 1826 2500 1991 von der Redoute, der melancholische
703 1996 2559 2129 Änbkannte und die roten Dominos, wie
2330 2113 2528 2190 gene
708 2190 2671 2297 der zur Wirklichkeit empor und die un¬
713 2299 2539 2457 beträchtlichen Erlebnisse waren mit
703 2475 2500 2587 einem Male vom trügerischen Schein
713 2620 2534 2752 versäumter Möglichkeiten zauberhaft
703 2796 2488 2895 und beinahe schmerzlich umflossan.
703 2908 2490 3056 Harmlose und doch lauernde Fragen,
718 3091 2595 3244 verschmitzte, doppeldeutige Antworten
708 3239 2506 3397 wechselten zwischen den Gatten hin
703 3392 2536 3534 und her; keinem vom Beiden entging,
703 3537 2465 3674 dass der Andere es an der letzten
94 3712 502 3901 to fall w
690 3682 2462 3883 Aufrichtigkeit fehlen liess. (Dies
2205 3794 2513 3903 wild
703 3822 2605 4010 bot wieder Beiden Anreiz zu gelinder
3860 629 5678 843 Rache. Sie übertrieben das Mass der
3860 812 5617 952 Anziehung,das ihre unbekannten
5143 917 5701 1013 auch jagen
3865 965 5803 1113 Redouanpartner auf sie ausgeübt hat-
3850 1100 5755 1260 ten, spotteten der eifersüchtigen Re-
3850 1245 5658 1434 gungen, die der Andere merken liess
3865 1423 5670 1584 und leugneten ihre eigene, weg. Doch
3865 1612 5724 1716 aus dem leichten Geplauder über die
3852 1726 5854 1884 nichtigen Abenteuer der gestrigen Nacht
3852 1907 5777 2060 gerieten sie, nicht zum ersten Mal, in
3852 2068 5709 2182 ein tieferes und ernsteres sepräch,
3865 2213 5676 2376 Über xxx verborgenen, kaum gahnten
3865 2368 5805 2531 Wünsche, die auch in die klarste Seele
3865 2472 5826 2668 trübe Wirbel zu reissen vermögen (und
5059 2607 5826 2737 in ete dessen nach
3804 2648 4161 2758 sibe das
3865 2653 5818 2842 vom Gesetz der Wandlung,dam auch der
4683 2791 5121 2890 mourtmer
3870 2849 5762 2982 träueste Wille manohmel unterliegen
3868 2946 4268 3058 fiber die
3789 2959 5800 3137 — den tausend Möglichkeiten, die
5263 3086 5426 3193 du
3858 3124 5826 3308 Wahrscheinlichkeiten, -ven den hundert
3860 3254 5905 3476 Wahrsche inlichkosten, die Wirklichkeiten
3850 3422 5676 3662 werden könnten.) Wie Kinder hielten
3840 3577 5828 3781 sie sich Hand in Hand und redeten von
3852 3802 5770 3944 den geheimen Bezirken, nach denen sie
