6568 4184
718 1330 949 1499 G.H.F.P
410 1375 581 1529 G.C.F.P.
741 1510 1069 1687 G.C.H.F.P.
370 1504 601 1703 a une fois de
688 1661 1170 1830 G.C.H.F.P.
629 1762 1148 1973 G.C.H.F.P.P
676 1945 1106 2133 G.C.H.P.
629 2099 951 2324 G.C.H.F.P
659 2840 909 3053 G.C.F.P.
3932 429 6090 688 verhängte Petroleumlampe,die von der nie-
5624 570 5932 710 grells
3943 645 6193 859 deren Decke herabhing,warf einen Schein über
3932 766 5972 1002 die Bettdecke,unter der regungslos ein
3943 949 6106 1165 schmaler Körper hingestreckt lag. das Ant-
3940 1078 6154 1330 litz des Toten war im Schatten,aber Frido-
3934 1246 6047 1485 lin kannte es so gut, dass er es in aller
5222 1322 6418 1504 hager, musulis, kockjestun
3943 1442 6014 1647 Deutlichkeit zu sehen vermeinte mit dem
3948 1529 6202 1788 weissen kurzen Vollbart, den auffallend gros
3954 1670 6132 1880 sen hässlichen weissbehaarten Ohren. Ma -
3946 1852 6202 2085 rianne,die Tochter des Hofrats,sass am Fuss
3957 1992 6196 2203 ende des Bettes, den Blick auf den Toten ge-
4998 2144 5236 2245 miled
3957 2144 6120 2377 riehtet, ihre Arme hingen schlaff zur Sei-
4423 2296 5242 2413 hängen der Anver.
3957 2329 6185 2565 te herab wie in tiefster Ermüdung Er ver -
3965 2455 6221 2708 spürte den muffigen Geruch, der inxxnistrix
3962 2615 6205 2843 gen ihm von niedrigen, nicht oft galüfteten
3968 2775 5941 3025 Krankenzimmern her zur Genüge bekannt
4709 2933 4886 3036 soe
3962 2921 6179 3188 ward.) Es roch nach alten Möbeln, nach Medi-
3976 3090 6059 3337 kamenten. nach Petroleum, nach Küche. auch
3976 3250 6137 3438 ein wenig nach Kölnerwasser und Rosensei-
3979 3379 6078 3662 fe, nach einem traurigen aussichtslesen.
3982 3533 6205 3772 Kampf gegen die Atmosphäre dieses Kranken
