3320 4072
531 303 2450 433 lvere Emplegte ich alle muss ein Gespräch.
1616 398 1703 473 de
739 410 2254 574 womgeln und zur Anträge
750 511 2624 609 mer amt en haute mitbenemme ces
843 615 2730 701 (de nur mehr verschichte) in vielen Entzug.
546 701 1657 814 der Kind lief ein bürtig von
2410 797 2984 901 20. VI. 907.
846 944 2863 1022 Junger Mann Ehemann, Brautnacht? fortge¬
834 1082 1429 1192 holt Arzt?
886 1221 2924 1302 Zu seinem Patenten, der eben gestorben ist.
831 1368 2748 1452 Einsame Tochter, xxx
2846 1365 3158 1478 Könnten
2041 1429 2575 1559 in a life - /
2863 1463 3149 1550 vangeln
831 1515 3152 1611 Er geht fort in der Macht, trifit eine Art
2930 1596 3117 1703 schwer
378 1602 644 1717 behal
840 1657 2938 1755 Ehrenfeld oder kommt auf andre Weise in jenes
335 1683 762 1801 to. Robt.
170 1798 707 1879 wan tren
837 1801 2869 1893 Schloss, Papast | wo der Ball stattfindet,
170 1876 719 1960 mʼintéresser
837 1934 3025 2038 auf dessen Höhe nicht die Masken, aber die Klei
156 1945 713 2064 ence. d'en
1469 2026 2941 2121 Eine Euflet des Nacht, ho: de ce
170 2041 724 2179 es gegonné
840 2104 1432 2176 der fallen.
1515 2121 2935 2214 der Eherede; er wird schulde, habe
188 2130 713 2254 Churfels entre
208 2234 739 2323 Ihr Teigesal
834 2228 2840 2315 Er will eine der Fruen, ist schon daran mit
840 2387 2973 2453 ihr zu entfliehen, ein Liebhaber fordert ihn,
843 2505 2895 2603 sie fahren in den Prater, Duell,er tötet den
840 2632 3106 2753 Menschen, erkennt in ihm ejtzt erst einen Freund.
840 2774 2445 2909 Nach Hause. Was wird er ihr sagen?
895 2927 2251 3039 Sie schläft noch. Wacht auf.
854 3108 1481 3184 Fremde Augen.
889 3221 2361 3328 Nun erzählt sie ihm ihr Traum.
903 3348 3132 3475 Hiezu der Novellenplan "Verlockung" zu benützen.
854 3530 2814 3622 Hierauf kommt er sich ganz unschuldig vor.
