6524 4184
4416 242 5152 373 an tristhence.
4102 258 5952 464 Es war ganz keine neue Verlohin - 24
4266 425 4723 530 I’n this
3484 428 6090 628 Ein paar Tage, ehe ich mich mit dir ver-
3547 569 6090 798 lobte, stand ein junger Mensch an meinem
3524 771 6152 948 Henster, das auf die grosse weite Wiese hi¬
3599 869 6191 1082 ge xxx naussah, plauderte mit mir- und ich dachte,
3651 1026 6057 1294 ja höre nur, was ich dachte: Oh, was für
3507 1183 6041 1461 ein lieber,entzückender junger Mensch.
3671 1317 6142 1533 xxx pr müsste jetzt nur ein Wort wagen, frei¬
3547 1484 6132 1746 lich das richtige müsste es sein, und ich
4112 1680 4508 1785 sensuit
4001 1634 6041 1915 wandert mit ihm über die Wiese inden
3785 1791 6093 2085 Wald hinein- oder ich führe imKahn mit
3880 1984 4115 2072 P.S.
3589 2010 6090 2265 ihm in den See hinaus- und er könnte von
5096 2102 6050 2308 Nacht, was er ver¬
3592 2138 4880 2370 mir haben in die
5096 2275 5305 2340 wnt
4547 2282 4880 2376 de même
3602 2262 5992 2530 langte, aber er sprach das Wort nicht
3619 2448 5988 2625 aus, sondern er küsste nur zart meine
5335 2530 6335 2707 Dienst, dont le sieur
3700 2625 6122 2857 Hand Am Morgen drauf-fragte er mich, ob
3651 2742 6165 2955 ich seine Frau werden wollte und ich sag
5112 2893 5782 3060 se geb. selon
4040 2926 4481 3131 te ja.“
4161 3033 6129 3282 Fridol'in liess ihremandxixxxnit
3851 3194 6064 3439 unmutig (und verletzt) ihre Hand los. Und
4903 3347 5299 3458 vom zuse
3694 3367 6207 3612 wenn ein Anderer deinem Fenster ge¬
3681 3491 6168 3743 standen wäre. und ihm wärte das richtige
4125 3651 5992 3922 Wort eingefallen, zum Beispiel xxx Er
