7032 4392
2730 417 3086 610 1 & 2
2694 565 2935 716 17B
1029 677 2949 918 die mich umschhäumte und von der ich
1083 881 2853 1057 und der Mann, der mich umschlungen
2537 968 2968 1077 berentel.
1029 1074 3133 1228 hielt „gleichsam nur eine Welle war. Wäh-
1069 1183 2926 1432 rend du nun im Burghof standest,er¬
1768 1323 2031 1421 taken.
1035 1346 3153 1511 schien an einem wenster eine junge Frau,
1035 1474 3133 1706 mit einer grone auf dem Haupt und einem
1052 1634 3094 1807 Purpurmantel um die. Schulter.Es war die
1332 1720 3323 1877 der Ernt aus die Königin (wie das wertenhaft – oder
1046 1807 3293 2009 Fürstin,sie sah mit einem streng fra Re¬
1046 1978 3019 2134 genden Blick zu dir hinab. u standest
1043 2107 3130 2280 ganz allein, die übrigen Menschen,so vie
1049 2280 3181 2473 leesawaren,hielten sich abseits von dir,
1046 2403 2968 2616 rings an die Mauern gedrückt und ich
1678 2557 2129 2644 Stückliches
1052 2582 3027 2789 hörte ein gefahrdrohendes Murmeln und
1105 2700 3091 2907 Raunen.Da beugte sich die Fürstin wei-
1332 2831 2716 2951 über die Biss des /platzleit Balka
1077 2867 3108 3074 ter nach vorn,es wurde still,sie winkte
1709 3019 2272 3111 ne die getreten
1091 3021 3063 3220 dir, als -wenn du zu ihr hetraufkömmen,
1055 3150 2979 3360 solltest.Ich wusste, dass sie mit dir
1074 3318 2179 3410 seiner in der Schicht telli¬
1055 3346 3016 3530 reden und dich begnadigen wollte. Aber
2174 3486 2386 3561 wem
1038 3474 3032 3718 du merktest es nicht oder wolltest es
1947 3634 2277 3726 Frolyse
1105 3617 3136 3872 nicht merken. Plötzlich aber, immer noch
1052 3788 2977 4026 mit gefesselten Händen, aber in einen
6115 350 6476 607 123
4440 565 6490 758 weissen Mantel gehüllt, ungefähr wie die
4434 674 6325 895 ungaris che Garde ihn trägt,standest
4426 839 6555 1066 du vor ihr, während sie an einem Schreib-
5086 1015 5749 1158 one Auftoneghy
4473 996 6541 1225 tisch sass(irgenowie im Freien).Sie hielt
4621 1141 4879 1242 gillick
4414 1161 6518 1379 ein Pergament in der Hand, dein Todesur-
5466 1323 5936 1438 dem. I had.
4409 1309 6532 1519 teil, in dem auch die Gründe deiner Verur
4795 1449 5296 1589 & Maisne
4417 1483 6376 1659 teilungstanden. (Die Worte) konnte ich
4406 1623 6496 1846 lesen und wunderte mich über den sonder¬
4395 1768 6473 2014 baren Ausdruck wegen lebhaften Austande-
4434 1936 6283 2126 verletzung im Umkreis der bewohnten
4361 2062 6406 2302 Erde Warum heisst es nicht Anstandsver¬
5601 2246 5975 2375 ewert
4414 2230 6417 2442 letzung, dachte ich und zugleich wusste
4943 2372 5491 2490 in une cy
4420 2453 6353 2588 ich, dass der Mann (in meinen Armen)der
4417 2532 6306 2742 Gatte der Fürstin war, also der Fürtz
4361 2708 6367 2887 dieses Landes, der nen mit mir zusammen
4770 2853 6420 2949 bei hohebgeb. Lichten aus diese
4359 2820 5402 3072 hierfein neues, schon
5500 2937 6359 3100 res Reich begrünt
4339 2999 6342 3228 det hatte (Und ich hatte Angst, dass die
4331 3128 6437 3351 Fürstin dir's sagen würde,bis mir beruhi-
4314 3307 6308 3556 gend einfiel, dass sie selbst es nicht
4359 3449 6345 3687 wusste) Aber sie fragte Mich nun, immer
4322 3659 6381 3872 mit dem Todesurteil in der Hand und mit
