<?xml version="1.0" encoding="UTF-8" standalone="yes"?>
<PcGts xmlns="http://schema.primaresearch.org/PAGE/gts/pagecontent/2013-07-15" xmlns:xsi="http://www.w3.org/2001/XMLSchema-instance" xsi:schemaLocation="http://schema.primaresearch.org/PAGE/gts/pagecontent/2013-07-15 http://schema.primaresearch.org/PAGE/gts/pagecontent/2013-07-15/pagecontent.xsd">
    <Metadata>
        <Creator>prov=READ-COOP:name=TrHtr:version=2.1.0:model_id=51170:date=14_08_2023_13:19</Creator>
        <Created>2023-05-10T14:19:17.767+02:00</Created>
        <LastChange>2023-08-14T13:19:16.017+02:00</LastChange>
        <TranskribusMetadata docId="1428611" pageId="55418837" pageNr="137" tsid="132803027" status="IN_PROGRESS" userId="64420" imgUrl="https://files.transkribus.eu/Get?id=FUZTPRNKILMRQHSDCSWIVFKH&amp;fileType=view" xmlUrl="https://files.transkribus.eu/Get?id=KVFUOMBWAMLXFHBCFIPKPUNI" imageId="44692941"/>
    </Metadata>
    <Page imageFilename="1428611_0137.jpg" imageWidth="6952" imageHeight="4408">
        <ReadingOrder>
            <OrderedGroup id="ro_1711787408946" caption="Regions reading order">
                <RegionRefIndexed index="0" regionRef="tr_2"/>
                <RegionRefIndexed index="1" regionRef="tr_1"/>
            </OrderedGroup>
        </ReadingOrder>
        <TextRegion id="tr_2" custom="readingOrder {index:0;}">
            <Coords points="549,732 3374,732 3374,4119 549,4119"/>
            <TextLine id="tr_2_tl_1" custom="readingOrder {index:0;}">
                <Coords points="644,953 2951,784 2687,640 2290,630 2023,760 1393,630 651,686"/>
                <Baseline points="668,860 716,860 806,848 895,836 985,830 1075,836 1164,824 1254,824 1343,818 1433,812 1523,812 1612,812 1702,806 1791,806 1881,812 1971,800 2060,800 2150,800 2239,800 2329,794 2419,794 2508,794 2598,788 2687,788 2777,782 2866,782 2956,788"/>
                <TextEquiv>
                    <Unicode>Øgl. T., in</Unicode>
                </TextEquiv>
            </TextLine>
            <TextLine id="tr_2_tl_2" custom="readingOrder {index:1;}">
                <Coords points="630,1168 1017,1108 1513,1171 1681,1066 1949,1115 3053,967 2473,820 1523,960 1041,876 637,1017"/>
                <Baseline points="651,1122 728,1110 818,1104 907,1099 997,1093 1087,1081 1176,1075 1266,1069 1355,1063 1445,1057 1535,1057 1624,1045 1714,1039 1803,1027 1893,1021 1983,1015 2072,1021 2162,1021 2251,1015 2341,1015 2430,1015 2520,1003 2610,1009 2699,1009 2789,1009 2878,1003 2968,1003 3058,1009"/>
                <TextEquiv>
                    <Unicode>selbe wie ein Scheuwers...</Unicode>
                </TextEquiv>
            </TextLine>
            <TextLine id="tr_2_tl_3" custom="readingOrder {index:2;}">
                <Coords points="893,1463 1323,1319 1660,1393 2652,1210 3102,1224 3120,1013 2832,1002 2290,1164 2026,1080 1530,1175 1280,1122 908,1242"/>
                <Baseline points="919,1337 961,1337 1051,1337 1140,1331 1230,1325 1320,1314 1409,1308 1499,1296 1588,1290 1678,1278 1767,1266 1857,1254 1947,1248 2036,1236 2126,1230 2215,1230 2305,1224 2395,1224 2484,1218 2574,1212 2663,1206 2753,1200 2843,1200 2932,1200 3022,1206 3111,1218"/>
                <TextEquiv>
                    <Unicode>J. de in der un état de</Unicode>
                </TextEquiv>
            </TextLine>
            <TextLine id="tr_2_tl_4" custom="readingOrder {index:3;}">
                <Coords points="552,1688 1140,1576 2265,1565 2761,1442 3025,1516 3043,1309 570,1484"/>
                <Baseline points="579,1606 621,1606 710,1612 800,1606 889,1600 979,1594 1069,1588 1158,1576 1248,1564 1337,1558 1427,1552 1517,1541 1606,1535 1696,1523 1785,1517 1875,1511 1965,1499 2054,1487 2144,1487 2233,1475 2323,1475 2413,1463 2502,1457 2592,1451 2681,1445 2771,1439 2861,1433 2950,1433 3040,1439"/>
                <TextEquiv>
                    <Unicode>leur mais ins versituer.. ou</Unicode>
                </TextEquiv>
            </TextLine>
            <TextLine id="tr_2_tl_5" custom="readingOrder {index:4;}">
                <Coords points="619,1850 950,1938 1164,1822 1534,1889 1847,1787 2023,1850 2965,1780 3057,1752 3067,1590 2146,1541 1593,1720 626,1752"/>
                <Baseline points="639,1845 645,1845 734,1845 824,1845 913,1845 1003,1839 1093,1827 1182,1815 1272,1809 1361,1803 1451,1797 1541,1791 1630,1779 1720,1773 1809,1767 1899,1756 1988,1744 2078,1744 2168,1738 2257,1738 2347,1726 2436,1720 2526,1708 2616,1702 2705,1702 2795,1696 2884,1696 2974,1696 3064,1696"/>
                <TextEquiv>
                    <Unicode>derif in is to her Dan D jelant.</Unicode>
                </TextEquiv>
            </TextLine>
            <TextLine id="tr_2_tl_6" custom="readingOrder {index:5;}">
                <Coords points="1017,2016 1815,2103 2417,2008 3370,2054 3366,1928 2986,1847 2649,1945 1175,1822 1013,1903"/>
                <Baseline points="1033,1988 1122,1983 1212,1977 1302,1977 1391,1983 1481,1988 1570,1988 1660,2000 1750,2006 1839,2006 1929,2012 2018,2006 2108,2006 2198,2000 2287,2000 2377,2000 2466,2000 2556,1994 2645,1994 2735,1988 2825,1988 2914,1988 3004,1994 3093,2000 3183,2012 3273,2024 3362,2030 3374,2024"/>
                <TextEquiv>
                    <Unicode>Bilcahy; " so is in weme jurels</Unicode>
                </TextEquiv>
            </TextLine>
            <TextLine id="tr_2_tl_7" custom="readingOrder {index:6;}">
                <Coords points="531,2146 654,2146 721,2107 795,2132 851,2103 900,2121 957,2079 1083,2079 1133,2051 1164,2068 1171,2005 1048,2030 1002,2016 862,1878 591,2026 542,2030"/>
                <Baseline points="549,2120 639,2108 728,2096 818,2090 907,2072 997,2072 1087,2054 1176,2048"/>
                <TextEquiv>
                    <Unicode>habe.</Unicode>
                </TextEquiv>
            </TextLine>
            <TextLine id="tr_2_tl_8" custom="readingOrder {index:7;}">
                <Coords points="841,2406 2923,2374 2934,2107 2490,2146 2191,2072 1956,2181 851,2220"/>
                <Baseline points="866,2311 878,2311 967,2311 1057,2311 1146,2299 1236,2299 1325,2299 1415,2293 1505,2293 1594,2287 1684,2287 1773,2287 1863,2287 1953,2275 2042,2269 2132,2263 2221,2257 2311,2245 2401,2239 2490,2239 2580,2233 2669,2227 2759,2221 2849,2221 2938,2221"/>
                <TextEquiv>
                    <Unicode>dein  isgel y h tawil d</Unicode>
                </TextEquiv>
            </TextLine>
            <TextLine id="tr_2_tl_9" custom="readingOrder {index:8;}">
                <Coords points="728,2606 1548,2540 1892,2582 1903,2441 1790,2399 1470,2501 1097,2487 957,2413 742,2448"/>
                <Baseline points="752,2592 830,2586 919,2580 1009,2574 1099,2562 1188,2556 1278,2544 1367,2538 1457,2532 1546,2526 1636,2520 1726,2514 1815,2508 1905,2496"/>
                <TextEquiv>
                    <Unicode>neum.....-</Unicode>
                </TextEquiv>
            </TextLine>
            <TextLine id="tr_2_tl_10" custom="readingOrder {index:9;}">
                <Coords points="767,2863 1203,2874 1558,2754 1833,2846 3078,2761 3088,2529 2462,2635 1562,2599 1368,2705 781,2617"/>
                <Baseline points="788,2807 848,2801 937,2801 1027,2795 1116,2789 1206,2783 1296,2777 1385,2765 1475,2759 1564,2753 1654,2747 1744,2741 1833,2735 1923,2735 2012,2729 2102,2729 2192,2729 2281,2729 2371,2729 2460,2729 2550,2717 2640,2711 2729,2705 2819,2693 2908,2687 2998,2681 3087,2681"/>
                <TextEquiv>
                    <Unicode>Frid. vielle, amtheil, dankl.</Unicode>
                </TextEquiv>
            </TextLine>
            <TextLine id="tr_2_tl_11" custom="readingOrder {index:10;}">
                <Coords points="788,3085 1221,3162 1790,2986 2283,2955 2751,3092 2986,3004 3204,3057 3257,2870 2934,2793 2096,2884 1949,2796 1558,2923 806,2863"/>
                <Baseline points="812,3058 842,3052 931,3052 1021,3046 1110,3040 1200,3028 1290,3022 1379,3016 1469,3010 1558,3004 1648,2998 1738,2992 1827,2980 1917,2974 2006,2968 2096,2962 2186,2956 2275,2950 2365,2950 2454,2944 2544,2938 2634,2932 2723,2920 2813,2920 2902,2914 2992,2914 3082,2914 3171,2908 3261,2914"/>
                <TextEquiv>
                    <Unicode>in liep in a Brantenk fuhr..</Unicode>
                </TextEquiv>
            </TextLine>
            <TextLine id="tr_2_tl_12" custom="readingOrder {index:11;}">
                <Coords points="753,3401 1256,3415 2216,3233 2325,3292 2856,3208 2860,3138 2666,3071 2318,3117 2255,3053 1783,3180 1593,3113 1235,3226 767,3229"/>
                <Baseline points="776,3338 806,3344 895,3344 985,3344 1075,3338 1164,3332 1254,3320 1343,3308 1433,3297 1523,3285 1612,3279 1702,3273 1791,3261 1881,3249 1971,3243 2060,3231 2150,3231 2239,3231 2329,3219 2419,3213 2508,3213 2598,3207 2687,3201 2777,3189 2866,3195"/>
                <TextEquiv>
                    <Unicode>Oul de C.P. I. &amp; Aipha</Unicode>
                </TextEquiv>
            </TextLine>
            <TextLine id="tr_2_tl_13" custom="readingOrder {index:12;}">
                <Coords points="1484,3433 1604,3465 1688,3426 1808,3433 1857,3405 1966,3458 1991,3437 2037,3454 2054,3247 1755,3285 1615,3345 1590,3324 1491,3331"/>
                <Baseline points="1505,3416 1517,3416 1606,3410 1696,3398 1785,3386 1875,3386 1965,3374 2054,3374"/>
                <TextEquiv>
                    <Unicode>n &amp; dier</Unicode>
                </TextEquiv>
            </TextLine>
            <TextLine id="tr_2_tl_14" custom="readingOrder {index:13;}">
                <Coords points="809,3637 1565,3634 2360,3479 2997,3465 3007,3359 2610,3271 2019,3454 1857,3401 823,3475"/>
                <Baseline points="830,3613 860,3613 949,3607 1039,3601 1128,3595 1218,3583 1308,3571 1397,3565 1487,3553 1576,3547 1666,3535 1756,3529 1845,3524 1935,3512 2024,3506 2114,3494 2204,3488 2293,3476 2383,3470 2472,3452 2562,3446 2651,3440 2741,3434 2831,3434 2920,3434 3010,3434"/>
                <TextEquiv>
                    <Unicode>ufsle will u, d Fais</Unicode>
                </TextEquiv>
            </TextLine>
            <TextLine id="tr_2_tl_15" custom="readingOrder {index:14;}">
                <Coords points="848,3936 974,3901 1052,3964 1393,3915 1562,3802 2272,3753 2378,3838 2726,3834 2754,3539 2575,3609 2318,3539 2135,3616 2016,3546 1513,3665 876,3651"/>
                <Baseline points="872,3894 955,3888 1045,3876 1134,3864 1224,3852 1314,3834 1403,3810 1493,3792 1582,3798 1672,3792 1762,3792 1851,3780 1941,3780 2030,3768 2120,3768 2209,3762 2299,3750 2389,3739 2478,3727 2568,3727 2657,3709 2747,3709"/>
                <TextEquiv>
                    <Unicode>B. &amp; Cble II get.</Unicode>
                </TextEquiv>
            </TextLine>
            <TextLine id="tr_2_tl_16" custom="readingOrder {index:15;}">
                <Coords points="834,4165 1143,4210 2526,4052 3106,4105 3166,3834 2705,3799 2089,3964 1857,3855 1270,3890 844,3996"/>
                <Baseline points="860,4097 925,4109 1015,4103 1104,4103 1194,4097 1284,4091 1373,4091 1463,4079 1552,4079 1642,4073 1732,4061 1821,4055 1911,4043 2000,4043 2090,4037 2180,4031 2269,4019 2359,4013 2448,4007 2538,4007 2628,4001 2717,3995 2807,3995 2896,3995 2986,3995 3076,4001 3165,3995"/>
                <TextEquiv>
                    <Unicode>in u a, if is not 5.th</Unicode>
                </TextEquiv>
            </TextLine>
        </TextRegion>
        <TextRegion id="tr_1" custom="readingOrder {index:1;}">
            <Coords points="3750,433 6683,433 6683,3814 3750,3814"/>
            <TextLine id="tr_1_tl_1" custom="readingOrder {index:0;}">
                <Coords points="3806,531 5318,545 5874,795 6426,707 6402,285 5473,345 5329,267 4745,401 4260,267 3792,285"/>
                <Baseline points="3822,483 3912,489 4001,489 4091,495 4181,495 4270,495 4360,507 4449,513 4539,519 4628,519 4718,525 4808,531 4897,537 4987,543 5076,543 5166,555 5256,555 5345,561 5435,561 5524,567 5614,579 5704,579 5793,579 5883,585 5972,597 6062,603 6152,615 6241,621 6331,621 6420,627 6432,627"/>
                <TextEquiv>
                    <Unicode>de Reisplac une s'éclang, habe</Unicode>
                </TextEquiv>
            </TextLine>
            <TextLine id="tr_1_tl_2" custom="readingOrder {index:1;}">
                <Coords points="3827,781 3936,725 3996,767 4133,746 4341,802 4393,749 4439,777 4527,735 4580,781 4770,813 4917,756 4917,711 4678,696 4488,573 4414,601 4256,549 4101,626 3915,601 3824,644"/>
                <Baseline points="3846,710 3936,716 4025,722 4115,728 4204,734 4294,740 4384,746 4473,734 4563,740 4652,746 4742,752 4832,752 4921,758 4927,758"/>
                <TextEquiv>
                    <Unicode>jective in</Unicode>
                </TextEquiv>
            </TextLine>
            <TextLine id="tr_1_tl_3" custom="readingOrder {index:2;}">
                <Coords points="3852,1013 5899,988 6135,1136 6676,1164 6669,753 6353,841 5027,725 4626,865 4400,763 3848,774"/>
                <Baseline points="3870,943 3960,949 4049,949 4139,955 4228,961 4318,961 4408,961 4497,961 4587,961 4676,955 4766,961 4855,961 4945,961 5035,967 5124,961 5214,961 5303,967 5393,967 5483,961 5572,967 5662,967 5751,967 5841,973 5931,979 6020,985 6110,991 6199,997 6289,1003 6379,1009 6468,1021 6558,1027 6647,1033 6683,1033"/>
                <TextEquiv>
                    <Unicode>Truklin boll lul litter; -  is her</Unicode>
                </TextEquiv>
            </TextLine>
            <TextLine id="tr_1_tl_4" custom="readingOrder {index:3;}">
                <Coords points="3831,1316 4932,1185 6578,1411 6571,1161 6001,1055 5698,1136 5512,1017 5259,1143 4397,1045 4147,1161 3827,1126"/>
                <Baseline points="3846,1224 3936,1212 4025,1212 4115,1206 4204,1206 4294,1206 4384,1200 4473,1200 4563,1194 4652,1188 4742,1188 4832,1188 4921,1188 5011,1194 5100,1188 5190,1194 5280,1200 5369,1200 5459,1206 5548,1206 5638,1206 5728,1218 5817,1224 5907,1230 5996,1236 6086,1242 6175,1248 6265,1254 6355,1272 6444,1284 6534,1296 6582,1308"/>
                <TextEquiv>
                    <Unicode>le, doit césser. cet etwa tenfz de</Unicode>
                </TextEquiv>
            </TextLine>
            <TextLine id="tr_1_tl_5" custom="readingOrder {index:4;}">
                <Coords points="3904,1534 6458,1597 6455,1386 5635,1273 4998,1382 4752,1294 3904,1372"/>
                <Baseline points="3924,1433 4013,1445 4103,1445 4192,1445 4282,1445 4372,1439 4461,1433 4551,1433 4640,1433 4730,1433 4820,1433 4909,1427 4999,1427 5088,1427 5178,1427 5268,1427 5357,1421 5447,1421 5536,1421 5626,1421 5716,1427 5805,1433 5895,1439 5984,1445 6074,1457 6164,1469 6253,1475 6343,1481 6432,1487 6462,1487"/>
                <TextEquiv>
                    <Unicode>in it et cntiong...  E t. A prou</Unicode>
                </TextEquiv>
            </TextLine>
            <TextLine id="tr_1_tl_6" custom="readingOrder {index:5;}">
                <Coords points="3862,1727 4724,1710 4921,1804 5526,1734 5913,1875 6398,1794 6395,1586 6187,1565 3859,1565"/>
                <Baseline points="3882,1690 3971,1690 4061,1684 4151,1690 4240,1684 4330,1684 4419,1684 4509,1678 4599,1684 4688,1678 4778,1678 4867,1678 4957,1684 5047,1690 5136,1690 5226,1690 5315,1690 5405,1690 5495,1690 5584,1696 5674,1696 5763,1702 5853,1714 5943,1714 6032,1726 6122,1732 6211,1732 6301,1744 6391,1744 6408,1738"/>
                <TextEquiv>
                    <Unicode>beb. Arstralite vermeint -...; in Tr.</Unicode>
                </TextEquiv>
            </TextLine>
            <TextLine id="tr_1_tl_7" custom="readingOrder {index:6;}">
                <Coords points="3915,2044 5188,1942 6472,2040 6426,1804 5916,1875 5695,1780 3908,1815"/>
                <Baseline points="3930,1911 4019,1923 4109,1929 4198,1929 4288,1929 4378,1929 4467,1929 4557,1929 4646,1929 4736,1935 4826,1929 4915,1929 5005,1935 5094,1935 5184,1941 5274,1941 5363,1941 5453,1941 5542,1941 5632,1941 5722,1947 5811,1947 5901,1953 5990,1959 6080,1965 6170,1971 6259,1977 6349,1988 6438,1994 6480,2000"/>
                <TextEquiv>
                    <Unicode>først ciel „ dankte wird eben</Unicode>
                </TextEquiv>
            </TextLine>
            <TextLine id="tr_1_tl_8" custom="readingOrder {index:7;}">
                <Coords points="5508,2082 5628,2110 5705,2072 5783,2096 5846,2075 6015,2125 6096,2096 6089,1987 6004,2023 5959,2005 5923,2019 5892,1994 5800,2016 5709,1970 5646,2019 5596,1980 5501,1998"/>
                <Baseline points="5524,2060 5614,2066 5704,2066 5793,2072 5883,2078 5972,2084 6062,2084 6104,2096"/>
                <TextEquiv>
                    <Unicode>sen</Unicode>
                </TextEquiv>
            </TextLine>
            <TextLine id="tr_1_tl_9" custom="readingOrder {index:8;}">
                <Coords points="3897,2241 6275,2258 6272,2086 5568,2107 5273,1998 4805,2044 4559,1963 3894,2110"/>
                <Baseline points="3912,2162 4001,2168 4091,2180 4181,2186 4270,2192 4360,2192 4449,2192 4539,2192 4628,2192 4718,2192 4808,2192 4897,2186 4987,2192 5076,2186 5166,2192 5256,2198 5345,2204 5435,2204 5524,2209 5614,2209 5704,2209 5793,2204 5883,2209 5972,2209 6062,2209 6152,2215 6241,2221 6283,2227"/>
                <TextEquiv>
                    <Unicode>and until kind in the</Unicode>
                </TextEquiv>
            </TextLine>
            <TextLine id="tr_1_tl_10" custom="readingOrder {index:9;}">
                <Coords points="3838,2515 4861,2445 5515,2536 6233,2501 6194,2241 5744,2325 4724,2234 3834,2343"/>
                <Baseline points="3852,2419 3942,2419 4031,2424 4121,2430 4210,2436 4300,2442 4390,2448 4479,2448 4569,2448 4658,2454 4748,2448 4838,2442 4927,2442 5017,2442 5106,2442 5196,2448 5286,2448 5375,2448 5465,2454 5554,2454 5644,2460 5733,2466 5823,2466 5913,2472 6002,2472 6092,2478 6181,2490 6241,2490"/>
                <TextEquiv>
                    <Unicode>vor zeiten... Todt zyl a in i</Unicode>
                </TextEquiv>
            </TextLine>
            <TextLine id="tr_1_tl_11" custom="readingOrder {index:10;}">
                <Coords points="3732,2723 6346,2751 6339,2497 6254,2480 5797,2575 4865,2445 3729,2571"/>
                <Baseline points="3750,2651 3840,2657 3930,2657 4019,2663 4109,2669 4198,2663 4288,2669 4378,2669 4467,2669 4557,2669 4646,2675 4736,2675 4826,2669 4915,2669 5005,2675 5094,2681 5184,2681 5274,2687 5363,2681 5453,2687 5542,2687 5632,2693 5722,2693 5811,2705 5901,2705 5990,2717 6080,2723 6170,2729 6259,2729 6349,2729 6355,2729"/>
                <TextEquiv>
                    <Unicode>it in Ch me meiſtot in même</Unicode>
                </TextEquiv>
            </TextLine>
            <TextLine id="tr_1_tl_12" custom="readingOrder {index:11;}">
                <Coords points="3866,2948 4351,2902 4615,3000 5399,2923 6258,3036 6145,2888 5329,2793 5213,2701 4682,2673 4210,2810 3855,2708"/>
                <Baseline points="3882,2866 3971,2878 4061,2884 4151,2890 4240,2890 4330,2896 4419,2902 4509,2908 4599,2908 4688,2908 4778,2914 4867,2914 4957,2914 5047,2914 5136,2914 5226,2914 5315,2920 5405,2926 5495,2932 5584,2938 5674,2938 5763,2944 5853,2950 5943,2962 6032,2974 6122,2986 6211,2986 6265,2992"/>
                <TextEquiv>
                    <Unicode>Mr Wm Wm.</Unicode>
                </TextEquiv>
            </TextLine>
            <TextLine id="tr_1_tl_13" custom="readingOrder {index:12;}">
                <Coords points="3908,3162 4924,3124 5216,3268 6187,3299 6096,3081 5938,3138 5304,2916 3901,3036"/>
                <Baseline points="3924,3111 4013,3099 4103,3099 4192,3099 4282,3099 4372,3093 4461,3099 4551,3099 4640,3111 4730,3117 4820,3117 4909,3117 4999,3117 5088,3117 5178,3123 5268,3129 5357,3135 5447,3147 5536,3153 5626,3165 5716,3177 5805,3183 5895,3195 5984,3201 6074,3213 6164,3225 6193,3225"/>
                <TextEquiv>
                    <Unicode>Mr J.C.M.</Unicode>
                </TextEquiv>
            </TextLine>
            <TextLine id="tr_1_tl_14" custom="readingOrder {index:13;}">
                <Coords points="3943,3405 4284,3458 4559,3366 4731,3423 5445,3342 6106,3415 6099,3289 5646,3303 5431,3215 5248,3282 4949,3141 3936,3219"/>
                <Baseline points="3954,3279 4043,3291 4133,3291 4222,3303 4312,3303 4402,3308 4491,3320 4581,3320 4670,3326 4760,3332 4849,3332 4939,3332 5029,3326 5118,3332 5208,3332 5297,3338 5387,3338 5477,3350 5566,3356 5656,3362 5745,3368 5835,3380 5925,3380 6014,3386 6104,3386 6110,3392"/>
                <TextEquiv>
                    <Unicode>deß sich diese Zevent wie in</Unicode>
                </TextEquiv>
            </TextLine>
            <TextLine id="tr_1_tl_15" custom="readingOrder {index:14;}">
                <Coords points="3852,3518 4495,3514 5093,3630 5452,3556 5734,3686 6145,3690 6106,3461 5449,3503 5195,3377 4840,3363 3848,3444"/>
                <Baseline points="3870,3488 3960,3494 4049,3506 4139,3506 4228,3512 4318,3518 4408,3518 4497,3518 4587,3524 4676,3529 4766,3535 4855,3541 4945,3547 5035,3541 5124,3541 5214,3541 5303,3547 5393,3547 5483,3559 5572,3571 5662,3571 5751,3571 5841,3583 5931,3589 6020,3595 6110,3601 6146,3607"/>
                <TextEquiv>
                    <Unicode>einweinzube Hoff in ihr regl.</Unicode>
                </TextEquiv>
            </TextLine>
            <TextLine id="tr_1_tl_16" custom="readingOrder {index:15;}">
                <Coords points="3806,3704 4281,3845 4886,3767 6054,3834 6047,3690 5927,3665 5034,3697 4495,3514 3795,3539"/>
                <Baseline points="3822,3691 3912,3703 4001,3715 4091,3715 4181,3721 4270,3727 4360,3733 4449,3733 4539,3733 4628,3739 4718,3739 4808,3739 4897,3745 4987,3745 5076,3750 5166,3756 5256,3756 5345,3762 5435,3774 5524,3780 5614,3786 5704,3792 5793,3798 5883,3798 5972,3798 6062,3804"/>
                <TextEquiv>
                    <Unicode>in a freißl. xyz</Unicode>
                </TextEquiv>
            </TextLine>
        </TextRegion>
    </Page>
</PcGts>
