7000 4408
340 590 3134 851 kostt in P. Gebäl, ohne ich zu kurcken
354 783 3177 1123 at de to in hath feller lassen.
379 1041 3141 1331 Al. Ehelwe impte.... Und art dieu
404 1234 3159 1646 clines k-A.d....    u p rleint be given
411 1563 3213 1821 to um geb nec ihr zu verstehen...
2189 1674 3055 1867 initiale.
429 1767 3141 2114 dass nie xxx und vielleicht nach
487 1964 3366 2293 mit erwartete (es in efte), - und
547 2168 3163 2472 doe wild. Aussi aferneid Art. in
1839 2379 2307 2529 niriet
1041 2408 1871 2594 be in not
519 2454 3241 2751 die ne eiste inne bijt g gepart
601 2662 3112 2923 will be denied of his
683 2876 3388 3223 werben, daß sie in ihm auch
1714 3080 2007 3259 last
719 3084 3427 3470 schiffer nicht  (barauf) —
2003 3302 2250 3492 det
780 3334 3488 3624 Abt wenn gedach etwas alt eines: in Freibtin.
830 3595 3105 3903 as to the gett erst.... Mr Trick
894 3810 3044 4186 de l’est ici de Heure - infiteur.
6318 132 6590 340 20
3731 204 6518 547 out them darauf bedacht with & beherr
4171 451 4715 590 theint in
3767 447 6379 787 chen. Schlichst laut mit,
3735 673 6135 948 de Konteil en fait aitreu le
3771 855 6436 1148 at ven Haupt auf d Folch rinken
3731 1073 6271 1381 n'or t weint leer hampt of in d
3803 1281 6432 1567 Polst tirer... Erdenat nach im¬
3824 1513 6411 1928 Lisqu'elle et spérité ce une viele
3806 1764 6568 2093 jeall it taw ibe seine Heare St
4193 1960 4429 2118 P.S.
3846 2007 6586 2429 Er ließe sie stets,- was weil fort....
5127 2247 5409 2411 xxI
3806 2354 6146 2615 aber hier allein auf die Hand so
5971 2372 6407 2504 inta
3835 2515 6253 2815 is in the [illegible]
3832 2712 6554 3034 stell on n Hant  - - Sie spiel viell.
3864 2923 6414 3263 21 Ce reçu bient...  lui est âgte...
3882 3220 6447 3527 ... „ Ich will das alle erzählen.“
3899 3417 6482 3796 sorgen. Tridt, wyl wie die die ent¬
