7016 4440
6097 244 6584 496 1 & 2 I
3959 395 4117 570 831
6034 410 6246 593 167
2899 421 3286 627 the
1759 553 1922 759 Sr
4315 607 6340 837 ehr weiss.-Aber mir sein g sund Gott sei
2839 562 3040 739 158
2782 699 3086 817 and the
4318 745 6188 974 Dank“,rief sie fröhlich aus und trat
1106 719 3152 951 sein Läuten an der Wohnungstürzwar ihm
4300 914 6303 1149 nahe an Fridolin heran mit halboffenem
1146 908 3189 1123 aufgetan, den Fragen hoehgestellt fragte
4320 1037 6246 1281 Mund, blitzenden Zähnen und einem fre-
1137 1023 3057 1258 ein altes Weib, die ihm von
4696 1172 5890 1298 Ihr Bürger in offe, die Druck
4326 1166 6214 1427 chen Zurückwerfen des Leibs. Fridolin
1126 1220 3280 1418 einem alten Weib aufgetan und.den Kragen
5444 1309 5850 1424 in mebr
4616 1349 4997 1467 atregard
4323 1315 6329 1579 sagte: „Ich bin nur (auf einen Sprung he¬
1140 1355 3060 1576 hochgestellt, fragte er nach Fräulein
4332 1498 6251 1742 raufgekommen, um dem Fräulein Mizi was
1160 1539 3129 1696 Mizi. „Das Fräulein Mizi ist nicht zu
5080 1622 5896 1733 n'a eu allée. Tels
4343 1633 6183 1899 zu bringen.“Und er kam sich wie ein
1166 1670 3203 1851 haus“. Das war ihm im Grund ganz recht.
1341 1834 1513 1940 ville.
4349 1814 6197 2057 Gymnasiast vor.-Auf welcher Abteilung
1166 1828 3160 2026 „So legen Sie ihr das ins Zimmer.“Doch
5928 1879 6375 2031 ere to use
4349 1948 6420 2195 liegt sie denn?“ fragte er dann.
1157 2003 3100 2175 ehe das Weib die Päckchen noch in Em-
4361 2103 6346 2358 ihm den Namen eines Professors,bei dem
1169 2120 3220 2352 pfang genommen,öffnete sich eine zweite
4355 2229 6271 2498 Fridelin vor sieben oder acht Jahren
1218 2332 3114 2495 Türe ins Vorzimmer und ein unordent-
4742 2415 4971 2533 ary
4361 2369 6667 2662 Sekundarius gesen war. Und dann mit
1183 2467 3200 2627 liches, aber nicht unhübsches Frauenzim
4323 2599 6357 2796 (der plötzlichen) Gumütigkeit, die diesen
1160 2570 3192 2813 mer in einer Art geschlossenem Bademan
4375 2702 6372 2991 armen Geschöpfen so oft eigen ist,sag.
1183 2739 3226 2957 tel ward sichtbar. „Wen sucht der Herr“,
4870 2871 5214 2980 the last
4381 2859 6208 3131 te sie: „Gib aber, die Packerln, ich
1183 2922 3134 3100 sagte sie.“Fräulein Mizi? Die wird so
5547 2991 5896 3091 Können in
4438 3040 6375 3283 bring sie ihr morgen. Kannst dich ver-
1189 3094 3240 3246 bald nicht z'haus kommen." Die Alte gab
4392 3172 6443 3421 lassen, dass ich nichts wegnaschen werde.
1212 3232 3163 3406 ihr ein Zeichen zu schweigen.Fridolin
4398 3358 6386 3564 Und grüssen werde ich sie auch und ihr
1195 3361 3192 3564 aber, als wünschte er nur eine Bestäti-
5406 3452 5942 3567 must such
2352 3501 2977 3598 eymtler  is
4395 3444 6415 3707 erzählen, Sie sein ihr treu blieben “, In
1192 3578 3223 3753 gung für etwas, das er natürlich schon
4398 3633 6452 3916 setzte sie tröstend hinzu. sechs Wochen
1186 3687 3025 3882 gewusst hatte,bemerkte: „Sie ist im
1175 3828 3263 4045 Spital, nicht wahr?“ „No,wenn's der Herr
