6488 4360
5825 350 6010 544 31
3517 496 5931 681 Ob Verwandte verständigt seien? Ja, die
3584 641 6028 848 rausbesorgerin sei schon auf dem Weg zum
3615 800 5940 1031 Onkel und jedesfalls xxx werde bald
3691 973 5977 1140 Herr Doktor Roedinger erscheinen, mein
3590 1119 6019 1325 Verlobter, setzte sie hinzu und blickte
3548 1252 5977 1462 Fridolin auf die Stirn statt ins Ang.
3548 1462 5983 1632 Friddin nickte nur.Er war Dr. Rödinger
3514 1596 3791 1775 G.C.H.F.H:F.F:H
3894 1590 6050 1772 im verlaufe eines Jahres zwei- oder drei-
3943 1730 5876 1955 mal hier im Hause begegnet. Der über-
3943 1870 5931 2095 schlanke (nicht unhübsche) junge Mensch
3876 2043 5898 2219 mit kurzem blindem Vollbart und Brile,
3675 2234 5916 2420 hozegt für Geschichte des Mittelalters
3681 2362 5928 2544 an der Wiener Universität,war ihm sym-
3894 2505 5946 2736 pathisch gewesen, ohne ihn weiter zuin-
3560 2663 5974 2873 teressieren. Sie sähe besser aus, dachte
3651 2803 6056 3055 xxx er (zuerst), wenn sie seine Geliebte wäre. —
3709 2970 5934 3134 Ihr Haar wäre weniger trocken und ihre
3727 3131 5885 3308 Lippen voller. Wie alt mag sie sein,
3745 3271 6025 3456 fragte er sich weiter. Als er zumersten
3721 3426 5916 3612 Mal zum Hofrat gerufen wurde, vor drei
3681 3566 6007 3821 oder vier Jahren, war sie dreiundzwanzig.
5010 3718 5530 3815 I will work
3906 3736 5916 3964 (Alte Bekannte sind wir eigentlich Wie
