6872 4424
2628 617 2891 783 144
2631 765 2851 928 174
1040 943 2706 1116 dem gleichen strengen,fragenden
1835 1055 2111 1185 Gil ibl
992 1049 3030 1291 Blick, ob du ihr Gatte werden wolltest.
1013 1222 2966 1424 Dann würde dir die Todesstrafe nachge-
1049 1379 3151 1645 sehen Warum sieht sie ihn dann so streig
1016 1485 3169 1733 an, fragte ich mich und war sehr neugierig
1076 1660 3036 1908 was du antworten würdest. Du schüttel-
2613 1721 3178 1881 stecheligt
1052 1829 3042 2035 test den Kopf was ich etwas affektiert
1104 1968 3145 2195 fand, aber ohne, dass es mich weiter wun¬
1279 2095 3326 2256 dies en je de voir, dit a un peu tell
1052 2177 3093 2422 derte.Da zuckte sie die Achseln,winkte,
1070 2274 2927 2516 und nun standest du plötzlich nicht
1067 2437 3078 2685 mehr vor ihr, sondern warst in einem un¬
1086 2585 3024 2818 terindischen Kelle rraum, ich wusste, es
1923 2727 2591 2854 geschreiben etc
1083 2755 3030 2972 war eine Folterkammer.Duclegst da und
1076 2939 3036 3121 Peitschen sausten auf dich herab, ohne
2374 3033 2640 3136 vument
1092 3084 2966 3305 dass ich die Leute sehen konnte, die
2359 3196 2588 3293 and
1107 3281 2549 3426 die Peitschen schwangen.....
1143 3387 2933 3677 dit faire ces jours à celui-ci.
3749 187 4260 417 15/3.1923.
6193 172 6486 399 115
6168 345 6368 532 175
4569 481 6468 726 Du standest aufrecht, während (das ge¬
4557 641 6601 841 schah und das Blut floss (wie in Bächen
5406 786 5803 898 re
3988 771 6422 998 von dir herab. Nun war mit einem Mal
3879 940 4481 1143 ment cette
4551 946 6410 1185 auch die Fürstin wieder da. Sie trat
3892 1049 4496 1288 prisamtait.
4620 1119 5152 1210 de scom
4514 1128 6410 1346 auf dich zu ganz nahe, ihr Blick war
4499 1294 6368 1491 nicht mehr streng, ihre Haare waren
4944 1403 5125 1500 G.H.F.P.
4557 1412 6507 1566 aufgelöst, sie hielt ihre Krone in der
6138 1536 6728 1699 Siemont nicht
5316 1548 5467 1651 b=s 1
5781 1551 6081 1660 midi
3919 1512 4348 1708 et coupe –
4551 1615 6498 1802 Hand und sie war nackt und schön. Der
3898 1651 4336 1805 Si me de
5237 1702 5933 1817 rufgezogen
4796 1724 4965 1811 G.H.F.P.
3834 1724 4406 1887 coup très de
4521 1745 6416 1953 Sinn (von all dem war,ob du ihr Gatte
3798 1817 4433 1984 Sar di in toe.
4521 1938 6589 2092 und der Fürst des Landes werden wolltest
3780 1941 4403 2132 ne wai porté
6413 2011 6689 2102 dem
5328 2014 5600 2120 perx de
4514 2077 6646 2238 Aber wieder schütteltest du den Kopf, weil
4587 2171 4844 2274 dir.
4496 2225 6459 2365 du mir die Treue halten wolltest. Ich
4569 2319 6552 2546 fand das ganz in der Ordnung,du tatest
4502 2470 6565 2712 mir nicht einmal leid, ich empfand (meine
4508 2628 6386 2806 Grausamkeit, aber keine Spur von Reue
5146 2773 6661 2885 Uwe Licht schuldigt, ohne den Bruder
3970 2733 4218 2909 xxx:
4557 2854 6625 2945 darüber. Und dabei wusste ich dass dein
4669 2945 6238 3018 I doi une cœur des terres en fait telles.
4508 2978 6395 3172 Loos entschieden war, du warst verur-
4514 3151 6607 3320 teilt aus Kreuz geschlagen zu werden. Und
4521 3287 6368 3462 ich sah das Kreuz, hoch aufgerichtet
4521 3396 6595 3610 standes da, nicht unten im Burghof,nein,
