6760 4424
5647 340 6090 596 zirmee.
5879 473 6122 599 107
3992 587 6184 866 ehe es zu spät ist „sagte sie, und es kann
4021 728 6269 1021 in jedem Augenblicke zu spät sein. Du musst
4526 945 4954 1054 My get by
4021 957 6128 1197 um jeden Preis verhindern.dass man deine
4021 1068 6222 1327 Spur verfolgt. Niemand darf je erfahren, wer
4582 1212 6260 1321 Mit der Ruh deme Lebeur u aus für
4027 1274 6031 1479 du bist. Du hättest keine ruhige Stunde
4203 1379 5221 1509 immer vorbei will - "
4033 1403 6178 1635 mehr in deinem Leben. - „Seh ich dich wie-
4039 1509 6202 1793 der?" -„Unmöglich“. -.So bleib ich”. —.Soll
4039 1696 6310 1940 ich dir etwas versprechen,was ich nicht hal-
4059 1829 6307 2110 ten kann?" - „Du kannst,wenn du willst".- „So
4059 1990 6152 2245 nimm an dass ich nicht will und geh,geh,
4071 2187 6266 2395 geh!° Ein Zittern ging durch ihren nackten
4476 2292 5964 2430 er den das ich ihm untheilte u,
4071 2357 6213 2548 Leib, das ihm fast die Sinne umnebelte..Es
4068 2506 6181 2727 kann nicht mehr auf dem Spiel stehen als
4673 2612 5676 2724 Sasta Trité, à ces sie mit wird;
4065 2659 6422 2856 mein Leben Das bist du mir in diesem Augen¬
4077 2809 6375 3003 blicke wert.“ Er fasste ihre Hände,versuchte
4083 2917 6304 3199 sie an sich zu ziehen..Ich sehe ja,wo ich
4097 3064 6343 3328 bin. Ihr seid doch nicht nur da, Ihr Alle, da-
4094 3243 6354 3499 mit man von Eurem Anblick töll wird. Du ver-
4100 3443 6161 3631 übst einen Spass mit mir, um mich völlig
4109 3551 6166 3824 verrückt zu machen möchte, es keine
4115 3727 6278 4021 verschwiegene bliebe, in die Paare
