6872 4376
2872 401 3136 593 110
1203 441 2647 699 Er geben 4 it gewisenluft.
2835 571 3030 702 136
2082 583 2483 751 Olpar /
2370 638 3233 787 seine zu davicht blieb
735 717 3175 912 kranken Advokaten. Er fand ihn schlehter als
1431 845 1957 948 Utche ihn ein
854 848 3093 1097 gestern, behauptete aber, dass der Zustand
1851 1000 2151 1109 Prozesse.
2543 994 2923 1094 in keur
848 1030 2923 1219 sich gebessert habe und schrieb auf das
2650 1136 2938 1249 reten.
1343 1149 2054 1264 que très indiqué
842 1179 2996 1377 Rezept ein Repetatur.Dann fuhr er/zu dem
860 1316 3148 1559 nahegelegenen (Kellerlokal) in dem Nachtigall
866 1483 3212 1683 gestern Abend gespielt hatte, um sich bei dem
869 1638 3127 1845 sich nach der Adresse Nachtigalls zu erkun-
1453 1775 2018 1869 in the present
878 1838 2963 1990 digen. Kein Wirt, noch irgend jemand vom
878 1893 3218 2124 Personal war zu erblicken. Aber im Café oban
872 2088 3172 2322 wusste die Kassierin, dass Nachtigall in ei-
872 2224 3045 2443 nem Hotel in der Leopoldstadt wohne. (Eine
881 2388 2963 2595 Viertelstunde darauf fuhr Fridolin dort
2103 2550 2364 2644 lius
881 2565 3106 2793 vor. Es war ein ganz miserabler Gasthof; im
866 2735 2881 2890 Flur roch es nach ungelüfteten Retten,
878 2902 3179 3115 schlechtem Fett und Cichorikaffee. Ein übel
878 3021 3179 3230 aussehender Portier mit rotgeränderten pflif-
866 3215 3087 3376 figen Augen, stets auf polizeiliche Einver-
875 3349 3045 3534 nahmen gefasst, gab bereitwillig Auskunft.
857 3495 3148 3662 Herr Nachtigall war morgens nach fünf, nicht
863 3686 3154 3856 allein, sondern mit zwei Herren in einem Wa-
857 3847 3100 4005 gen angefahren, die ihr gesicht anscheinend
4376 447 5248 748 nannten Ihre Toch
6008 684 6351 872 on. Ich
4348 699 5716 884 selben Atem, eine verworfen
5959 845 6254 1024 Ihrer
4239 830 5728 1018 für meinen Teil meine mich
3975 982 6269 1167 erstoh Auffassung zu und da mich der
4355 1164 6315 1358 Zufall nun einmal zum Teilnehmer oder
4324 1319 6400 1498 wenigstens Beobachter jener sonderbaren
4345 1446 6321 1647 Szene gemacht hat, so möchte ich Ihnen
4364 1629 6272 1787 doch nahegegen einen Arzt zu Rate zu
4355 1750 6409 1917 ziehen.“ Tobisch sah ihn unverschämt an.
4370 1908 6378 2103 „Und wären vielleicht selbst so freund
4367 2054 6442 2276 lich,Herr Doktor,die Behandlung zu über¬
5637 2167 5956 2258 him to
4376 2230 6308 2395 nehmen." „Ich bitte mir nichts in den
4367 2376 6311 2574 Mund zu legen, was ich nicht gesagt ha
4370 2534 6105 2732 b.“ (In jedem Fall kommen Sie zu
4376 2683 6138 2875 ich habe bereits alles Nötige ver¬
4376 2814 6153 3014 lasst." (Er erhob sich)/Fridolin mei¬
4361 2993 6229 3197 te, dass er keine glückliche Rolle
4394 3139 6284 3340 te. (Nun dann ist es ja gut“, sagte
4166 3279 6415 3498 mit nicht ganz gelungener. Unbefangenheit
4461 3446 6463 3637 In diesem Augenblick trat aus der
4382 3610 6439 3841 Türe, die nach den innenräumen führte,
