3640 4184
926 369 3020 690 Ich...    nur mea nie wnt
764 481 867 684 me
628 631 2660 917 war; - we in un libl. a
563 784 2725 1141 over id en fider   ...  Ab
610 1050 2975 1348 in alle - wie wir ich ufgeh
740 1265 2949 1504 of in credit or mitt... &c.
793 1516 2748 1766 Himberhargert, u der i n
805 1628 3070 1976 bef in -. ou nen fral - je tout
793 1861 2969 2158 in blaieret gekent killel quas et
876 2058 2902 2391 en remettre cllée et de sa
864 2303 2966 2554 weit W erscheint.
899 2542 2571 2784 et rien ci-t du seite
905 2787 2810 3055 to the E in Eitille  gla  in
958 2990 2639 3238 Aufschweigung tage wolle.
888 3140 2958 3465 en werde Seid befehrend.....
837 3403 2666 3701 doch es, Seul uit dort, d
879 3654 2810 3910 Munt c'est mil ouvriebes
