6360 4232
5186 195 5400 354 1
2372 437 2555 589 12
5247 498 5794 653 13,15 15
281 595 2570 748 Telegramm,er las,erblasste,flüsterte demJün¬
3541 626 5763 873 sehen war,atmete ich auf. Und keine Sehn¬
324 751 2601 931 geren der Offiziere einige Worte zu und mit
3541 824 5754 992 sucht blieb zurück. (B###te) frag mich nicht
305 916 2701 1065 einem rätselhaft vertrauten Blicke mich strei-
3605 995 6056 1157 mehr. Ich habe dir die ganze Wahrheit gesagt,
308 1056 1041 1206 fend ging er.'
3636 1132 5742 1245 Auft die ist in dier d' ros... y a cbbe he st.
3571 1181 5559 1361 nun erwarte ich von dir das Gleiche.
3153 1148 3327 1349 1.
626 1175 2531 1395 Nun, fragte Fridolin trocken, als sie
3941 1291 4246 1401 drücken
4075 1303 5894 1468 Er erhob sich, ging ein paar Mal im
311 1364 754 1557 geendet.
4759 1407 5910 1532 1t c : Licitant Beill...  No
3620 1514 5891 1682 Zimmer auf und ab,dann stand er am Fenster,
736 1523 2686 1697 „Nichts weiter. Ich weiss nur, dass ich
5498 1557 5699 1670 by
3611 1627 5946 1780 das Antlitz im Dunkel...Des Morgens“,sagt er,
305 1661 2561 1850 am nächsten Morgen mit einer leisen Bengig-
3715 1740 5058 1835 mit Antwort etc. feindelige H u
3626 1795 5919 1963 manchmal sehr früh noch eh du aufgestanden
305 1780 2564 1960 keit erwachte. Wovor mir mehr baugte, davor,
3617 1880 6013 2121 warst, pflegte ich längs des Strandes hinaus zu¬
305 1999 2531 2161 dass er abgereist ist, oder dass er noch da
4973 2048 5263 2146 to me
3617 2112 6020 2244 wandern weit über den Ort/Doch so früh es war
244 2155 2582 2311 sein könnte, das weiss ich nicht,das habe ich
4350 2219 4527 2314 la
3584 2253 5998 2424 lag die Sonne schon (b eit und stark über Land
293 2289 2589 2415 auch damals nicht gewusst.Doch also auch
797 2384 1560 2497 verschwenden blie
3636 2396 5965 2549 und Meer. Es gab auch weiter draussen kleine
290 2454 1542 2607 mittags nicht erschien
4234 2518 5281 2640 mo die we get ein kleinbar
3642 2515 3883 2643 Lord
3648 2585 6007 2759 Dappfhäuser, die jedes für sich dastanden,man¬
4106 2686 4521 2799 in viel mehr
3636 2726 5922 2927 che mit Gärten,manche auch nur von Wald um -
5043 2808 5296 2927 ware
4011 2836 4429 2952 wid die
3648 2845 5812 3052 geben, auch Badehütten gab es die von den
4890 2952 6013 3117 ein Stück Strand
3648 3034 6016 3181 Häusern durch die breite Landstrassel getrennt
4148 3117 6020 3230 Kant geb. schr. id u a fait kind heeftig
3642 3190 6053 3346 waren. Um dise frühe Stunde beregnete man nur
3874 3284 5595 3407 bezahlt; - als einige, daß in Südten
5583 3266 5849 3373 ult'in
3642 3379 5711 3504 wenigen Leuten, auch Badende waren kaum
5327 3431 5482 3538 ale
3648 3458 5928 3657 sehen. Da geschah es eines Morgens, dass ich
3715 3602 5693 3739 wurde ich noch in derselben
3666 3660 5992 3822 ganz plötzlich an einer Radehütte, an der ich
3755 3745 5659 3880 on & we for chsill nie kolel gavater
3651 3819 5876 4048 eben vorbeigehen wollte, und die von weitem
