3656 4248
1881 291 2362 484 marte...
2558 283 3036 478 aEebe
2862 618 3026 830 teo
1786 700 3012 972 in gelassen blätterte er
1242 859 1477 1086 lücht
1789 938 3266 1105 tächsten und Fachschriften
1636 906 1741 1078 26
1332 1123 1773 1263 rch; seit
1805 1060 3131 1279 ihm seine Abentaer so lät
1165 1253 3266 1401 cherlich in Nichts zerflossen waren, stei-
1305 1443 3274 1625 rte sich seine Spannung wegen Alberti-
1144 1559 3052 1749 nens Traum. Nach einer Viertelstunde
1149 1720 3261 1868 trat sie ein, setzte sich zu ihm; das wan
1147 1852 2994 2080 waren sonst die ruhigsten,schönsten
1163 2045 3282 2270 Stunden, wenn alles im Hause still war und
1194 2204 3213 2357 sie beide vor dem Schlafengehen in dem
1149 2310 3242 2521 gemütlichen Esszimmer, nachdem der Tisch
1136 2529 3089 2650 abgeräumt war,auf dem Divan sassen.Es
1134 2648 3195 2809 war Fridolin heute, als hätten sie solch
1126 2798 3071 3044 eine Stunde schon lange nicht erlebt.
1179 2965 3171 3121 Und so neugie rig er war.er empfand es
1136 3094 3079 3271 als unbequem, ja fast schmerzlich, dass
1194 3300 3142 3491 er sie nun um ihren Traum fragen muss
1427 3470 3073 3602 ter Antlitz, das den ganzen Abend
1200 3615 3071 3776 Hindurch so unbekümmert und rein gewe
1268 3758 3076 4017 verdüsterte sich beinahe so sehr
