<?xml version="1.0" encoding="UTF-8" standalone="yes"?>
<PcGts xmlns="http://schema.primaresearch.org/PAGE/gts/pagecontent/2013-07-15" xmlns:xsi="http://www.w3.org/2001/XMLSchema-instance" xsi:schemaLocation="http://schema.primaresearch.org/PAGE/gts/pagecontent/2013-07-15 http://schema.primaresearch.org/PAGE/gts/pagecontent/2013-07-15/pagecontent.xsd">
    <Metadata>
        <Creator>prov=READ-COOP:name=TrHtr:version=2.1.0:model_id=51170:date=14_08_2023_13:19</Creator>
        <Created>2023-05-10T14:19:15.052+02:00</Created>
        <LastChange>2023-08-14T13:19:11.004+02:00</LastChange>
        <TranskribusMetadata docId="1428611" pageId="55418759" pageNr="121" tsid="132803007" status="IN_PROGRESS" userId="64420" imgUrl="https://files.transkribus.eu/Get?id=EOBOQUTAGOMFSVQDWNDMCOIC&amp;fileType=view" xmlUrl="https://files.transkribus.eu/Get?id=ZLHGTBJWJYODZKNCVZBPBJKB" imageId="44692863"/>
    </Metadata>
    <Page imageFilename="1428611_0121.jpg" imageWidth="6984" imageHeight="4488">
        <ReadingOrder>
            <OrderedGroup id="ro_1711787384273" caption="Regions reading order">
                <RegionRefIndexed index="0" regionRef="tr_1"/>
            </OrderedGroup>
        </ReadingOrder>
        <TextRegion id="tr_1" custom="readingOrder {index:0;}">
            <Coords points="823,284 6588,284 6588,4122 823,4122"/>
            <TextLine id="tr_1_tl_1" custom="readingOrder {index:0;}">
                <Coords points="6235,444 6269,430 6283,438 6305,421 6353,447 6396,433 6421,447 6452,424 6495,427 6500,232 6455,212 6435,226 6376,215 6345,229 6325,212 6269,257 6240,257"/>
                <Baseline points="6254,340 6344,340 6433,334 6505,340"/>
                <TextEquiv>
                    <Unicode>166</Unicode>
                </TextEquiv>
            </TextLine>
            <TextLine id="tr_1_tl_2" custom="readingOrder {index:1;}">
                <Coords points="4317,679 5448,639 5573,704 6056,693 6280,631 6285,501 5904,467 5782,390 5216,520 5013,481 4871,560 4322,495"/>
                <Baseline points="4332,638 4410,632 4499,632 4589,626 4678,626 4768,626 4858,626 4947,620 5037,620 5126,620 5216,620 5305,614 5395,608 5484,608 5574,608 5663,602 5753,602 5842,596 5932,590 6021,584 6111,584 6200,578 6290,578"/>
                <TextEquiv>
                    <Unicode>vereinten sich irgendwie alle anderen</Unicode>
                </TextEquiv>
            </TextLine>
            <TextLine id="tr_1_tl_3" custom="readingOrder {index:2;}">
                <Coords points="2704,713 2718,713 2738,733 2767,727 2800,735 2829,761 2866,747 2894,721 2911,735 2933,735 2939,594 2899,597 2866,619 2837,591 2817,597 2789,588 2772,597 2747,583 2710,594"/>
                <Baseline points="2721,710 2763,716 2852,710 2942,704"/>
                <TextEquiv>
                    <Unicode>Mr</Unicode>
                </TextEquiv>
            </TextLine>
            <TextLine id="tr_1_tl_4" custom="readingOrder {index:3;}">
                <Coords points="4325,866 6370,806 6376,648 5570,704 5448,636 4718,645 4331,727"/>
                <Baseline points="4344,793 4410,781 4499,787 4589,787 4678,781 4768,781 4858,775 4947,775 5037,775 5126,769 5216,769 5305,763 5395,763 5484,757 5574,757 5663,757 5753,751 5842,746 5932,746 6021,740 6111,740 6200,734 6290,728 6379,722"/>
                <TextEquiv>
                    <Unicode>Frauen, die ihm in der vergangenen Nacht</Unicode>
                </TextEquiv>
            </TextLine>
            <TextLine id="tr_1_tl_5" custom="readingOrder {index:4;}">
                <Coords points="2628,877 2651,885 2687,851 2721,849 2755,832 2800,849 2849,837 2840,727 2789,738 2764,727 2741,733 2684,699 2639,741 2617,733"/>
                <Baseline points="2637,805 2727,805 2816,817 2852,817"/>
                <TextEquiv>
                    <Unicode>150</Unicode>
                </TextEquiv>
            </TextLine>
            <TextLine id="tr_1_tl_6" custom="readingOrder {index:5;}">
                <Coords points="4311,979 6136,1001 6424,973 6430,815 4314,863"/>
                <Baseline points="4326,960 4374,942 4464,948 4553,942 4643,936 4732,936 4822,931 4911,931 5001,931 5090,931 5180,925 5269,925 5359,919 5448,913 5538,913 5627,907 5717,901 5806,901 5896,901 5985,895 6075,895 6165,889 6254,889 6344,883 6433,889"/>
                <TextEquiv>
                    <Unicode>begegnet waren. Er sah sie nackt vor sich</Unicode>
                </TextEquiv>
            </TextLine>
            <TextLine id="tr_1_tl_7" custom="readingOrder {index:6;}">
                <Coords points="826,1021 2803,1010 2962,990 2965,832 829,877"/>
                <Baseline points="841,1014 907,1008 996,1002 1086,996 1175,996 1265,996 1354,996 1444,990 1533,990 1623,984 1712,984 1802,984 1891,978 1981,978 2070,978 2160,978 2249,972 2339,966 2429,966 2518,960 2608,960 2697,960 2787,960 2876,954 2966,960"/>
                <TextEquiv>
                    <Unicode>plante, in Betracht kamen,er beschäftigte</Unicode>
                </TextEquiv>
            </TextLine>
            <TextLine id="tr_1_tl_8" custom="readingOrder {index:7;}">
                <Coords points="2300,1032 2399,1064 2438,1041 2523,1064 2656,1032 2707,1058 2769,1038 2877,1047 2877,970 2809,1007 2755,970 2699,996 2653,979 2585,999 2532,976 2416,1007 2359,976 2300,979"/>
                <Baseline points="2315,1032 2345,1032 2434,1032 2524,1026 2614,1032 2703,1032 2793,1032 2882,1026"/>
                <TextEquiv>
                    <Unicode>marce dolix</Unicode>
                </TextEquiv>
            </TextLine>
            <TextLine id="tr_1_tl_9" custom="readingOrder {index:8;}">
                <Coords points="4283,1154 5423,1089 5878,1132 6008,1055 6266,1072 6269,967 4288,1016"/>
                <Baseline points="4302,1110 4392,1098 4482,1098 4571,1092 4661,1086 4750,1086 4840,1086 4929,1080 5019,1080 5108,1074 5198,1074 5287,1074 5377,1068 5466,1068 5556,1062 5645,1062 5735,1062 5824,1056 5914,1056 6003,1044 6093,1038 6182,1032 6272,1044"/>
                <TextEquiv>
                    <Unicode>mit einer Spitzenmaske, den Schleier um</Unicode>
                </TextEquiv>
            </TextLine>
            <TextLine id="tr_1_tl_10" custom="readingOrder {index:9;}">
                <Coords points="6011,1132 6062,1123 6124,1140 6189,1115 6252,1134 6271,1120 6314,1132 6331,1115 6433,1132 6435,993 6345,984 6232,1069 6104,1038 6056,1075 6014,1066"/>
                <Baseline points="6027,1116 6081,1116 6171,1110 6260,1110 6350,1104 6439,1110"/>
                <TextEquiv>
                    <Unicode>Künsellei</Unicode>
                </TextEquiv>
            </TextLine>
            <TextLine id="tr_1_tl_11" custom="readingOrder {index:10;}">
                <Coords points="843,1174 2976,1174 3083,1160 3086,1027 846,1044"/>
                <Baseline points="859,1169 942,1157 1032,1151 1122,1157 1211,1151 1301,1151 1390,1145 1480,1139 1569,1145 1659,1145 1748,1133 1838,1127 1927,1127 2017,1127 2106,1122 2196,1127 2285,1127 2375,1127 2464,1122 2554,1122 2643,1116 2733,1116 2822,1116 2912,1122 3001,1122 3091,1127"/>
                <TextEquiv>
                    <Unicode>sich eine Weile mit ihnen,notierte einiges,</Unicode>
                </TextEquiv>
            </TextLine>
            <TextLine id="tr_1_tl_12" custom="readingOrder {index:11;}">
                <Coords points="4130,1293 5228,1262 5338,1327 5527,1242 5759,1313 6034,1208 6373,1219 6404,1123 4738,1120 4136,1197"/>
                <Baseline points="4147,1283 4171,1283 4261,1277 4350,1259 4440,1253 4529,1247 4619,1247 4708,1241 4798,1241 4887,1235 4977,1235 5066,1229 5156,1229 5245,1229 5335,1223 5424,1223 5514,1217 5604,1211 5693,1211 5783,1211 5872,1205 5962,1205 6051,1199 6141,1199 6230,1193 6320,1187 6409,1187"/>
                <TextEquiv>
                    <Unicode>Haupt, Wacken und Stirn (und ihre Jungfräu-</Unicode>
                </TextEquiv>
            </TextLine>
            <TextLine id="tr_1_tl_13" custom="readingOrder {index:12;}">
                <Coords points="1793,1236 1819,1233 1833,1247 1895,1211 1938,1225 1955,1211 1986,1219 2000,1208 2031,1222 2076,1199 2110,1202 2116,1143 2051,1146 2034,1132 1980,1163 1943,1134 1909,1157 1873,1148 1856,1160 1799,1163"/>
                <Baseline points="1808,1217 1850,1211 1939,1199 2029,1193 2118,1193"/>
                <TextEquiv>
                    <Unicode>erleicht.</Unicode>
                </TextEquiv>
            </TextLine>
            <TextLine id="tr_1_tl_14" custom="readingOrder {index:13;}">
                <Coords points="860,1380 2622,1332 3032,1281 3035,1165 1833,1247 866,1216"/>
                <Baseline points="877,1318 895,1312 984,1312 1074,1312 1163,1312 1253,1307 1342,1307 1432,1307 1521,1301 1611,1295 1700,1295 1790,1295 1879,1295 1969,1295 2058,1295 2148,1289 2238,1283 2327,1283 2417,1277 2506,1271 2596,1271 2685,1277 2775,1271 2864,1271 2954,1265 3043,1271"/>
                <TextEquiv>
                    <Unicode>dann ging er.Er machte noch einen Kranken</Unicode>
                </TextEquiv>
            </TextLine>
            <TextLine id="tr_1_tl_15" custom="readingOrder {index:14;}">
                <Coords points="4257,1443 5971,1448 6464,1352 6467,1270 6025,1211 5751,1315 5522,1242 5338,1327 4976,1262 4260,1327"/>
                <Baseline points="4273,1426 4320,1420 4410,1408 4499,1402 4589,1396 4678,1390 4768,1390 4858,1384 4947,1384 5037,1384 5126,1384 5216,1384 5305,1372 5395,1372 5484,1372 5574,1366 5663,1360 5753,1366 5842,1360 5932,1360 6021,1354 6111,1354 6200,1348 6290,1348 6379,1342 6469,1336"/>
                <TextEquiv>
                    <Unicode>lichkeit war eine Verführung mehr) Hier gab</Unicode>
                </TextEquiv>
            </TextLine>
            <TextLine id="tr_1_tl_16" custom="readingOrder {index:15;}">
                <Coords points="871,1525 2563,1448 3021,1508 3024,1315 874,1383"/>
                <Baseline points="889,1468 966,1468 1056,1462 1145,1462 1235,1468 1324,1462 1414,1456 1503,1456 1593,1456 1682,1450 1772,1450 1862,1450 1951,1444 2041,1444 2130,1444 2220,1444 2309,1444 2399,1438 2488,1438 2578,1432 2667,1432 2757,1426 2846,1426 2936,1420 3025,1420"/>
                <TextEquiv>
                    <Unicode>besuch in der inneren Stadt und so war es</Unicode>
                </TextEquiv>
            </TextLine>
            <TextLine id="tr_1_tl_17" custom="readingOrder {index:16;}">
                <Coords points="4269,1593 6444,1610 6478,1431 5270,1406 4271,1499"/>
                <Baseline points="4285,1575 4332,1557 4422,1557 4511,1551 4601,1545 4690,1545 4780,1545 4869,1539 4959,1539 5049,1533 5138,1527 5228,1527 5317,1527 5407,1527 5496,1515 5586,1515 5675,1515 5765,1509 5854,1509 5944,1503 6033,1503 6123,1503 6212,1497 6302,1497 6391,1492 6481,1492"/>
                <TextEquiv>
                    <Unicode>es keine Schwierigkeit, keine Gefahr;-wovor</Unicode>
                </TextEquiv>
            </TextLine>
            <TextLine id="tr_1_tl_18" custom="readingOrder {index:17;}">
                <Coords points="871,1669 2786,1627 2979,1590 2982,1505 2209,1528 2051,1462 877,1528"/>
                <Baseline points="889,1629 925,1623 1014,1623 1104,1617 1193,1617 1283,1617 1372,1611 1462,1611 1551,1611 1641,1605 1730,1611 1820,1605 1909,1605 1999,1599 2088,1599 2178,1599 2267,1599 2357,1593 2446,1587 2536,1587 2625,1587 2715,1581 2805,1575 2894,1575 2984,1581"/>
                <TextEquiv>
                    <Unicode>sieben Ihr abend geworden, als er vor dem</Unicode>
                </TextEquiv>
            </TextLine>
            <TextLine id="tr_1_tl_19" custom="readingOrder {index:18;}">
                <Coords points="4345,1788 5459,1694 5771,1748 6051,1658 6390,1734 6427,1607 4351,1604"/>
                <Baseline points="4362,1712 4374,1706 4464,1700 4553,1694 4643,1694 4732,1688 4822,1688 4911,1688 5001,1682 5090,1682 5180,1682 5269,1677 5359,1677 5448,1671 5538,1671 5627,1671 5717,1665 5806,1665 5896,1659 5985,1659 6075,1653 6165,1653 6254,1647 6344,1647 6433,1647"/>
                <TextEquiv>
                    <Unicode>mancher vielleicht zurückgeschacht wäre,</Unicode>
                </TextEquiv>
            </TextLine>
            <TextLine id="tr_1_tl_20" custom="readingOrder {index:19;}">
                <Coords points="871,1878 1774,1768 2973,1779 3066,1765 3069,1556 2670,1683 2212,1624 874,1692"/>
                <Baseline points="889,1778 925,1778 1014,1778 1104,1772 1193,1772 1283,1766 1372,1766 1462,1766 1551,1760 1641,1766 1730,1766 1820,1760 1909,1754 1999,1754 2088,1748 2178,1754 2267,1754 2357,1748 2446,1748 2536,1748 2625,1748 2715,1742 2805,1742 2894,1736 2984,1730 3073,1736"/>
                <TextEquiv>
                    <Unicode>alten Haus in der Schreyvogelgasse stand,</Unicode>
                </TextEquiv>
            </TextLine>
            <TextLine id="tr_1_tl_21" custom="readingOrder {index:20;}">
                <Coords points="3703,1796 3762,1819 3839,1791 3935,1836 4031,1788 4113,1785 4187,1813 4187,1706 4022,1675 3890,1598 3810,1604 3774,1584 3737,1607 3703,1601"/>
                <Baseline points="3718,1772 3807,1778 3897,1784 3986,1778 4076,1778 4165,1778 4195,1784"/>
                <TextEquiv>
                    <Unicode>de, sieur</Unicode>
                </TextEquiv>
            </TextLine>
            <TextLine id="tr_1_tl_22" custom="readingOrder {index:21;}">
                <Coords points="4339,1918 4967,1836 5352,1929 6104,1822 6407,1873 6435,1714 5604,1757 5443,1694 4342,1785"/>
                <Baseline points="4356,1856 4380,1856 4470,1850 4559,1850 4649,1844 4738,1844 4828,1838 4917,1838 5007,1832 5096,1832 5186,1832 5275,1832 5365,1832 5454,1826 5544,1820 5633,1820 5723,1820 5812,1814 5902,1820 5991,1814 6081,1808 6171,1808 6260,1802 6350,1796 6439,1790"/>
                <TextEquiv>
                    <Unicode>das war der Verrat an dem Bräutigam, aber</Unicode>
                </TextEquiv>
            </TextLine>
            <TextLine id="tr_1_tl_23" custom="readingOrder {index:22;}">
                <Coords points="3768,1870 3813,1887 3836,1870 3892,1895 3957,1870 4028,1881 4068,1858 4184,1867 4187,1808 4138,1805 4113,1785 4054,1805 4031,1791 4000,1819 3972,1813 3938,1839 3923,1825 3898,1836 3847,1799 3771,1802"/>
                <Baseline points="3783,1868 3837,1868 3926,1868 4016,1856 4106,1856 4195,1844"/>
                <TextEquiv>
                    <Unicode>Herrnk</Unicode>
                </TextEquiv>
            </TextLine>
            <TextLine id="tr_1_tl_24" custom="readingOrder {index:23;}">
                <Coords points="803,1986 3018,1949 3021,1768 1689,1864 809,1819"/>
                <Baseline points="823,1939 877,1945 966,1933 1056,1927 1145,1927 1235,1927 1324,1927 1414,1921 1503,1927 1593,1921 1682,1915 1772,1915 1862,1915 1951,1909 2041,1909 2130,1909 2220,1909 2309,1903 2399,1903 2488,1897 2578,1897 2667,1897 2757,1897 2846,1897 2936,1891 3025,1897"/>
                <TextEquiv>
                    <Unicode>Er war den Weg fast mechanisch gegangen,</Unicode>
                </TextEquiv>
            </TextLine>
            <TextLine id="tr_1_tl_25" custom="readingOrder {index:24;}">
                <Coords points="3757,1986 3813,1972 3841,1986 3881,1955 3921,1972 3955,1949 4037,1974 4076,1949 4138,1974 4201,1972 4237,1938 4263,1943 4269,1813 4017,1890 3991,1870 3878,1892 3759,1867"/>
                <Baseline points="3771,1957 3819,1951 3909,1945 3998,1939 4088,1939 4177,1933 4267,1939"/>
                <TextEquiv>
                    <Unicode>un aribiste:</Unicode>
                </TextEquiv>
            </TextLine>
            <TextLine id="tr_1_tl_26" custom="readingOrder {index:25;}">
                <Coords points="4359,2059 4667,2048 4775,2116 4953,2028 6085,2011 6481,1969 6483,1867 5162,1932 4967,1836 4362,1918"/>
                <Baseline points="4374,2011 4428,2005 4517,2005 4607,2005 4696,1999 4786,1993 4875,1993 4965,1993 5054,1987 5144,1981 5234,1987 5323,1987 5413,1981 5502,1981 5592,1975 5681,1969 5771,1963 5860,1969 5950,1963 6039,1963 6129,1963 6218,1957 6308,1951 6397,1945 6487,1951"/>
                <TextEquiv>
                    <Unicode>was ging der Mensch am Ende ihn an;d###ss</Unicode>
                </TextEquiv>
            </TextLine>
            <TextLine id="tr_1_tl_27" custom="readingOrder {index:26;}">
                <Coords points="866,2116 2905,2105 3007,2057 3010,1963 868,2008"/>
                <Baseline points="883,2094 954,2088 1044,2082 1133,2082 1223,2082 1312,2076 1402,2076 1492,2076 1581,2070 1671,2076 1760,2070 1850,2070 1939,2064 2029,2064 2118,2064 2208,2058 2297,2053 2387,2053 2476,2053 2566,2053 2655,2047 2745,2041 2834,2041 2924,2041 3013,2041"/>
                <TextEquiv>
                    <Unicode>jetzt erst fiel ihm ein, dass er hier ent-</Unicode>
                </TextEquiv>
            </TextLine>
            <TextLine id="tr_1_tl_28" custom="readingOrder {index:27;}">
                <Coords points="3734,2150 3802,2144 3836,2116 3955,2122 3994,2102 4051,2124 4119,2099 4220,2124 4223,1994 4138,1994 4119,1977 4079,1989 4000,1966 3737,2000"/>
                <Baseline points="3753,2053 3843,2053 3932,2053 4022,2047 4112,2053 4201,2053 4231,2053"/>
                <TextEquiv>
                    <Unicode>nichtigne</Unicode>
                </TextEquiv>
            </TextLine>
            <TextLine id="tr_1_tl_29" custom="readingOrder {index:28;}">
                <Coords points="4362,2232 5527,2144 5751,2229 6302,2107 6515,2178 6517,2006 6037,2057 5768,1980 5304,2085 4959,2025 4781,2110 4368,2065"/>
                <Baseline points="4380,2154 4464,2154 4553,2154 4643,2148 4732,2148 4822,2142 4911,2142 5001,2136 5090,2136 5180,2130 5269,2136 5359,2130 5448,2130 5538,2124 5627,2118 5717,2118 5806,2118 5896,2118 5985,2112 6075,2112 6165,2106 6254,2106 6344,2100 6433,2094 6523,2106"/>
                <TextEquiv>
                    <Unicode>Überdies nie erfahren würde! Fridolin dach</Unicode>
                </TextEquiv>
            </TextLine>
            <TextLine id="tr_1_tl_30" custom="readingOrder {index:29;}">
                <Coords points="3793,2215 3870,2232 3977,2184 4025,2218 4068,2206 4079,2221 4138,2187 4172,2212 4218,2212 4223,2122 4189,2127 4121,2099 4076,2124 4008,2102 3957,2122 3921,2110 3890,2130 3864,2116 3799,2130"/>
                <Baseline points="3813,2196 3867,2184 3956,2172 4046,2172 4135,2166 4225,2160"/>
                <TextEquiv>
                    <Unicode>zu lägen.</Unicode>
                </TextEquiv>
            </TextLine>
            <TextLine id="tr_1_tl_31" custom="readingOrder {index:30;}">
                <Coords points="874,2246 1754,2305 2003,2221 3030,2232 3032,2059 2741,2127 877,2150"/>
                <Baseline points="889,2238 978,2232 1068,2232 1157,2232 1247,2232 1336,2232 1426,2232 1515,2226 1605,2226 1694,2226 1784,2226 1873,2220 1963,2220 2053,2214 2142,2220 2232,2214 2321,2208 2411,2208 2500,2202 2590,2202 2679,2196 2769,2196 2858,2202 2948,2196 3037,2196"/>
                <TextEquiv>
                    <Unicode>weder gar nichts zu tun hatte, oder irgend</Unicode>
                </TextEquiv>
            </TextLine>
            <TextLine id="tr_1_tl_32" custom="readingOrder {index:31;}">
                <Coords points="3765,2303 3901,2274 3969,2331 4090,2252 4121,2266 4187,2257 4192,2184 4130,2189 4079,2221 4045,2204 4022,2218 3983,2181 3873,2232 3822,2238 3771,2215"/>
                <Baseline points="3783,2273 3837,2273 3926,2261 4016,2261 4106,2249 4195,2244"/>
                <TextEquiv>
                    <Unicode>in fuite</Unicode>
                </TextEquiv>
            </TextLine>
            <TextLine id="tr_1_tl_33" custom="readingOrder {index:32;}">
                <Coords points="4325,2365 5318,2303 5850,2365 6235,2263 6461,2322 6495,2167 4990,2243 4713,2167 4328,2240"/>
                <Baseline points="4344,2315 4350,2315 4440,2303 4529,2303 4619,2303 4708,2297 4798,2297 4887,2297 4977,2297 5066,2291 5156,2291 5245,2285 5335,2285 5424,2285 5514,2285 5604,2279 5693,2273 5783,2273 5872,2273 5962,2267 6051,2267 6141,2261 6230,2261 6320,2255 6409,2255 6499,2261"/>
                <TextEquiv>
                    <Unicode>te keinen Moment daran, dass eine Beziehung</Unicode>
                </TextEquiv>
            </TextLine>
            <TextLine id="tr_1_tl_34" custom="readingOrder {index:33;}">
                <Coords points="894,2424 2602,2413 3044,2359 3047,2271 900,2257"/>
                <Baseline points="913,2393 990,2387 1080,2387 1169,2387 1259,2387 1348,2381 1438,2381 1527,2375 1617,2375 1706,2375 1796,2375 1885,2369 1975,2369 2064,2369 2154,2363 2244,2363 2333,2363 2423,2357 2512,2357 2602,2357 2691,2351 2781,2351 2870,2345 2960,2345 3049,2351"/>
                <TextEquiv>
                    <Unicode>etwas, das mit seinem ärztlichen Beruf nur</Unicode>
                </TextEquiv>
            </TextLine>
            <TextLine id="tr_1_tl_35" custom="readingOrder {index:34;}">
                <Coords points="3754,2376 3822,2402 3861,2376 3909,2413 3955,2407 3994,2433 4107,2387 4195,2481 4223,2484 4235,2274 4181,2291 4090,2249 3969,2331 3887,2277 3759,2300"/>
                <Baseline points="3771,2375 3789,2375 3879,2375 3968,2369 4058,2369 4147,2357 4237,2351"/>
                <TextEquiv>
                    <Unicode>tiben sehen!</Unicode>
                </TextEquiv>
            </TextLine>
            <TextLine id="tr_1_tl_36" custom="readingOrder {index:35;}">
                <Coords points="4317,2540 5431,2447 5892,2520 6133,2424 6294,2486 6317,2348 4320,2390"/>
                <Baseline points="4332,2470 4350,2470 4440,2458 4529,2458 4619,2458 4708,2452 4798,2452 4887,2452 4977,2452 5066,2446 5156,2440 5245,2440 5335,2434 5424,2434 5514,2434 5604,2429 5693,2423 5783,2423 5872,2417 5962,2417 6051,2417 6141,2411 6230,2411 6320,2417"/>
                <TextEquiv>
                    <Unicode>seinerseits zu Marianne der Heirat mit</Unicode>
                </TextEquiv>
            </TextLine>
            <TextLine id="tr_1_tl_37" custom="readingOrder {index:36;}">
                <Coords points="3754,2526 3847,2515 3929,2475 3966,2509 4003,2486 4071,2529 4110,2509 4184,2512 4187,2453 4110,2387 4054,2396 4011,2433 3980,2424 3932,2444 3802,2382 3765,2382"/>
                <Baseline points="3771,2506 3837,2500 3926,2476 4016,2476 4106,2476 4195,2470"/>
                <TextEquiv>
                    <Unicode>2... Wir.</Unicode>
                </TextEquiv>
            </TextLine>
            <TextLine id="tr_1_tl_38" custom="readingOrder {index:37;}">
                <Coords points="891,2597 2733,2569 3072,2523 3075,2385 2255,2464 894,2424"/>
                <Baseline points="907,2548 931,2542 1020,2542 1110,2542 1199,2536 1289,2536 1378,2536 1468,2536 1557,2530 1647,2530 1736,2530 1826,2530 1915,2524 2005,2524 2094,2524 2184,2518 2273,2512 2363,2512 2452,2512 2542,2512 2631,2512 2721,2506 2810,2500 2900,2500 2990,2500 3079,2494"/>
                <TextEquiv>
                    <Unicode>sehr oberflächlich zusammenhing. Was wollte</Unicode>
                </TextEquiv>
            </TextLine>
            <TextLine id="tr_1_tl_39" custom="readingOrder {index:38;}">
                <Coords points="4359,2656 6512,2656 6580,2535 6430,2458 4362,2518"/>
                <Baseline points="4374,2619 4440,2614 4529,2614 4619,2608 4708,2608 4798,2608 4887,2608 4977,2602 5066,2602 5156,2596 5245,2596 5335,2596 5424,2590 5514,2584 5604,2584 5693,2584 5783,2578 5872,2572 5962,2572 6051,2572 6141,2566 6230,2572 6320,2566 6409,2560 6499,2566 6588,2572"/>
                <TextEquiv>
                    <Unicode>Dr. Rödler hier Hindernisse bereiten würde</Unicode>
                </TextEquiv>
            </TextLine>
            <TextLine id="tr_1_tl_40" custom="readingOrder {index:39;}">
                <Coords points="3745,2653 3847,2651 3867,2665 3986,2591 4082,2611 4107,2594 4121,2608 4198,2600 4201,2518 4181,2512 4107,2509 4085,2529 4054,2512 4028,2537 3957,2532 3904,2557 3841,2506 3802,2526 3751,2506"/>
                <Baseline points="3765,2608 3843,2602 3932,2596 4022,2590 4112,2590 4201,2590"/>
                <TextEquiv>
                    <Unicode>liep-me</Unicode>
                </TextEquiv>
            </TextLine>
            <TextLine id="tr_1_tl_41" custom="readingOrder {index:40;}">
                <Coords points="894,2755 2331,2676 3015,2724 3038,2591 897,2597"/>
                <Baseline points="913,2703 984,2697 1074,2697 1163,2691 1253,2691 1342,2691 1432,2691 1521,2691 1611,2685 1700,2685 1790,2691 1879,2679 1969,2679 2058,2673 2148,2673 2238,2667 2327,2667 2417,2667 2506,2667 2596,2667 2685,2661 2775,2661 2864,2661 2954,2655 3043,2655"/>
                <TextEquiv>
                    <Unicode>er denn eigentlich dort oben? Das thataar</Unicode>
                </TextEquiv>
            </TextLine>
            <TextLine id="tr_1_tl_42" custom="readingOrder {index:41;}">
                <Coords points="3765,2752 3875,2724 3986,2735 4008,2716 4037,2716 4065,2744 4116,2724 4141,2741 4226,2727 4237,2566 4215,2560 4130,2608 3989,2591 3912,2651 3873,2665 3839,2653 3796,2682 3771,2673"/>
                <Baseline points="3783,2721 3789,2721 3879,2709 3968,2709 4058,2703 4147,2691 4237,2685"/>
                <TextEquiv>
                    <Unicode>e damant</Unicode>
                </TextEquiv>
            </TextLine>
            <TextLine id="tr_1_tl_43" custom="readingOrder {index:42;}">
                <Coords points="4484,2699 4523,2707 4580,2696 4600,2710 4628,2707 4684,2755 4701,2755 4693,2651 4662,2651 4611,2614 4591,2619 4566,2651 4512,2622 4478,2622"/>
                <Baseline points="4499,2685 4589,2691 4678,2697 4702,2703"/>
                <TextEquiv>
                    <Unicode>the</Unicode>
                </TextEquiv>
            </TextLine>
            <TextLine id="tr_1_tl_44" custom="readingOrder {index:43;}">
                <Coords points="4305,2826 5406,2767 5652,2837 6116,2727 6288,2809 6404,2778 6410,2651 5403,2693 5134,2631 4721,2735 4308,2684"/>
                <Baseline points="4320,2769 4356,2763 4446,2775 4535,2769 4625,2769 4714,2769 4804,2757 4893,2757 4983,2757 5072,2751 5162,2751 5251,2745 5341,2745 5430,2745 5520,2739 5610,2739 5699,2733 5789,2733 5878,2727 5968,2727 6057,2721 6147,2721 6236,2721 6326,2715 6415,2715"/>
                <TextEquiv>
                    <Unicode>Er hielt es vielmehr für wahrscheinlich,</Unicode>
                </TextEquiv>
            </TextLine>
            <TextLine id="tr_1_tl_45" custom="readingOrder {index:44;}">
                <Coords points="3757,2846 3791,2854 3850,2829 3875,2846 3957,2826 4008,2860 4051,2837 4088,2863 4138,2854 4184,2868 4192,2735 4105,2724 4068,2744 4022,2718 3994,2735 3935,2727 3805,2803 3759,2789"/>
                <Baseline points="3771,2840 3837,2834 3926,2822 4016,2816 4106,2816 4195,2805"/>
                <TextEquiv>
                    <Unicode>Ihr Wippe</Unicode>
                </TextEquiv>
            </TextLine>
            <TextLine id="tr_1_tl_46" custom="readingOrder {index:45;}">
                <Coords points="871,2897 3114,2868 3117,2758 2764,2679 874,2758"/>
                <Baseline points="889,2864 972,2858 1062,2846 1151,2846 1241,2846 1330,2846 1420,2846 1509,2846 1599,2846 1688,2840 1778,2840 1868,2834 1957,2834 2047,2834 2136,2828 2226,2828 2315,2822 2405,2822 2494,2822 2584,2822 2673,2822 2763,2816 2852,2810 2942,2810 3031,2805 3121,2810"/>
                <TextEquiv>
                    <Unicode>Abenteuer, das am Totenbett des altenHofrats</Unicode>
                </TextEquiv>
            </TextLine>
            <TextLine id="tr_1_tl_47" custom="readingOrder {index:46;}">
                <Coords points="4325,2984 5426,2925 6170,2993 6351,2950 6356,2795 5516,2846 4798,2792 4331,2866"/>
                <Baseline points="4344,2930 4392,2924 4482,2924 4571,2918 4661,2918 4750,2918 4840,2912 4929,2906 5019,2906 5108,2906 5198,2906 5287,2900 5377,2894 5466,2894 5556,2894 5645,2894 5735,2882 5824,2882 5914,2882 6003,2876 6093,2876 6182,2876 6272,2870 6361,2858"/>
                <TextEquiv>
                    <Unicode>dass Marianne aus seinen Armen leichter</Unicode>
                </TextEquiv>
            </TextLine>
            <TextLine id="tr_1_tl_48" custom="readingOrder {index:47;}">
                <Coords points="3723,2998 3768,3007 3867,2959 3938,2965 3972,2987 4031,2959 4124,2948 4178,2976 4187,2877 4133,2891 4051,2837 4006,2860 3983,2834 3932,2860 3875,2843 3805,2880 3734,2882"/>
                <Baseline points="3741,2960 3831,2948 3921,2942 4010,2924 4100,2924 4189,2912"/>
                <TextEquiv>
                    <Unicode>lek sités.</Unicode>
                </TextEquiv>
            </TextLine>
            <TextLine id="tr_1_tl_49" custom="readingOrder {index:48;}">
                <Coords points="815,3032 2436,2979 2659,3044 2984,3007 2990,2860 818,2925"/>
                <Baseline points="829,3025 847,3025 936,3013 1026,3007 1116,3001 1205,3001 1295,2995 1384,3001 1474,3001 1563,2995 1653,2995 1742,2995 1832,2990 1921,2990 2011,2984 2100,2984 2190,2984 2279,2978 2369,2978 2458,2978 2548,2978 2637,2972 2727,2966 2816,2966 2906,2960 2995,2948"/>
                <TextEquiv>
                    <Unicode>ohne sein Zutun begonnen hatte, gewissen-</Unicode>
                </TextEquiv>
            </TextLine>
            <TextLine id="tr_1_tl_50" custom="readingOrder {index:49;}">
                <Coords points="4339,3120 5482,3078 5641,3151 6232,3134 6365,3097 6368,2936 6172,2993 5700,2931 5459,2996 5233,2931 4967,2998 4345,2984"/>
                <Baseline points="4356,3091 4404,3085 4493,3079 4583,3079 4673,3079 4762,3067 4852,3067 4941,3067 5031,3061 5120,3061 5210,3055 5299,3055 5389,3055 5478,3055 5568,3049 5657,3043 5747,3037 5836,3037 5926,3037 6015,3031 6105,3031 6194,3031 6284,3025 6373,3031"/>
                <TextEquiv>
                    <Unicode>in die des Bräutigams gleiten werde als</Unicode>
                </TextEquiv>
            </TextLine>
            <TextLine id="tr_1_tl_51" custom="readingOrder {index:50;}">
                <Coords points="3728,3092 3771,3106 3819,3069 3853,3072 3918,3112 4000,3047 4051,3058 4065,3044 4116,3064 4155,3041 4195,3047 4198,2996 4130,2998 4082,2953 3969,2987 3909,2959 3737,3015"/>
                <Baseline points="3747,3073 3753,3073 3843,3061 3932,3055 4022,3043 4112,3037 4201,3031"/>
                <TextEquiv>
                    <Unicode>et fille</Unicode>
                </TextEquiv>
            </TextLine>
            <TextLine id="tr_1_tl_52" custom="readingOrder {index:51;}">
                <Coords points="854,3196 3129,3174 3092,3044 2727,3004 1474,3097 1270,3021 857,3041"/>
                <Baseline points="871,3175 895,3169 984,3163 1074,3163 1163,3157 1253,3157 1342,3157 1432,3157 1521,3157 1611,3151 1700,3151 1790,3145 1879,3145 1969,3145 2058,3139 2148,3139 2238,3139 2327,3133 2417,3127 2506,3127 2596,3127 2685,3127 2775,3121 2864,3121 2954,3121 3043,3115 3133,3121"/>
                <TextEquiv>
                    <Unicode>haft oder gewissenlos, was in diesem Fall das</Unicode>
                </TextEquiv>
            </TextLine>
            <TextLine id="tr_1_tl_53" custom="readingOrder {index:52;}">
                <Coords points="3734,3219 3774,3236 3904,3230 3957,3279 3980,3262 4093,3318 4116,3310 4133,3061 3997,3047 3921,3112 3827,3069 3776,3106 3742,3097"/>
                <Baseline points="3753,3192 3777,3186 3867,3175 3956,3169 4046,3163 4135,3169"/>
                <TextEquiv>
                    <Unicode>dez. fil</Unicode>
                </TextEquiv>
            </TextLine>
            <TextLine id="tr_1_tl_54" custom="readingOrder {index:53;}">
                <Coords points="4373,3301 5080,3233 5329,3310 5457,3245 5844,3281 6161,3185 6418,3259 6537,3233 6543,3086 4379,3120"/>
                <Baseline points="4392,3240 4398,3240 4488,3234 4577,3228 4667,3228 4756,3228 4846,3228 4935,3222 5025,3216 5114,3216 5204,3210 5293,3210 5383,3210 5472,3204 5562,3198 5651,3198 5741,3192 5830,3186 5920,3186 6009,3186 6099,3186 6188,3186 6278,3186 6367,3180 6457,3175 6546,3180"/>
                <TextEquiv>
                    <Unicode>aus den hysterischen Schauern ihrer allzu</Unicode>
                </TextEquiv>
            </TextLine>
            <TextLine id="tr_1_tl_55" custom="readingOrder {index:54;}">
                <Coords points="868,3383 1844,3315 2139,3378 2300,3315 2396,3392 2625,3293 2965,3318 2967,3228 1875,3151 871,3216"/>
                <Baseline points="883,3330 913,3318 1002,3318 1092,3318 1181,3312 1271,3318 1360,3312 1450,3312 1539,3306 1629,3312 1718,3306 1808,3300 1897,3300 1987,3300 2076,3294 2166,3294 2255,3288 2345,3288 2434,3282 2524,3282 2614,3282 2703,3276 2793,3276 2882,3276 2972,3276"/>
                <TextEquiv>
                    <Unicode>Gleiche war weiterführen? Nun da er zum</Unicode>
                </TextEquiv>
            </TextLine>
            <TextLine id="tr_1_tl_56" custom="readingOrder {index:55;}">
                <Coords points="4334,3445 5078,3443 5151,3383 5417,3457 6260,3434 6441,3400 6444,3256 4336,3298"/>
                <Baseline points="4350,3401 4386,3389 4476,3389 4565,3389 4655,3377 4744,3377 4834,3377 4923,3371 5013,3365 5102,3365 5192,3365 5281,3360 5371,3360 5460,3360 5550,3354 5639,3354 5729,3348 5818,3348 5908,3342 5997,3342 6087,3336 6176,3336 6266,3330 6356,3330 6445,3330"/>
                <TextEquiv>
                    <Unicode>lang bedwahrten Jungfräulichkeit.Also ei-</Unicode>
                </TextEquiv>
            </TextLine>
            <TextLine id="tr_1_tl_57" custom="readingOrder {index:56;}">
                <Coords points="860,3508 2249,3505 2922,3460 2950,3378 2775,3310 2396,3394 1844,3315 863,3394"/>
                <Baseline points="877,3479 895,3479 984,3473 1074,3473 1163,3467 1253,3467 1342,3467 1432,3467 1521,3461 1611,3461 1700,3455 1790,3455 1879,3461 1969,3449 2058,3443 2148,3449 2238,3449 2327,3449 2417,3443 2506,3437 2596,3437 2685,3431 2775,3431 2864,3431 2954,3431"/>
                <TextEquiv>
                    <Unicode>Fenster aufblickte, wurde ihm Mariannens</Unicode>
                </TextEquiv>
            </TextLine>
            <TextLine id="tr_1_tl_58" custom="readingOrder {index:57;}">
                <Coords points="4334,3576 6509,3601 6515,3380 4336,3457"/>
                <Baseline points="4350,3562 4368,3556 4458,3551 4547,3539 4637,3539 4726,3533 4816,3533 4905,3527 4995,3527 5084,3527 5174,3521 5263,3521 5353,3521 5442,3515 5532,3509 5621,3503 5711,3503 5800,3497 5890,3497 5980,3497 6069,3497 6159,3497 6248,3491 6338,3491 6427,3485 6517,3485"/>
                <TextEquiv>
                    <Unicode>gentlich ein gutes Werk, dachte er bei sich.</Unicode>
                </TextEquiv>
            </TextLine>
            <TextLine id="tr_1_tl_59" custom="readingOrder {index:58;}">
                <Coords points="2628,3510 2738,3542 2979,3499 3041,3505 3109,3559 3196,3522 3273,3567 3298,3559 3295,3389 3154,3411 3030,3358 2899,3460 2806,3479 2781,3454 2735,3477 2625,3454"/>
                <Baseline points="2643,3497 2733,3509 2822,3503 2912,3503 3001,3497 3091,3497 3180,3509 3270,3521 3306,3527"/>
                <TextEquiv>
                    <Unicode>mind and</Unicode>
                </TextEquiv>
            </TextLine>
            <TextLine id="tr_1_tl_60" custom="readingOrder {index:59;}">
                <Coords points="863,3663 1590,3635 1844,3706 2718,3607 2809,3680 3035,3604 3038,3508 2549,3547 2059,3462 866,3570"/>
                <Baseline points="877,3640 895,3634 984,3634 1074,3634 1163,3628 1253,3628 1342,3628 1432,3622 1521,3616 1611,3616 1700,3616 1790,3610 1879,3610 1969,3610 2058,3610 2148,3604 2238,3598 2327,3592 2417,3592 2506,3592 2596,3592 2685,3592 2775,3592 2864,3592 2954,3586 3043,3586"/>
                <TextEquiv>
                    <Unicode>Bild, das indess (seltsam) verblasst war, als</Unicode>
                </TextEquiv>
            </TextLine>
            <TextLine id="tr_1_tl_61" custom="readingOrder {index:60;}">
                <Coords points="4376,3725 4806,3833 6294,3742 6384,3720 6390,3564 5228,3632 5027,3553 4382,3590"/>
                <Baseline points="4392,3712 4422,3700 4511,3694 4601,3694 4690,3688 4780,3688 4869,3688 4959,3688 5049,3682 5138,3676 5228,3676 5317,3676 5407,3670 5496,3664 5586,3658 5675,3658 5765,3652 5854,3652 5944,3652 6033,3646 6123,3640 6212,3640 6302,3640 6391,3646"/>
                <TextEquiv>
                    <Unicode>und hatte seine ganze Leichtfertigkeit</Unicode>
                </TextEquiv>
            </TextLine>
            <TextLine id="tr_1_tl_62" custom="readingOrder {index:61;}">
                <Coords points="849,3839 2249,3841 2928,3740 3089,3802 3092,3649 1553,3723 854,3666"/>
                <Baseline points="865,3795 948,3795 1038,3795 1127,3789 1217,3783 1307,3783 1396,3783 1486,3777 1575,3777 1665,3771 1754,3771 1844,3765 1933,3771 2023,3765 2112,3765 2202,3759 2291,3759 2381,3753 2470,3753 2560,3747 2649,3747 2739,3741 2828,3741 2918,3741 3007,3736 3097,3730"/>
                <TextEquiv>
                    <Unicode>hätte er sie nicht gestern, sondern vor Mo-</Unicode>
                </TextEquiv>
            </TextLine>
            <TextLine id="tr_1_tl_63" custom="readingOrder {index:62;}">
                <Coords points="891,3994 3095,3955 3100,3791 2928,3740 2433,3850 894,3839"/>
                <Baseline points="907,3950 954,3950 1044,3944 1133,3944 1223,3938 1312,3938 1402,3938 1492,3938 1581,3932 1671,3932 1760,3926 1850,3926 1939,3926 2029,3921 2118,3921 2208,3921 2297,3915 2387,3915 2476,3909 2566,3903 2655,3903 2745,3903 2834,3903 2924,3903 3013,3903 3103,3903"/>
                <TextEquiv>
                    <Unicode>naten zuletzt gesehen,wieder lebendig. Ja,</Unicode>
                </TextEquiv>
            </TextLine>
            <TextLine id="tr_1_tl_64" custom="readingOrder {index:63;}">
                <Coords points="939,4138 2880,4124 3103,4073 3106,3935 2535,3915 1960,4011 942,3972"/>
                <Baseline points="954,4112 960,4112 1050,4112 1139,4106 1229,4100 1318,4100 1408,4100 1497,4094 1587,4094 1677,4088 1766,4088 1856,4082 1945,4082 2035,4076 2124,4076 2214,4076 2303,4070 2393,4070 2482,4070 2572,4070 2661,4064 2751,4064 2840,4064 2930,4064 3019,4064 3109,4064"/>
                <TextEquiv>
                    <Unicode>es war sogar verführerischer geworden, als</Unicode>
                </TextEquiv>
            </TextLine>
        </TextRegion>
    </Page>
</PcGts>
