6504 4312
3363 364 3767 599 28/9. 22.
5705 451 5869 651 34
4043 659 5812 812 Sie sprach immer weiter,aber ihm
4571 749 5027 853 a uni peti
4098 785 6061 1003 schien, dass sie gar nicht recht wuss¬
5216 905 5437 1009 oder
4112 902 5949 1110 te,zu. wem sie sprach, ja als spräche
5724 1044 6085 1151 Geschli a
4098 1140 5908 1263 sie zu sich selbst. Der Bruder, war
4103 1244 6088 1446 nun zwölf Jahre fort vom Haus. Zu Weih-
4112 1413 6028 1586 nachten war die letzte Nachricht von
4112 1547 6066 1714 Ihm gekommen aus einer kleinen italie-
4106 1698 6063 1900 nischen Stadt.Sonderbar,sie hatte den
4122 1889 5899 2007 Namen vergessen.Das Bild.drin ahar
4117 2050 5954 2157 stellte einen Offizier vor in einer
4205 2138 5369 2233 allverteresitig verhier
4117 2173 5995 2381 phantastisehen Äniform, der einen Hü-
4117 2307 6061 2488 gel hinabspreng mitten in ein gelbes
4379 2428 5331 2553 mit halb, u mit Mei —
4106 2512 6102 2690 Feld hinein###s war in einen alten ver¬
4117 2608 6318 2780 goldeten Rahmen gespannt.Doch früher, undes
4243 2761 4661 2851 Marina.
4122 2799 6022 2917 hatte der Rahmen ein Landschaftsbild
4207 2917 4601 3037 a cnspent
4125 2909 6047 3157 umschlossen. Das hatte der Bruder he¬
4117 3095 6031 3297 rausgenommen und an den Rändern be -
4136 3201 6296 3455 schädigt, worüber der Vater in fürchtbaren
4133 3379 5897 3614 terlichen Zorn geraten war.Mit der
4106 3562 6074 3756 Landschaft musste es eine eigene Be -
4136 3734 5927 3885 wandtnis haben, der Vater hatte das
