6484 4184
2417 291 2580 438 25
510 360 2685 654 wusste (noch) nicht recht, welchen Namen er
5000 409 5494 621 gehoffen
3921 464 4925 634 as well in we
4441 569 5291 667 me là telle dans le
644 598 2750 788 nennen sollte, da streckte sie wie abweh¬
3937 526 6000 768 und dann wäre wohl auch der Sommerabend
337 605 540 827 sale
170 726 2799 984 rend die Arme vor- (und schüttelte wie ver-
3940 732 5242 938 nicht so schön gewesen.
4961 821 6033 1082 te sich geöffnet, das
304 903 2737 1112 zagt den Kopf.cher Andere, war immer es
4290 876 4853 1076 Die Türe h
4562 1014 4853 1128 He is in
5059 1007 5288 1109 P.
3986 965 4277 1148 4 cent
3940 1043 6164 1256 Stubenmädchen trat ein. „Herr Doktor“, sagte
320 1082 2662 1288 gewesen wäre,er hätte sagen können, was
4421 1171 5696 1262 müsste den zuerst in die
710 1141 2822 1370 er wollte, es hätte ihm wenig geholfen. Und
3947 1174 6314 1436 sie, „es ietf jemand aus der Neglorgasse da. Kne
5330 1301 5775 1416 Theyrrel
788 1295 2969 1472 ment mit diesen gleich, dass er meine Puncte etc.
3957 1344 6200 1537 Dem Herrn Hofrat geht es sehr schlecht, der
703 1377 2636 1553 dann - sie lächelte zu ihm auf - wäre
3947 1494 5906 1664 Herr Doktor möchte gleich hinkommen.
703 1504 2825 1723 wohl auch der Sommerabend nicht so schön
1390 1625 1998 1776 son sept de
4339 1615 6213 1825 „Wer ist denn da er fragte an. Tuch
693 1707 1256 1903 gewegen.
1292 1661 3041 1884 in ein voll. d wird... duiret derselben
399 1707 634 1910 Décembre
5222 1766 5762 1880 muslin.
4061 1753 4715 1939 live all two
340 1818 2655 2005 Es klopfte. Das Dienstmädchen
4326 1782 6085 2034 Es ist die Hausbesorgerin, glaube
1592 1923 2479 2037 die Hausmeisterin
647 1991 2825 2194 ttrat ein Sie meldete, dass jemand da wäre,
3973 1952 4218 2161 ich.“
327 2076 490 2184 No. 1
4313 2060 5935 2338 Fridolin begab sich selbst ins
683 2096 2747 2341 den Herrn Doktor in die Schreyvegelgas-
448 2269 2806 2469 sen se zum Herrn Hofrat zu holen, der sichwie-
3980 2269 6115 2446 Vorzimmer, und erfuhr von der Botin nicht
4294 2403 4921 2524 von der Bolen
621 2423 2802 2636 der übel befinde, und meldet die nausbe-
3986 2397 6233 2639 viel mehr als er sich gleich gedacht hatte.
3986 2573 6115 2763 Der Hofrat hatte wieder einen Herzanfall
634 2587 2691 2796 ###orgerin aus der schreyvogelgasse sei
3692 2515 3931 2783 dep
3980 2724 6085 2914 erlitten, wie sich in den letzten Wo-
311 2763 2786 2946 da, den Herrn noktor zum Herrn Hofrat zu
5072 2842 6069 2956 Das wieder überüb ich schon die
3976 2910 6170 3142 ahan allzu oft wiederholten. Er versprach
677 2865 2760 3051 holen, dem es wieder sehr schlecht gehe.
356 3031 2855 3260 Fridolin begab sich ins vorzimmer,
5095 3035 5294 3208 mon
3973 3093 4846 3309 unverzüglich hin
739 3188 2842 3388 erfuhr von der Botin,dxxxMähmen dass der
4401 3129 6112 3447 „Du willst fort?“ fragte ihn Al-
585 3339 2806 3558 Hofrat wieder einen Herzanfall erlitten
3986 3316 6190 3564 bertine, als er wieder ins Zimmer getreten.
4414 3505 4598 3594 anw
3989 3492 6193 3679 war, so unmutigte, als füge er ihr mit Vorbe-
674 3519 2793 3731 und sich sehr übel befinde.Er versprach
677 3659 2367 3911 unverzüglich hinzukommen.
3999 3656 5131 3875 dacht ein Unrecht zu.
