7000 4424
2792 486 3053 752 164
962 704 3005 981 ich zu meinem Bedauern nicht beiwohnen
976 898 2994 1137 kann - Doktor Rödler unterbrach ihn.
959 1096 3002 1303 „Ich sagte Ihnen schon, Herr Doktor) wir
976 1263 2951 1432 bringen sie morgen nach Mödling,meine
2314 1349 2612 1451 Her Spt
1000 1411 2932 1604 Mutter und ich.Ihr Besuch, jetzt, wird
2612 1494 3045 1642 + it beffe
994 1553 3066 1739 ihr gewiss sehr willkommen sein Auf Wie¬
360 1612 798 1750 (1) A tal in
1048 1677 1717 1776 aille sont obé
992 1731 2970 1914 dersehen.Herr Doktor“.Und schon trat
400 1715 747 1865 allerle.
400 1793 876 1981 Mr Wustell
994 1844 3091 2064 er aus dem Haustor auf die Strasse.-Frid
430 1951 801 2128 to the pet
1000 2021 2975 2233 dolin zögerte eine Weile, dann ging er
1054 2185 3042 2365 langsam die Treppe hinauf.Vor der Woh¬
513 2150 814 2403 Esqr
460 2344 828 2459 a 4 i
1005 2330 2956 2561 nungstür blieb er stehen,streckte die
446 2432 884 2596 about 1.
989 2462 3045 2682 Hand nach der Klingel aus, doch er klin-
425 2542 806 2704 - 4 to
1000 2615 2927 2865 gelte xxx kehrte leise um,ging die
411 2618 871 2814 be abut
433 2757 852 2919 will not
1010 2763 3074 2988 Treppe hinab, trat aus dem Tor hieltsich
629 2878 884 3045 which
1000 2911 3034 3155 an der Mauer,um nicht etwa von oben ge-
454 3013 771 3126 wie¬
1010 3080 3005 3284 sehen zu werden und bog um die Ecke. Er
997 3220 2830 3470 wusste, dass es nicht Rflichtgefühl
1005 3357 3040 3634 oder gar Rührung über den ahnungslosen
989 3558 2929 3754 Bräutigam war, die inn fortsetrieben,
992 3736 3077 3964 (nicht einmal die naheliegende Besorgnis
1008 3894 3120 4171 vor allerlei Unbequemlichkeiten und Ver¬
5620 408 5826 567 170
4214 572 6318 769 Fr hatte die feste Absicht das Abenteuer
4233 742 6318 919 zu Ende zu führen. Er empfand es wie eine
4241 876 6356 1062 Verpflichtung. Marianne selbst war es,de
4206 1062 6367 1193 ihm öffnete. Sie war=hatürlich ganz schwarz
4209 1172 6369 1430 gekleidet, doch deutlich merkte er, dass sie
4203 1341 6230 1556 sich irgendwie schön gemacht hatte. Sie
5219 1443 5474 1553 de deux
4257 1443 6192 1688 trug eine schmale dühkle Kette, die er
4214 1642 6205 1822 noch niemals gesehen. „S So lassen mich
4276 1784 6251 1983 lange warten „agte sie:„Verzeihen sie,
5789 1876 6114 1981 viel zu
4233 1943 6254 2120 erwiderte er kühl, „ich hatte sotxxx
4281 2077 6267 2311 tun.“ Er folgte ihr.
5155 2134 6509 2311 mit der leur stell, et de disham
4281 2252 6265 2424 das Sterbezimmer, das nun ganz leer war
4292 2384 6402 2612 folgte er ihr in das Gemach.wo er gestem
4297 2532 6321 2752 den Totenschein geschrieben hatte. (Wol-
4260 2658 6214 2927 la Sie nicht Platz nehmen? sagte sie,
4305 2835 6396 3040 „Danke vielmals Eben begegnete ich Herrn
5614 2951 5843 3045 nt.
4295 2991 6248 3206 Dr.Roodiger im Hausflur,er teilte mir
4308 3152 6305 3314 mit, dass Sie schon morgen nach Mödling
4324 3335 6281 3494 fahren.“ Sie sah ihn an,als verstünde
4590 3440 4880 3556 rece T.
4270 3464 6415 3652 sie ihn nicht recht oder wollte ihnn nicht
4297 3609 6267 3840 verstehen. Mit harter Stimme setzte er
