3400 4056
856 381 2774 552 Liebesgeständnis der Tochter.Er geht.
1224 501 2464 624 Der Bientig, Professeur de Mrt. alleut.
854 524 2871 708 Begegnungen auf der Strasse. Vorerst ei-
859 693 2850 864 ne Studentenbande. Sie versuchen Streit
864 838 2802 1012 mit ihm anzufangen. Fr lässt sich auf
877 1010 2807 1171 nichts ein. Eben hat er den Tod in der
877 1148 2924 1316 Nähe gesehen. Was verstehen diese dummen
892 1304 2919 1467 Jungen? Erinnert sich seines puells vor
895 1516 1651 1636 sieben Jahren.
905 1587 2960 1766 Er trifft einen alten Bekannten; früherer
910 1771 2912 1917 Student, verbummelter Mediziner, der nun
918 1902 2960 2065 Klavierspieler in Nachtlokalen geworden
925 2071 2965 2219 ist. Er hat ihm einmal aus einer grossen
938 2203 2973 2370 Verlegenheit geholfen. Der Klavierspieber
938 2344 2996 2528 Amsel spricht von seiner Dankbarkeit; der
946 2520 2937 2682 Arzt wehrt ab.Amsel ist auf dem Weg zu
961 2666 2881 2832 einem geheimnisvollen Fest. Ich könnte
964 2848 2927 2986 dich mitnehmen. Der Arzt zögert zuerst,
976 2935 3004 3137 lässt sich dann verlocken. Sie spzieren
969 3131 3014 3298 gegen die Vorstädte hinaus,immer weiter,
984 3300 2988 3446 durch eine cartentür zu einem Landhaus,
982 3433 2743 3586 das von Aussen nicht sichtbar ist.
994 3581 2756 3758 Alles in Masken, Männer und Frauen.
