6552 4264
6016 327 6185 485 29
4023 393 6114 654 zimmers; und über all dem, durch all das
5345 574 5887 682 publicif.
4023 588 6329 826 süsslich und fad duftete die Haut dieses des
4026 708 6200 958 jungen blassen Mädchens, das noch jung war
5726 906 5933 992 schwe
4012 886 6243 1084 und seit Monaten, seit Jahren, in häuslicher
4390 1018 4855 1115 arrtuegende
4006 1078 6168 1290 Arbeit, Krankenpflege, und Nachtwachen ###
4975 1181 5417 1279 langent
3994 1196 6171 1411 der Seite ihres leidenden Vaters verblüh-
3989 1310 6134 1586 te. Als er eingetreten war hatte sie den
5276 1485 5523 1577 din.
4737 1477 5222 1589 gerandt
3997 1540 6068 1738 Blick zu ihm erhoben, aber er sah in der
5047 1652 5362 1738 schen
3983 1666 6222 1904 kärglichen Beleuchtung kaum,ob ihre Wangen
3957 1781 6111 2036 sich röteten-wie sonst,wenn er erschien.
3971 1918 6142 2153 Sie wollte sich erheben, eine Handbewegung
3969 2139 6048 2340 von ihm verwehrte es ihr,sie nickte ihm
3951 2308 6136 2503 mit grossen,aber trüben Augen einen Gruss
3951 2403 6025 2635 zu. Er trat an das Kopfende des Bettes,
3940 2615 5746 2744 berührte mechanisch die Stirn, die
3986 2704 4482 2802 daudie
4551 2684 6056 2827 griff xxxx  dai du Arme de ach.
3940 2773 6128 2974 schlossenen tugenliderndes Toten, dann hob
3934 2885 6025 3103 und senkte er mit leichtem Bedauern die
3917 3054 6162 3229 Schultern, steckte die Hände in die Taschen
4878 3174 6372 3369 lung des Blick schwerfen.
4499 3171 4711 3280 witts
3917 3186 6036 3430 seines Pelzes, schaute im Zimmer ringsum,
4035 3323 4267 3435 und
3917 3375 6108 3561 liess endlich den Bliek auf Marianne ver-
3906 3507 6093 3771 weilen und dachte: Ihr Haar ist reich und
