3624 4360
761 550 2833 862 of the T. Nacom.  de hent wir
781 758 2978 1079 & Teltclorordon in lannen.
776 1024 3105 1317 in d i Hotel wnt er geach til.
932 1273 3059 1545 e. Parte sibi kan unbont; —
784 1502 2926 1751 de Tous y n'elle belle tr.v.
813 1713 2914 2026 for us.  Anlopee i.N.
738 1919 2975 2246 atöly; - In you 't
833 2118 3038 2494 en sel esofant en sailli.. defs...
877 2379 2735 2656 it de la tell a vu
854 2590 3012 2905 in- in that the art is
993 2833 2949 3177 i-il...  Ebe ulklourte
938 3082 2769 3420 n.d. Remunihin al
958 3325 2775 3678 of unterben ai de 4a
1056 3522 2888 3817 in haabe idem durch
1169 3846 2370 4100 -bersch war. —
