6728 4408
2782 482 2954 684 97
1045 560 2949 884 Saal, der ringaum von schwarzer Seide
1067 829 3095 1009 verhangen war. Masken schritten auf und
1147 962 2300 1108 durchau in gewilligke Tract
1064 964 3071 1169 ab, Mönehe und Nonnen. Sinige wanderten
1053 1139 3118 1333 paarweise nicht immer ein köneh und ei¬
1067 1261 2913 1508 ne Nonne, auch Mönch neben Möneh und
1078 1419 2976 1627 Nonne neben Nonne). Im Ganzen (mochten
1086 1569 3062 1835 (s) sechzehn bis zwanzig Personen gewe-
1103 1721 3123 2009 sen (sein.) Die Harmoniumklänge,sanft an-
1089 1887 2987 2095 schwellend, Musik, eines italienischen
1494 2059 1873 2159 meliste.
1100 2040 3079 2247 Kirchenkompenisten, kam von oben. (Dem
1089 2217 3154 2403 Eintreten Fridolins wurde keinerlei Auf-
2458 2311 3057 2405 son dort mande.
1103 2350 2987 2591 merksamkeit geschenkt. J Köpfe, die mit
2314 2483 2591 2591 werdt
1086 2505 3248 2741 flüchtig sich zu ihm gedroht,wandten sich
1114 2652 3051 2890 gleich wieder mit Absicht
1117 2791 3068 3073 von ihm ab. /In einem Winkel des Saals
1114 2979 3059 3162 stand eine kleine Gruppe: drei Noauen
1122 3134 2976 3373 und zwei Mönche (Kein laate, Wort war
1136 3281 2929 3536 bernehmbar des Flüstern wurde von
1131 3428 2987 3641 Harmonium völlig übertönt.) Fridolin
1125 3569 3101 3794 merkte, dass er als Einziger das Haupt
698 3614 920 3794 dats
1131 3730 3120 4004 noch bedeekt hatte, nahm den Pilgerhut
6063 308 6230 460 98
4711 313 5332 507 man de Garrel
4356 432 6413 662 ab und ging/zwischen den Andern auf und
4392 540 4686 651 l'a fait
4866 560 5534 668 du honde,
4356 610 6368 831 nieder; einer ungepaart wie erstreifte
4445 709 5016 815 semer him
5243 723 5839 842 nunrecht,
4351 790 6449 978 an ihm vorbei und nickte ihm zum Gruss
4559 859 4814 953 deponent.
4944 867 5335 973 you will
4329 920 6246 1075 Doch (von) hinter der Maske(kor)bohrte,
4359 1023 6388 1291 in Blick sich für eine Sekunde in den
4318 1181 6546 1436 seinen. Ein (köstlicher) fremdartiger schule
4318 1341 5046 1524 Wohlgeruch wie
5138 1380 6368 1571 von südländischen Gärten
5044 1499 6316 1624 Wiedurtrechts in den Erb; —
4312 1571 6446 1688 umfing ihn. Das Kleid einer Nonne straif-
5046 1671 6510 1796 du dienent was de c'est pour
4301 1707 6360 1857 te ihn nun,wie andern hatteauch sie
4304 1812 6285 2073 um Stirn, Haupt und Nahken einen schwar
4279 1984 6072 2214 zen Sehleier geschlungen. Unter den
4276 2128 6246 2350 Spitzen der Larve leuchtete ein glut -
4282 2317 6127 2489 roter Mund, wie das sinzige Licht in
4265 2411 6138 2655 der Raum (Eine andere ging neben ihr,
5603 2577 6033 2683 &c bei der
4276 2633 6435 2841 eine dritte allein folgte ihnen, sie
4872 2716 5554 2827 on seine seile.
4257 2782 6091 2957 hielt sich neben ihn. Es war Zeit, so
5107 2877 5315 2965 M.M.
4243 2913 6083 3126 wusste er, dass er etwas sprach, sich
4243 3068 6163 3265 in irgend einer Art als/hiehergehörig.
4246 3179 6166 3425 zu erkennen gab. Wo war er? Hatte ihn
3799 3229 4165 3567 Sluis
4237 3403 6083 3542 Nachtigall zum Besten gehalten? War
4204 3500 6166 3738 er unter Irrsinnigen? unter Verschwö-
