6504 4328
923 564 2859 803 kleine Zimmer sah plötzlich überfüllt
925 707 2786 962 aus. Fridolin erschien sich überflüs-
904 886 2827 1112 sig, empfahl sich und würde von Rüdi¬
923 1045 2820 1211 ger zur Tür geleitet, der sich zu ei¬
923 1203 2846 1354 nigen Dankesworten verpflichtet fühl¬
941 1383 2877 1593 te und die Hoffnung aussprach ### ihn
366 1466 1952 1728 bald wiederzusehen.
1188 1671 2838 1887 Fridolin, vor dem Haustor, sah zu
743 1637 930 1894 III.
941 1845 2864 1985 ds Fenster auf, das er früher geöffnet
936 1962 2827 2191 hatte,die Flügel zitterten leise int
941 2110 2736 2287 der Vorfrühlingswind, der durch die
941 2289 2682 2440 Gassen zog. Die Menschen, die dort
938 2440 2786 2622 oben geblieben waren, die Lebendigen
2367 2557 2534 2656 den
959 2622 2742 2757 geradeso wie der Tote,waren ihm in
941 2762 2866 2947 gleicher Weise gespensterhaft unwirk-
1185 2866 1549 3007 for the 1st
946 2916 2921 3124 lich. Er selbst erschien sich wie ent-
1603 3028 2074 3129 soehr
946 3033 2830 3202 ronnen.Nicht wie aus einem Erlebnis,
1406 3183 1616 3293 als
936 3222 2809 3368 eher wie aus einen schwermütigen Zau
1315 3326 2277 3456 mit einem Mal
943 3378 2840 3599 ber, der nun seine Macht verloren. Das
941 3511 2786 3745 Einzige,was er wie eine Nachwirkung
1640 3649 2445 3745 I am der let mea
946 3672 2825 3901 empfand,war der Umstand,dass er kei¬
941 3854 2760 4020 ne rechte Lust hatte nach Hause zu
5754 554 5930 707 46
4103 657 6055 917 gehen, Obzwar seine Gereiztheit gegen-
4109 868 5959 1058 über Albertinenziemlich geschwunden
4114 1019 5962 1229 war.) Der Schnee in den Strassen war
4122 1159 5920 1383 geschmolzen, links und rechts waren
4114 1333 6001 1525 kleineschmutzig-weisse Häuflein auf-
4127 1494 5876 1692 geschichtet, die Gasflammen in den
4127 1668 5972 1832 Laternen flackerten,von einer nahen
4135 1788 5878 1988 Kirche schlug es elf.Fridolin be-
4114 1897 6060 2157 schloss noch eine halbe Stunde in ei-
4132 2069 6123 2302 ner stillen Kaffechausecke nahe seiner
4145 2248 5936 2464 Wohnung zu verbringen und nahm den
4145 2378 5938 2609 Weg durch den Fathauspark.Auf be -
4132 2547 6091 2755 schatteten Bänken sass da und dortein
4142 2729 5886 2898 Paar,eng aneinandergeschmiegt, als
4140 2892 5990 3046 wäre wirklich schon der Frühling da
4535 2986 5151 3129 assur en trouver,
4155 3020 6008 3220 und die Luft,Grotz der trügerischen
4774 3139 5104 3243 strause
4137 3144 5962 3394 Wärme nicht (voll) Gefahren Marianne
4135 3303 6156 3576 (wurde ihm plötzlich als löste sie sich
4171 3462 6255 3662 von all den Andern los wirklicher; et sein
4145 3599 6125 3851 schade, dachte er, denn er glaubte sich
4171 3820 6120 3986 ganz entschlossen das Abenteuer nicht
