6920 4424
442 771 2047 1044 udi ab nhew. vedow Jdoin xxx
387 946 1746 1179 nettowins us 1 Jnds. eiä "
1514 1075 1729 1213 G.F.S.
430 1101 1359 1270 G.A.H.F.Hae.Hooft
553 1207 1551 1442 Monsieur le dernier même dans
430 1348 1586 1589 -etwdaa ei2. sije2 xxxi
829 1511 1686 1698 gemeldo Jhm nege
516 1680 1376 1887 .ie afgesab, aus¬
553 1801 1606 2019 neh JzJUda 1.H.mi s
574 1933 1784 2185 eia dea bnui mn A neddoen
639 2102 1761 2297 ende, sia imogad nnad.
533 2260 2211 2538 snag. Jnebnolegins alsmaben sie
493 2469 1732 2767 Gaiwis asb is door doth
740 2684 1526 2939 gab jim dol ow
499 2919 898 3077 nde was
508 3042 880 3272 1o 1 mä r
528 3189 1267 3375 Gedow John
614 3306 1382 3518 ndois eij as ux d¬
806 3490 1425 3682 sied aeb. Ia
857 3616 1485 3854 eisasw doi.
1411 3828 1657 3931 G.C.F.P
4043 100 5073 290 8/3 1826 1556
6070 393 6360 645 1 34
4184 542 6349 892 te sie därtlich an ihre Brust und küsste
4207 714 6449 1021 sie dann „Lass uns schlafen, Fridolin." Sie
4207 929 6346 1201 legte sich hin und behielt seine Hand in
4215 1072 6108 1348 der ihren. Lass sie mir „sagte sie.
4703 1201 6334 1505 Er musste seine Hand leise aus
4310 1333 4511 1448 P.O.S.
4250 1385 6417 1652 der ihr en befreien, als er durch das leise
4238 1569 6544 1824 Klopfen des Dienstmädchen um sieben Uhr ge-
4981 1718 5230 1815 Rasch
4255 1692 6429 1964 wecke wurde. Er machte sich nach fertig,
4264 1861 6561 2125 denn er hatte heute noch vor Antritt seiner
4278 1993 6549 2274 ärztlichen Berufsgeschäfte allerlei zu erle-
4281 2136 6466 2437 digen, was er in diesem Augenblick ohne je-
4284 2300 6452 2564 de Spannung fast fl wie eine Pflicht em-
4304 2423 6578 2713 pfand.Ehe er ging küsste er nech seine klei¬
4293 2635 6547 2865 ne Tochter auf die Stimmen schlich sich noch
5919 2756 6524 2925 ertine noch
4298 2839 5328 3054 mals in das Schlafz,
5313 2822 5698 3014 mme r.w.
5919 2865 6644 3002 kan. das er erlebt
4995 2931 5325 3019 of the fran
4313 2976 6455 3171 fest schlief. In seiner Ordinationstasche
4321 3071 6323 3315 trug er Münchsgewand und Pilgerhut gut
4313 3269 6569 3484 eingewickelt mit sich. Das programm des Ta¬
4657 3395 5491 3518 fratte ci enim
4327 3395 6581 3639 ges standfällig fest. Einxxtam Er nahm ei-
4321 3550 6547 3771 nen Wagen. Zuerst machte er xxxnen Kranken-
4330 3716 6615 3992 besuch in der Alserstrasse bei einem Jungen-
