6680 4520
802 597 2730 925 jevene enante des
834 895 3043 1250 Wohlfebrudn College
933 1203 2239 1446 iudermann
3406 237 3772 407 it. 22.
4228 503 5680 717 Das warst die... sagli tirdes
4375 667 5256 837 Wer der -: -:
4149 740 6142 928 (sie fragten einander um die vergange-
4193 893 4764 1106 nen Jahre.
4855 878 5984 1159 Uur mai malé c. 2)
4457 1068 6005 1270 Nachtigall erzählte zuerst.Er
4463 1209 4884 1305 at ton;
4187 1211 6329 1454 war Klavierspieler von Beruf geworden... -
4451 1329 6078 1443 Es war Dr. nicht unbekannt, daher Na¬
4059 1396 6414 1568 1) das Studium der Medizin hatte er vor
4193 1530 5984 1677 zehn Jahren nach der zweiten,sogar
4820 1586 6435 1805 wie es ich mit schön. Paspät abgelegt
5337 1706 5987 1870 aus Zoologie
4193 1668 5276 1879 geglückten Vorprüfun
5302 1779 5560 1911 r to
4193 1838 6051 2016 endgültig aufgegeben. Er hatte sich
4550 1958 5279 2066 ein Kritlin mitel
4193 1996 6034 2198 zwar auch weiterhin in Krankenhaus,
4187 2145 6084 2347 Seziersaal und Laboratorien herumge-
4196 2277 6113 2505 trieben ohne was Rechtes zu arbeiten
4190 2429 6057 2648 und auch auf den Bänken der Hörsäle
4182 2575 6142 2789 war & zu sehen gewesen, wo er mit sei-
4193 2742 6110 2950 nem blinden Künstlerkopf,seinem zer-
4199 2888 6154 3075 knitterten Kragen und der flatternden
4193 3049 6306 3251 bunten Kravatte eine bekannte, und
4185 3210 6174 3400 auffallende Figur vorstellte, trotzdem
4187 3377 6157 3532 hatte ihn niemand als Studenten ernst
4205 3514 6011 3728 genommen, doch war er nicht nur bei
4164 3690 6148 3828 Kollegen, sondern auch bei manchen Fro-
4187 3830 6186 4006 fessoren geradezu beliebt und seine Er-
