6376 4232
737 675 2720 874 Aus der Loge, in die sie ihn mit viel¬
114 867 2726 1044 unterhängerble   Freundlichkeit geladen,
750 988 2625 1213 hatten sie sich mit dem Versprochen
747 1181 2726 1331 entfernt gleich wieder und zwar unmas¬
734 1360 2511 1533 kiert, zu erscheinen, waren aber so
734 1477 2671 1666 lange fortgeblieben, dass er les unge
734 1644 2638 1852 duldig geworden, vorzog sich ins Par¬
727 1787 2576 1970 terre zu begeben, wo er den Beiden
734 1934 2713 2117 nieder fragwürdigen Erscheinungen wie-
747 2126 2717 2244 der zu begegnen hoffte. So angestrengt
740 2263 2687 2433 er auch umherspähte, nirgends vermoch¬
731 2404 2612 2593 te er sie zu erblicken, statt ihser
2244 2524 2521 2616 &c
734 2567 2671 2752 aber hing sich mit einem Mal Alberti-
727 2674 2684 2867 ne in seinen Arm die sich oben brüsk
721 2906 2495 3069 einem unbekannten entzogen, dessen
721 3023 2527 3206 melancholisch blasiertes Nesen und
1666 3144 2146 3238 an toi ver
727 3203 2606 3353 fremdländischer, wie ihr schien, pol -
1497 3304 1807 3398 Nuil
717 3336 2589 3545 nischer Akzent einen seltsamen Reiz
711 3512 2664 3675 auf sie ausgeübt, der sie aber plötz-
2133 3617 2563 3721 ein gewört
711 3623 2684 3848 lich durch ein ganz unerwartetes häss
711 3803 2619 3989 lich-froches Wort erschreekt, ja ver-
4726 401 5329 590 Marie à Frau
4135 369 4510 642 Sorper
3897 505 5900 779 letzt hatte. Beide, im Grund ihrer See¬
3897 701 5900 923 le froh, einem banalen und enttäuschen
3894 881 5900 1079 den Maskenspiel entronnen zu sein,sas¬
3904 1089 5877 1213 sen bald wie zwei Liebende, unter an -
4465 1151 4843 1256 verliebter
3904 1177 5671 1399 deren minder legitimen Paaren, bei
3897 1363 5841 1552 Auste rn und Champagner im Buffotraum,
3894 1526 5769 1719 plauderten sich vergnügt, als hätten
3904 1693 5821 1856 sie eben erst miteinander Bekannt -
3900 1797 5704 1970 schaft geschlossen, in eine kokette
3894 1973 5688 2165 Komödie der Galanterie, des Wider -
3904 2136 5864 2283 stands, der Verführung und des Gewäh¬
3897 2276 5772 2466 rens und nach einer raschen Wagen -
3894 2462 5737 2606 fahrt durch die weisse Winternacht
3897 2573 6037 2749 sanken sie einander daheim zu einem (kurz
3910 2795 5766 2916 lange nicht mehr so heiss ersehnten
3910 2906 5710 3053 und so wild genossonen Liebesglück
4579 3000 6050 3114 mésie is in langue et stor laus
3904 3059 6151 3268 in die Arme.- Ein grauer Morgen weck-betal¬
3914 3238 5805 3398 te sie allzubald.Den Gatten forderte
3910 3424 5838 3538 sein Beruf schon in früher Stunde an
4624 3506 5104 3600 von seiner
3897 3545 5789 3731 die Betten seiner Kranken, Albertine
3897 3728 5828 3848 liessen Hausfrau-und Mutterpflichten
3910 3806 4706 3914 lieder albelin
3914 3874 5613 4047 kaum länger ruhen. So waren die
