3624 4360
475 518 2979 834 in hand at die F. to send him.
583 739 2771 1029 I am Hadthold. Esqrltum
462 964 3090 1286 je es viel die in Beliedt kann.
456 1146 2787 1524 yor en cly par D.... Mr Wm
404 1423 2768 1758 walt gesetzte war d wolle: der
599 1648 2872 1973 hier mehrt erhöft war. Es
537 1833 3123 2159 nel. Rolle, geht ging.... Einsen
511 2195 3077 2416 Ed. Sie wäre ich noch
514 2413 2963 2693 den verrecht. Heu in der Ert in
570 2709 2185 2947 & m. ou f.
690 2839 3269 3178 Schon Vogel. Ebe ne lebt wahrschen
615 3058 2970 3435 le labte ne voit et
694 3230 3048 3634 Mr mondt cec tuhon. Ehr daß
648 3530 3061 3875 sie teffent lebt in noch... Jeven
655 3787 2774 4109 gilt. Il ne lebt ick last in
