6520 4344
5732 445 6148 607 30 40
2653 461 2816 645 xx 9
4121 642 6004 858 allmählich lauter, endlich ganz unge¬
898 618 2786 818 hin und mit einer leichten Kopfbewe-
4123 823 6092 1023 hemmt mit einem Mal war sie von ihrem
916 775 2794 962 gung zum Fenster hindeutend,bemerkte
4123 970 6089 1199 Sessel herabgeglitten,lag Fridclin zu
922 935 2690 1097 er wie entschuldigend: „Die frische
4142 1132 5999 1329 Füssen,umschlang seine Knie mit den
927 1100 2696 1255 Luft tut Ihnen hoffentlich wohl. Es
4145 1215 6031 1462 Armen und presste ihr Antlitz daran.
922 1236 2882 1422 ist geradezu warm geworden.Und gestem
4294 1393 4606 1497 Wann
4142 1433 5916 1625 Plötzlich sah sie zum ihm auf mit
908 1380 2770 1569 Nachts - er wollte sagen fuhren wir
1561 1550 1766 1625 in
1913 1540 2355 1641 Sincerslobe
4147 1566 6100 1790 weit offenen schmerzlich wilden Augen
908 1558 2690 1710 noch während eines Schneelalls von
4150 1670 6041 1878 und flüsterte heiss: „Ich will nicht
908 1689 2773 1902 der Redoute nachhause,aber er formte
4158 1838 6001 2107 fort von hier.Auch wenn Sie niemals
898 1849 2853 2038 rasch den Satz um und sagte: „Gestern
4158 1977 6004 2206 wiederkommen,Jch will-in Ihrer Nähe
898 2035 2738 2219 Abend lag der Schnee noch ganz hoch
4123 2163 4643 2283 bleibus libres
4171 2216 5991 2424 sein. (ich liebe Sie) Er war mehr er¬
903 2152 1782 2349 in den Strassen.
4174 2320 6041 2509 griffen als erstaunt.Er hatte es ei-
1369 2331 2818 2483 Sie hörte kaum,was r sagte.
4206 2408 6350 2597 da immer depuis in der verliebt nachwieder nicht ver¬
4171 2528 6057 2728 gentlich gewusst Er sie te nur leise:
903 2456 2840 2648 hre Augen wurden feucht,grosse Thrä¬
3604 2459 3777 2669 r
4187 2674 6105 2901 „Sehen sie doch auf, Marianne,beugte
887 2632 2762 2813 nen liefen ihr über die Wange herab
4185 2821 6063 3018 sich zu ihr herab,richtet sie milde
892 2778 2802 2943 und wieder verbarg sie ihr Csicht in
5170 2906 5581 3010 neitrebert
4187 2922 6129 3173 auf und dachte; (Freilich) ist auch Hy-
887 2943 2642 3111 den Händen.Unwillkürlich legte er
4187 3149 5964 3335 sterie dabei. Er warf einen Seitan-
879 3095 2794 3274 seine Hand auf ihre Haare und strich
4206 3279 6081 3500 blick auf den toten Vater. Vielleicht
887 3250 2845 3428 Ihr über die Stirn. Er fühlte,wie ihr
4195 3420 6001 3628 hört er alles, dachte er. Vielleicht
879 3396 2826 3567 Körper zu zucken begann,sie schluchz-
5807 3521 6148 3719 jeder
4201 3593 5719 3799 ist er scheintot. Vielleicht i
879 3561 2821 3727 te in sich hindin, kaum hörbar zuerst,
5802 3689 5969 3764 in
4680 3689 5711 3783 dieder nach dem - Kirchen¬
4195 3700 6079 3974 Mensch in den ersten Stunden schein-
