6776 4440
2710 528 2917 642 120
916 678 3034 851 war ihm höflich beim Anziehen behilflich,
2007 768 3056 890 sind mie zos eine u erschobenen
907 835 3087 1077 das Tor öffnete sich er schritte die xxx
1002 843 1426 952 Harthen
2889 899 3118 1005 vertei
2948 943 3224 1133 seluebes
1183 980 1784 1108 gung in weile.
921 1005 2906 1203 Allee bis zur Gartentür; als er auf der
2557 1094 2716 1195 de
938 1164 2920 1343 Strasse stand erlosch das Licht hinter
957 1301 1432 1418 gelenblet
910 1306 2973 1535 ihm er blickte sich um und sah das Haus
1493 1437 1862 1541 dalieger
932 1510 2978 1686 schweigend, mit verschlossenen Fenstern,
1638 1597 1865 1691 lein
932 1605 2948 1825 aus denen kein Schimme drang, daliegen.
929 1731 2950 1959 Sein einziger Gedanke war, dass ich mir
2509 1856 2719 1957 miss
960 1940 2948 2107 nur alles genau einpräge. Ich werde das
935 2063 2953 2289 Haus wiederfinden; alles Weitere ergibt
938 2253 2908 2462 sich. Nacht war um ihn, die Strasse war
966 2412 2883 2574 dunkel, in einiger Entfernung oben,wo
971 2515 2975 2716 der Wagen seiner warten sollte, leuchte
966 2677 2928 2917 te trüb-rötlich eine Laterne. Aus der
977 2861 2967 3029 Tiefe der Gasse fuhr die Trauerkutsche
980 3034 2981 3185 vor, als hätte er nach ihr gerufen. Ein
977 3160 2883 3352 Diener öffnete den Schlag. „Ich habe
980 3299 3045 3534 meinen Wagen", sagte Fridolin.Der Bedien
999 3442 2959 3665 te schüttelte den Kopf. „Wenn er nicht
977 3617 2908 3835 mehr da ist gehe ich lieber zu Fuss.
4084 528 6199 882 Der Bediente antwortete mit einer gahixx
4371 589 4684 712 Dun
4100 723 6104 946 durchaus nicht bedientenhaften Handbe
4377 871 5636 996 so weines bediententift, dass né
4095 946 6149 1170 wegung die jeden Widerspruch auschloss.
4114 1013 6180 1312 Der Zylinder des Kutschers ragte lächer-
4776 1189 5356 1317 in die Nacht zu
4114 1192 6132 1474 lich lang zum Nachthimmel auf. Der Wind
4120 1376 6099 1627 blies heftig, über den Himmel flogen
4134 1451 6261 1789 gelbe Wolken, Fridolin konnte/nach seinen
4773 1571 6467 1772 Elehüsse Remer Tous, huis tugebe,
4148 1700 6135 1940 bisherigen Erfahrungen nicht zweifeln,
4148 1784 6107 2093 dass ihm nichts übrig blieb als zu ge¬
4670 1915 5887 2079 Raumha & eingestiegen, a
4145 1898 6395 2250 horchen. und atieg ein. Der Wagen sotzte mit
5030 2105 5301 2239 fehle
4162 2088 6166 2409 sich in Bewegung. Fridolin fühlte sich
4170 2255 6152 2543 entschlossen auf alle Gefahren hin die
4184 2398 6216 2699 Aufklärung des Abenteuers zu versuchen.
4173 2579 6219 2869 Seine Existenz,so schien ihm, hatte nicht
4201 2730 6091 3006 den geringsten Sinn mehr, wenn es ihm
4204 2833 6102 3162 nicht gelang,die unbegreifliche Frau
4215 3045 6104 3310 wiederzufinden, die in dieser Stunde
4232 3174 6185 3470 den Breis für seine Rechnung bezahlte
5535 3319 5719 3414 ela
4229 3310 6091 3617 Was das für ein Preis war, war allzu
4237 3486 6213 3818 leicht zu erraten. Ahen dadurch wurde
