3656 4232
2072 273 2389 388 to me.
2832 422 3003 636 162
1501 595 3116 799 weiss nicht, ob es nicht besser
1664 738 3028 939 erzählte ihn dir gar nicht.“
1620 887 3102 1069 adolin stand vor ihr richtete
1670 1061 3003 1218 auf. Was ist das für eine
1361 1063 1631 1254 höher
1647 1201 3066 1375 lich,darauf mache ich dich
1482 1220 1584 1419 re
1096 1358 3108 1592 gleich aufmerksam. Wan du mir ihn nicht
1105 1532 3171 1744 ganz getreu erzählst, dann verzichte ich
1146 1686 3356 1868 Lieber.“ Sie nahm sein Hand, zog ihn mehr
1110 1832 3179 2011 an sich. Setze dich zu mir und sei kein
1091 1981 3116 2160 Kind. Ich will ich muss ihn dir ja er -
1108 2146 3171 2336 zählen. Mir wäre gar nicht wohl, wenn ich
1113 2314 2601 2474 dir ihn verheimlichen sollte
