6392 4264
3129 238 3337 384 12 13
5565 455 5729 573 18
3770 559 5880 751 Blicks, den sie auf sich fühlte, stolzund
3789 786 5907 899 süss erregt. So standen wir uns gegenüber
3836 940 5872 1058 vielleicht zehn Sekunden lang mit halb
4332 1028 4650 1145 sipjen
3841 1058 5858 1203 offenen Bliexen und flimmernden Augen.
3828 1238 5825 1417 Inwillkürlich breitete ich meine Arme
3784 1356 5792 1523 aus;Hingebung und Freude war in ihrem
3836 1559 5924 1680 Blick, mit einem Mal aber schüttelte sie
3789 1710 5836 1850 heftig den Kopf, löste dinen Amm von der
3806 1811 6012 1992 Wand und deutete mit Hand und Blick gebie¬
3798 1987 5875 2162 terisch, ich solle mich entfernen. Als ich
5702 2085 5883 2187 tres
3795 2187 5894 2288 nicht gleich zu gehorchen vermochte, kam
3820 2340 5779 2455 ein solches Bitten, ein solsches Flehen
5395 2384 6086 2510 nicht an den kann
3861 2488 5949 2650 in ihre Kinderaugen, dass ich mich fügen
4272 2587 4655 2677 et mauva
3841 2644 5765 2800 musste,abwandte und so rasch alsmög
3806 2767 5998 2932 lich meinen Weg wieder fortsetzte. Ich sah
3795 2932 5894 3099 mich kein einziges Mal um, nicht eigent-
3861 3121 5979 3230 lich aus Rücksicht, aus Gehorsam,aus Rit-
3872 3244 5231 3417 terlichkeit, sondern darum
