6968 4376
2226 454 2774 623 not le M.
798 502 3114 908 Dichleibst - Elhelieu - vor kein siean
688 750 1346 1019 bleiben.
705 908 3101 1256 Ma cottée dot meille, meut-ci, je
743 1081 3121 1469 dber der sehrte geht es u dit
774 1346 3132 1659 nur einen mittal. Welt einer je
805 1562 2619 1872 obz Rachen. Ligte...
864 1734 3114 2075 H. Lage es nicht ist nicht in ihr
891 1955 3169 2261 überauft bettet mit großem Selle Augen
850 2161 3032 2409 t ist e m u tr, der in Rek
974 2333 3200 2639 a- troter en..... Rauen
936 2543 3008 2935 all dem pismutteil - in
1008 2853 2061 3118 all I am
1039 2980 3211 3317 Wiellte das wieder... sil ne
1311 3231 1972 3355 mit - 1 c
991 3280 2639 3565 er ladelti und ihnen.
1129 3438 3438 3710 ... Erde... Einwliche... xxx kein möglich.
1156 3665 3070 3944 wäre aufgelegt sein.
1383 3878 1834 4105 ...
4966 213 5224 313 " " "
4233 217 4835 385 C'est un septembre
6246 169 6562 372 200
5176 210 5344 361 id
3799 306 6511 551 Sie wäre möglich aber aufnehmen ist
4143 444 5231 613 ist nicht ungeachtet
3796 478 6366 743 M ich a de wenig hatt in Frau erlebt.
3803 709 6445 967 di wicht & wie weitartige — wenn es
3789 864 6384 1146 wenn ein unle muthil. alle in¬
3778 1050 6463 1366 du begegnet - ou dit - ce me ai nord leur
3799 1253 6273 1617 will wat.. Dieser Aigenblich...
4133 1531 4315 1652 de
3827 1497 6590 1793 das mir unsermünden finden — ist um alles
3796 1765 6476 2020 et a metée et alle...   M r
4012 1927 6318 2230 mer A-gebleik, trist & in den uni un
4016 2199 6067 2467 "Mrs fider ist ganz [illegible]
5799 2381 6008 2622 cette
4047 2395 5688 2691 Bvor Muhn we had a
4081 2626 6390 2953 Une deux Aépublick, - dieu stord...
4150 2860 5121 3132 man is?
4212 3073 5929 3372 H. unis es fahler à Trédolie.
4202 3328 6425 3651 He was a moyen in my
4247 3531 4684 3809 beant
