6968 4392
6257 159 6630 339 20
3721 218 6440 587 uni sera de cent  Colles  - scènes
3718 466 6305 743 und nicht einmal der Wich, der nach
404 511 784 750 and
484 646 3116 1012 Flixe uit entz un - bis de alles
3693 691 6374 988 Duckeurter sein Fried & Cedle gelten.
3721 940 6437 1178 Er solloss und nachlicht Esdemit, es er
470 898 2961 1209 weist... xxx im Kopf in
3738 1081 6364 1316 Monsieur à la lesp d'eureur du
525 1109 3262 1427 Toht and from Sie at ua d at a Albertiner
3718 1261 6412 1503 die Verhänge, al er Tischlich geevigte... so
529 1323 2947 1569 in dine Linkel denk. die Uuriere in
3728 1479 6440 1714 Alberline hette ihr keur aus bekommen
574 1524 2951 1852 Cebitwens Culld, da der
3845 1627 4751 1804 and in the
3752 1755 6447 2011 Iso anleitnster; – ne t begrutis de, wil
653 1734 3089 1976 [illegible] going with me and, d-n Oka
2201 1893 2664 2014 ce vue.
698 1907 3027 2184 auf u d lst polityl begründen u u.
3762 1914 6495 2232 gehörig ich die Rindgehnigt Einer
660 2142 3013 2398 der gereicht de veing heiht, den
3780 2094 6399 2418 Und H. St. Siegme, undt et u. geeuret
3839 2367 6616 2636 Wir nur in einem ärzte heißen endlich.
726 2367 3220 2539 reiflors    [illegible]  have had
1292 2491 2629 2657 wis he is in
726 2543 3127 2799 die noch und zu kurz nach,
3839 2481 6488 2892 Sie unterzleit werden
722 2733 2982 3023 Als er ihm in hauen, in Fueill,
3894 2705 6264 3047 Came... When I had a d i on hart
802 2933 3251 3199 an den am April in de vulnen Josse; -
6146 2971 6330 3127 was
3911 2971 6540 3268 in tous celebt, mais l'a, und mal essintient
846 3089 3134 3344 an de nachter Frau in de gehe
3921 3154 6281 3472 as all da... de begegnet..... Mh.
853 3313 3186 3593 t.d. : -  ai en été einmal avec ungefährt
3935 3348 5708 3711 we sent long until in she is no
922 3524 2799 3756 ahre a cragif ou it nicht die Bege
2743 3648 3110 3766 une
912 3652 3006 3925 wil d Clemenne; - a
1009 3849 3082 4118 jegenächst mit den Hinterbeut.
