6984 4440
1861 351 2184 606 " .
489 606 3052 964 St Chap Hoipl. Noch einmal für entweder
2028 776 2460 900 inter
503 794 3105 1124 sonst Trichtler Tritti berikel die travigen, und,
528 978 3134 1227 als de Wote Frau, und zu Grunde
521 1180 3364 1461 bensed de Nolle dito se se fut ut de Schult. Aime
535 1280 3389 1638 I have to qu'de Nulle House. I don’t dabeive
560 1453 3088 1836 mit a sie wilden ein, eine schlang
635 1666 3215 1907 seni Tine in der Tode stein in die langen
606 1804 2949 2116 tout leur Tout de tout; de
659 1950 3137 2223 in sodan in inover, - sin schee. Tred'
698 2116 3439 2393 at being in it, written due servis or agreife.
666 2290 3176 2584 und als kein Ausste der selbst storrenen
737 2450 3229 2737 towen in tokeigte fure Blick & to -
684 2602 3268 2953 “    Wa heubt & des, fleut
1149 2857 1634 2985 but it is.
769 2900 1999 3130 Dr A.D.
844 2996 3187 3265 Frid emmelte – en lost rien bien, un a
900 3130 3219 3467 Havgelank d to an mornar, togh
908 3336 3300 3772 in dicar in    but   in die
900 3566 2056 3797 est c de lui
6257 142 6519 337 an:
3804 259 6484 638 – ich glaub, an bekannt war, ich auf
4055 493 4343 631 Sected
3907 532 6108 783 asct.agenständig. Stille.....  N. O
3981 723 4991 929 Namenal der je an-
4126 720 6438 1166 Erbet - o Sich. Auf den C Tisch.
4048 1071 5683 1305 bleck in in 3 in kam
4211 1251 6239 1581 - - - Ein der Feuenleit in alsdoch
4105 1464 6136 1734 gett aucht in to the mn  -  in negat
4119 1624 6069 1854 me    ab es wch so jet wis, det
4180 1719 6211 2017 me met me. C is tost. Liet.
4137 1893 6594 2336 in letter - be alle Stoute - de nulantin.
4392 2099 5548 2365 - Er mupt a vicht...
4289 2322 6455 2598 Abe-ohne -at cinzant.. fort ma zie.
4197 2460 6338 2793 on ne amitulable... M- né un tout rue
4229 2694 6303 2992 much lost.    Mr Clk citt.
4293 2854 6041 3258 Es cheke it was in flick.
