3448 4392
162 385 2624 648 ce travail en finir. Elle exemod in ick
205 627 2631 930 the kind auf lein kunnt be daar
242 829 2395 1123 Ander nicht über. Er-
190 994 2520 1303 Herrn u. die sie be... sein Sie
312 1263 2594 1514 j'ai crééssé. Cb ciéma a.
184 1487 2566 1771 es sohlt es vulmglis i daft than
196 1707 2545 2022 andt een kund. Un 6 pk nog
297 1961 2508 2270 - Regledt le Hen... was in
312 2163 2441 2539 Hoo gikmmen.. her for
229 2426 2661 2768 l'eau des gleich Heuers. de Nacht
618 2689 2432 3028 Rol Johakhall  Ah
416 2872 624 3010 - /
811 2918 1352 3089 besluber
245 3010 2582 3316 hall kei nen jemiss dies Herr.
251 3221 2649 3493 in smit. we is des überlegen.
245 3432 2643 3759 Schill. Eier. würde in und verziffer
346 3658 2456 3992 will --; there and in in let.
