6904 4408
4012 94 5070 313 8t-1526 1556
3772 271 4232 612 14/4/4851
6198 435 6435 623 132
2888 532 3097 713 133
4155 543 6351 748 hielt, wachte er auf. Es war vier Uhr mor¬
947 665 3111 995 widerte mit einer Frage: „Wie spät ist es
4193 699 6466 922 gens. In seiner Wohnung suchte er vor allem
922 867 3195 1110 denn?“ „Vier Uhr vorüber. Ich bin eben erst
4256 901 6421 1089 das Ordinationszimmer auf und, verschloss
960 1020 3177 1326 nachhause gekommen." „Jetzt erst?“ „Ja.Er
4106 1044 6452 1187 das Maskengewand in einer Lade. Als erden
988 1058 3278 1455 ist tot. Es war leider nichts mehr zu machen.
4239 1169 6382 1375 Medizinschrank auftat, stieg ihm der Duft
5756 1291 6518 1423 in dem Alt mitt und
1002 1329 3219 1563 Ich konnte die Familie nicht gleich allein
4169 1315 6473 1531 der Medizinen heimatlich in die Nase. Schon
4079 1465 6448 1702 halb entkleidet trat er in das Schlafzim-
1009 1514 3059 1747 lassen." Sie schien kaum zuzuhören.“Ich
967 1667 3219 1869 habe dich aus dem Schlaf gewecht'sagte er
4263 1615 6431 1851 mer. Er schaltete das gedämpfte Licht der
4312 1764 6476 2004 Nachttischlampe ein, damit Albertina nicht
988 1827 3069 2039 merkwürdig,sonst sebläfst du ja
2429 1924 2735 2025 lt get
1009 1963 3083 2199 weiter[w]ährend ich mich niederlege.° Er
4312 1931 6375 2178 erwache sie lag ruhig da, die Arme InNa¬
6163 2057 6431 2199 at ye
1027 2109 3278 2332 strich ihr über die Stimmen. Sie streckte sich
4270 2074 6441 2300 cken verschlungen anders als sonst der
567 2098 745 2279 Pr
4420 2241 4823 2342 Ihre tirat
4312 2307 6375 2457 Mund war halb offen, schmerzliche Schat-
1023 2265 3076 2502 wieder hin. „Ich habe so viel geträumt“,
1016 2394 3167 2659 sagte sie. „Wa denn?“ Allerlei. Ich kann
4138 2457 6421 2593 ten lagen herum. Er beugte sich über ihre
5478 2537 5826 2634 Nurke
4806 2554 5206 2645 in eich immer
1020 2565 3299 2822 mich gar nicht recht besinnen. AüßH von dir.“
4145 2593 6375 2742 Stirm, sie legte sich in Falten; ihre
1051 2655 3341 2993 „Wahrhaftig,auch von mir?“ Ja, auch von di
4239 2739 6476 2937 Mienen verzerrten sich seltsam und plötz-
1041 2881 3250 3153 dir“,und sie nickte ernst.Er war gespannt.
4312 2840 6497 3073 lich beinahe erschreckend, lachte sie laut
1051 3045 3306 3299 „Erzähl mir doch.“ Sie schüttelte den Kopf.
4256 3031 6292 3195 auf, immer noch im Traum. Unwillkürlich
4914 3149 5244 3257 bein neun
4305 3146 6354 3383 rief er sie an. Sie lachte wieder in ei-
1058 3219 3177 3445 „Ich kann jetzt nicht, es war so wirr und
5895 3292 6076 3383 and
532 3313 957 3515 Sollneder
4228 3337 6428 3550 ner unheimlichen fremden Art. Wieder rief
543 3362 3337 3619 ### ich bin müde. Du musst auch müdesein. Und um
1030 3483 3372 3783 siehen musst du aufstehen.“ „Du mirst deinen
4270 3463 6323 3738 er ihren Namen. Nun mühselig öffnete sie
546 3570 1013 3793 jetzt upklen
1054 3685 3323 3932 Traum vergessen.“.Ich werde ihn nicht ver-
619 3755 863 3967 1e
1054 3797 3379 4106 gessen, Fridolin.“ Sie nahm seine Hand, drück-
