7032 4408
2040 415 2195 591 a
763 577 3166 879 Trittin lachbœuf. J. dieser früh bemerk. In
791 830 3113 1024 eit f so unge wohntich Sie die in Her¬
830 908 3247 1122 Sie sollte die Sache nicht luitt nehmen, The Dorbe
869 1080 3208 1316 sagt de Novem sehr beflikend. L'un die teile,
929 1245 3271 1488 die Itere heute diese letzte und traum zugehen; -
904 1400 3233 1664 lassen haben die Stadt Nikel, im Itver.
971 1611 3117 1836 in for alle het die tost og there had
911 1762 2061 1984 sorschingen zu verüben.
1034 1910 3022 2107 Soll das eine Lottung ein, im Neu...
1326 2033 1924 2174 delle en lui
2371 2030 2923 2181 d-hunt.
1069 2061 2578 2234 Has were with in Alxdr.
1059 2202 3064 2452 Mrs Cile in ein Rechtsteil, we Hure.
1108 2350 3219 2606 F.S. Heer Dr O’Alerdy, the boile. N.1.
1108 2554 2638 2754 in which, in dem is fine & in
1224 2670 3289 2870 dan is i in  isbt. Neer Forli;
1273 2839 3197 3050 Geschte haben,  aber ich als laut u
1284 3004 3275 3215 Sei er wertes zu marken, daß Sie dann
1569 3159 3211 3405 der damit beym Leben, sich ist
1481 3310 1871 3437 the Reall
1323 3356 3299 3539 des faute hierwegnet;  u da Sie ist
2237 3437 3152 3584 . Curlaf.. vers leffl
1660 3458 2019 3570 N.D.
1273 3528 3317 3743 in ein Gesellschaft xxx, u die
1316 3620 2691 3855 Sie nicht gelesen wäre.
1396 3757 3352 3982 Et. Maum wok illei ein Karte zuvor
1453 3897 3131 4172 at Onber the notwintg with
6258 141 6539 278 " "
6402 229 6641 450 201
3750 260 6465 580 I sent you to you that si oubuse
5396 433 6233 601 doute vieleur.
3809 503 6557 767 och tritti, ist ein jetzts unter Lebensinnung zu feinden
4066 644 4478 756 net sein.
3831 672 6476 960 Änthlyck. Amt die lerste inne nicht in der
3795 848 6536 1097 in Bullemhurd steckte, wie in ein hohe kein
4158 960 4643 1101 rulut in
4844 995 5048 1108 by
3838 1006 6578 1284 Ich jedete ein, ihr ich in begründet begangen; dorten tat
3809 1161 6339 1432 und Grundzugrändern, daß kann, hörtet
3887 1333 6609 1622 ein, he vielleichtlich, nicht eines das gerechte
3911 1491 6641 1794 Sehr schule, nicht, dass die pfliertut.
5512 1653 6054 1783 in a tap.
3911 1667 6609 1959 nd Sie bei verpflichtet seine war Herk. mit
3876 1896 6409 2149 das ich heb aus voreil u de vors heckt bue
5428 2044 5821 2198 at fort
3841 2079 6472 2307 erklärt. - weil geselttift ich mein blick de Com¬
3852 2265 6673 2575 nen auf und zu neben. be heil da erfüssellet
3845 2466 6398 2768 and scheint sum oock Re anke jurens voyes.
3911 2737 6511 2920 table – die;  in den Beflen¬
6004 2870 6247 3004 mine.
3922 2874 6258 3102 veill/verität, mit der ich nie mit ein
4502 3022 4787 3155 act
6261 3029 6444 3208 to
3915 3053 6237 3324 nal    F. Cessons  the
3964 3226 6500 3507 Nalee du Renavit.) n'entrecht wohl. —
3982 3380 6233 3693 and ab - isted [illegible]
4717 3577 5055 3722 of ye King
3989 3620 5712 3887 and is a saffent fill
