7016 4408
6270 159 6549 270 ¬
6296 224 6598 543 in
5075 338 5451 491 P.S.
3785 400 6299 702 i nelleicht in der Stände in einer
5819 653 6208 763 in the
919 621 3181 854 Prdvr Arn, de fghan fagh u..
3762 669 6273 939 andern Haus R. F wohlbetrieb
965 754 3382 1062 etc. before... to... Els... in or
3886 871 6208 1134 Herrn mit ein ander
1095 1027 3041 1251 Todt jayu ex Tupillich, dei 14l
3840 1036 6163 1254 døret cive tillerlin s'il sorte a
2030 1157 3388 1329 in unity will die out for
832 1306 3281 1475 & I am ln u in aif beim H.
4097 1235 6329 1546 De drie leur père Vergéphus
2989 1377 3284 1540 culin
5581 1433 6299 1631 his buti will ime
575 1449 3187 1719 une Unfitung is hebe..
3876 1504 6251 1803 besti zu Verwahr bestimmt – das Leichnam
887 1608 3301 1901 in anvegten, der ld. deineren...
3886 1667 5338 1907 de rerjours nacht.
2212 1754 3112 1914 de deux tems.
5403 1728 5594 1975 "
1027 1816 3278 2043 of deese tote F in min die nel
5825 1901 6540 2141 yor jedt. si
1059 1985 3119 2235 ouwren onfang,. die ulb we
5146 1959 5562 2287 Moi
3976 2108 6264 2378 Une et filte
1030 2180 3258 2446 die er teute Nacht. d sorgen hacht
1800 2297 2576 2453 in 24 st. de
5162 2339 5913 2502 mille soviel.
3989 2352 6052 2628 un feu des imaires jour
1101 2346 3216 2651 werkt in me haner be du wil Blom
3970 2505 6147 2843 seines trokurs zu nicht in
1121 2541 3177 2820 a haubig Claneum en neult dui
1134 2722 3090 3018 dee in rer Cem dineinbitt
3921 2696 6036 2956 wert:- in wesch Einwil stand
1189 2911 3051 3200 Bin gehabt - wie ob es ein
4412 2921 4883 3119 I am Hay
3989 2934 6036 3262 in nivem Thor. -  Ein he
1170 3122 2908 3427 soude ine  -    -de
4568 3129 5104 3301 a de M
3944 3200 6020 3499 hat ihm entzogen: ich u d kleis
1196 3288 3064 3574 men giebe; so die schon to
3993 3379 5153 3626 dritte wollt.
1264 3505 2982 3743 witt lebte – – er innigt –
1215 3697 3106 3902 do him in a due long and I
1348 3886 2947 4100 wie das ersche Weib von
1442 3973 3314 4227 sibt de ce year hall, un lett
