6744 4488
3466 240 3812 429 it. 22.
4256 648 6260 912 scheinung in heiterem einn populär ge-
4277 832 6356 1048 wesen. Aus einem polnischen städtatzkun-
4287 979 6319 1196 Städtchen war er als der Sohn eines jü-
4284 1131 6263 1325 dischen Branntweinschenkers nach Wien
4300 1265 6337 1511 gekommen,um vedizin zu studieren.Die ge
4305 1389 6232 1619 ringfügigen Unterstützungen vom Hause
4357 1550 6275 1800 wollten von Anfang van nicht reichen
4315 1728 6306 1968 und hatten bald gänzlich aufgehört, was
4375 1865 6281 2102 ihn nicht hinderte auch weiterhin re
4398 2038 6322 2288 gelmässig im Riedhof an einem stamm -
4346 2172 6247 2378 tisch zu erscheinen, dem unter andern
4390 2306 6407 2559 auch Fridolin angehörte. Die Bezahlung
4401 2466 6430 2694 der Zeche übernahm jedesmal ein anderer
4408 2593 6389 2851 der Kollegen,die durchwegs aus wohlha
4413 2836 5707 3006 benden Häusern stammten.
