6360 4264
3011 206 3538 424 1.19.12.21.
3716 530 5941 697 weiss man denn auch gleich, fragte sie.Ver¬
3673 734 5979 866 steht man gleich, ja bedeutet es denn s-o vi###
3693 886 5913 1004 oder so wenig, als wir in diesem Augenblick
3679 986 4106 1170 meinen?"
3776 1158 5798 1319 „ Nichts bedeutet es, nichts“,erwiderte
3673 1345 5924 1534 er. Und hiernebenan, liebste, Schönste, Freun¬
3679 1457 5420 1632 din, Geliebte, schläftu nser Kind.
3771 1623 5703 1844 Sie seufzte leicht), nahm seine beiden
3668 1781 5924 1947 Hände undbstreichelte sie und sah plötzlich
3662 1915 5855 2168 wieder mit umflorten Augen zu ihm auf auf
3656 2096 5893 2240 deren Grund er ihre Gedanken zu lesen ver-
3656 2225 5735 2369 mochte. Sie ahnte die Erlebnisse seiner
3668 2369 5815 2523 Jünglingsjahre, von vielen wusste sie, da
3931 2452 4101 2552 his
3650 2495 5873 2624 er der eifersüchtigen Neugier seiner junge
3650 2673 5741 2810 Frau allzu willig nachgebend,ihr in den
3639 2804 5801 2954 ersten Jahren ihrer Ehe manche verraten,
3656 2959 5683 3126 ja, wie ihm manchmal schie preisgegeben
3900 3065 5678 3171 was er lieber halle bei ich betelle wolle.
3650 3149 5832 3323 hatte. So bedeutungslos, so ähnlich an Pein
3639 3298 5821 3467 lichkeit und Melancholie sie den -rlebnis
3639 3450 5810 3579 sen anderer jungen Leute zwischen zwanzig
5322 3536 5801 3647 Albuhin
3650 3610 5910 3802 und dreissig gewesen war, so sehr sie selbst
