<?xml version="1.0" encoding="UTF-8" standalone="yes"?>
<PcGts xmlns="http://schema.primaresearch.org/PAGE/gts/pagecontent/2013-07-15" xmlns:xsi="http://www.w3.org/2001/XMLSchema-instance" xsi:schemaLocation="http://schema.primaresearch.org/PAGE/gts/pagecontent/2013-07-15 http://schema.primaresearch.org/PAGE/gts/pagecontent/2013-07-15/pagecontent.xsd">
    <Metadata>
        <Creator>prov=READ-COOP:name=TrHtr:version=2.1.0:model_id=51170:date=14_08_2023_13:19</Creator>
        <Created>2023-05-10T14:19:18.924+02:00</Created>
        <LastChange>2023-08-14T13:19:17.913+02:00</LastChange>
        <TranskribusMetadata docId="1428611" pageId="55418864" pageNr="143" tsid="132803033" status="IN_PROGRESS" userId="64420" imgUrl="https://files.transkribus.eu/Get?id=YBXVGHOYTXKNCZDZLVPLSMFY&amp;fileType=view" xmlUrl="https://files.transkribus.eu/Get?id=UHTANCKUSGFLXKIVYVAQAMCQ" imageId="44692968"/>
    </Metadata>
    <Page imageFilename="1428611_0143.jpg" imageWidth="7000" imageHeight="4408">
        <ReadingOrder>
            <OrderedGroup id="ro_1711787418951" caption="Regions reading order">
                <RegionRefIndexed index="0" regionRef="tr_1"/>
            </OrderedGroup>
        </ReadingOrder>
        <TextRegion id="tr_1" custom="readingOrder {index:0;}">
            <Coords points="441,224 6671,224 6671,4149 441,4149"/>
            <TextLine id="tr_1_tl_1" custom="readingOrder {index:0;}">
                <Coords points="6368,355 6412,348 6455,362 6502,402 6535,406 6669,351 6640,163 6618,174 6589,163 6571,178 6546,163 6528,185 6502,178 6455,196 6379,170 6343,174"/>
                <Baseline points="6379,274 6468,286 6558,298 6647,316 6671,310"/>
                <TextEquiv>
                    <Unicode>181</Unicode>
                </TextEquiv>
            </TextLine>
            <TextLine id="tr_1_tl_2" custom="readingOrder {index:1;}">
                <Coords points="3731,507 6542,446 6539,257 6234,235 5187,330 3728,264"/>
                <Baseline points="3750,400 3840,400 3930,400 4019,400 4109,406 4198,412 4288,412 4378,412 4467,412 4557,412 4646,412 4736,412 4826,418 4915,424 5005,418 5094,418 5184,418 5274,412 5363,406 5453,406 5542,406 5632,406 5722,406 5811,412 5901,412 5990,412 6080,418 6170,418 6259,418 6349,424 6438,430 6528,441 6552,436"/>
                <TextEquiv>
                    <Unicode>weiter heret schweifen, wieder man nur Ihnen</Unicode>
                </TextEquiv>
            </TextLine>
            <TextLine id="tr_1_tl_3" custom="readingOrder {index:2;}">
                <Coords points="3760,696 6477,627 6477,518 6155,427 5792,540 3760,482"/>
                <Baseline points="3780,573 3870,585 3960,591 4049,591 4139,597 4228,603 4318,603 4408,603 4497,603 4587,603 4676,603 4766,603 4855,603 4945,609 5035,609 5124,603 5214,603 5303,609 5393,603 5483,609 5572,609 5662,609 5751,603 5841,597 5931,603 6020,603 6110,603 6199,603 6289,609 6379,609 6468,609 6486,609"/>
                <TextEquiv>
                    <Unicode>du clek tu seuleux gebilet. - Er sich</Unicode>
                </TextEquiv>
            </TextLine>
            <TextLine id="tr_1_tl_4" custom="readingOrder {index:3;}">
                <Coords points="3713,855 6560,866 6607,656 3713,714"/>
                <Baseline points="3733,776 3822,776 3912,782 4001,788 4091,788 4181,794 4270,794 4360,794 4449,788 4539,794 4628,794 4718,794 4808,794 4897,800 4987,800 5076,800 5166,800 5256,806 5345,806 5435,806 5524,800 5614,800 5704,794 5793,800 5883,794 5972,794 6062,800 6152,800 6241,806 6331,818 6420,830 6510,842 6600,854 6612,854"/>
                <TextEquiv>
                    <Unicode>einen gelben falleren Rat; - es sich zwei kleine</Unicode>
                </TextEquiv>
            </TextLine>
            <TextLine id="tr_1_tl_5" custom="readingOrder {index:4;}">
                <Coords points="627,960 1148,869 1623,927 3079,833 3086,659 2561,587 2105,710 1677,652 1413,721 1148,638 638,728"/>
                <Baseline points="651,872 668,866 758,878 848,872 937,872 1027,872 1116,872 1206,872 1296,866 1385,860 1475,854 1564,854 1654,848 1744,848 1833,842 1923,836 2012,830 2102,824 2192,818 2281,812 2371,812 2460,800 2550,794 2640,788 2729,788 2819,782 2908,788 2998,794 3087,794"/>
                <TextEquiv>
                    <Unicode>sichte dem hättein. Der Art hat</Unicode>
                </TextEquiv>
            </TextLine>
            <TextLine id="tr_1_tl_6" custom="readingOrder {index:5;}">
                <Coords points="5684,902 6064,895 6122,935 6238,916 6444,1011 6629,993 6611,862 6499,844 6144,801 6024,826 5963,793 5850,830 5763,797 5676,848"/>
                <Baseline points="5698,866 5787,866 5877,878 5966,883 6056,895 6146,901 6235,919 6325,931 6414,949 6504,955 6594,967 6635,973"/>
                <TextEquiv>
                    <Unicode>a dexture et lasse</Unicode>
                </TextEquiv>
            </TextLine>
            <TextLine id="tr_1_tl_7" custom="readingOrder {index:6;}">
                <Coords points="3728,1098 4133,1003 4325,1101 5434,1043 5633,1159 6205,1098 6615,1185 6607,1043 6053,895 4684,945 4307,840 3720,924"/>
                <Baseline points="3739,961 3828,967 3918,973 4007,979 4097,985 4187,997 4276,1003 4366,1009 4455,1009 4545,1009 4634,1009 4724,1009 4814,1009 4903,1009 4993,1015 5082,1015 5172,1021 5262,1015 5351,1021 5441,1021 5530,1033 5620,1033 5710,1033 5799,1033 5889,1045 5978,1057 6068,1075 6158,1081 6247,1093 6337,1110 6426,1122 6516,1134 6606,1140 6623,1146"/>
                <TextEquiv>
                    <Unicode>keitenbracht, — die zwischen dann,</Unicode>
                </TextEquiv>
            </TextLine>
            <TextLine id="tr_1_tl_8" custom="readingOrder {index:7;}">
                <Coords points="536,1177 2641,1029 3123,1137 3202,1127 3213,931 2329,837 543,985"/>
                <Baseline points="561,1104 621,1104 710,1099 800,1099 889,1093 979,1093 1069,1093 1158,1093 1248,1093 1337,1087 1427,1081 1517,1075 1606,1069 1696,1063 1785,1063 1875,1057 1965,1051 2054,1051 2144,1039 2233,1033 2323,1033 2413,1027 2502,1015 2592,1009 2681,1009 2771,1009 2861,1009 2950,1015 3040,1009 3129,1015 3219,1015"/>
                <TextEquiv>
                    <Unicode>sui clekte tos berlange engestellet; -</Unicode>
                </TextEquiv>
            </TextLine>
            <TextLine id="tr_1_tl_9" custom="readingOrder {index:8;}">
                <Coords points="3775,1271 4141,1348 5510,1235 6510,1362 6502,1166 6187,1094 5825,1170 5528,1054 4854,1130 4586,1061 4401,1130 4126,1003 3764,1061"/>
                <Baseline points="3792,1176 3882,1182 3971,1194 4061,1194 4151,1194 4240,1200 4330,1200 4419,1206 4509,1212 4599,1206 4688,1212 4778,1212 4867,1224 4957,1224 5047,1224 5136,1224 5226,1224 5315,1230 5405,1236 5495,1230 5584,1242 5674,1242 5763,1248 5853,1254 5943,1254 6032,1260 6122,1272 6211,1278 6301,1290 6391,1296 6480,1308 6516,1314"/>
                <TextEquiv>
                    <Unicode>d'etal de Rippen et me de Coeck et</Unicode>
                </TextEquiv>
            </TextLine>
            <TextLine id="tr_1_tl_10" custom="readingOrder {index:9;}">
                <Coords points="536,1340 1261,1337 1492,1420 1677,1329 2101,1377 2467,1282 2912,1398 2985,1119 2568,1188 1793,1098 1431,1217 1166,1116 540,1210"/>
                <Baseline points="555,1314 567,1314 657,1308 746,1308 836,1308 925,1314 1015,1314 1104,1314 1194,1308 1284,1302 1373,1302 1463,1302 1552,1296 1642,1290 1732,1290 1821,1290 1911,1290 2000,1290 2090,1278 2180,1278 2269,1272 2359,1266 2448,1260 2538,1260 2628,1254 2717,1254 2807,1254 2896,1260 2986,1248"/>
                <TextEquiv>
                    <Unicode>es. Fridblis sehr ein halber t gresbar</Unicode>
                </TextEquiv>
            </TextLine>
            <TextLine id="tr_1_tl_11" custom="readingOrder {index:10;}">
                <Coords points="3786,1474 4354,1550 4550,1438 5158,1442 5332,1543 5807,1453 6118,1583 6524,1558 6517,1351 6372,1319 3782,1300"/>
                <Baseline points="3804,1385 3894,1391 3983,1397 4073,1403 4163,1409 4252,1415 4342,1415 4431,1421 4521,1421 4611,1427 4700,1427 4790,1427 4879,1427 4969,1427 5059,1427 5148,1427 5238,1427 5327,1427 5417,1439 5507,1433 5596,1445 5686,1451 5775,1451 5865,1451 5954,1457 6044,1469 6134,1475 6223,1481 6313,1487 6402,1493 6492,1499 6528,1505"/>
                <TextEquiv>
                    <Unicode>Verweisung, der irgliche das Bürlber</Unicode>
                </TextEquiv>
            </TextLine>
            <TextLine id="tr_1_tl_12" custom="readingOrder {index:11;}">
                <Coords points="420,1561 1963,1594 2391,1449 2952,1500 3032,1380 2427,1308 884,1474 424,1438"/>
                <Baseline points="441,1535 531,1529 621,1523 710,1517 800,1517 889,1517 979,1517 1069,1511 1158,1505 1248,1499 1337,1493 1427,1493 1517,1487 1606,1487 1696,1487 1785,1487 1875,1481 1965,1481 2054,1475 2144,1469 2233,1457 2323,1451 2413,1439 2502,1439 2592,1445 2681,1445 2771,1445 2861,1451 2950,1445 3040,1445"/>
                <TextEquiv>
                    <Unicode>kommen seit im Publ de tödt gleich</Unicode>
                </TextEquiv>
            </TextLine>
            <TextLine id="tr_1_tl_13" custom="readingOrder {index:12;}">
                <Coords points="2496,1601 2518,1605 2554,1587 2597,1605 2644,1587 2677,1612 2728,1590 2717,1445 2663,1445 2612,1471 2583,1449 2557,1460 2529,1449 2485,1460"/>
                <Baseline points="2514,1558 2604,1564 2693,1570 2729,1576"/>
                <TextEquiv>
                    <Unicode>be</Unicode>
                </TextEquiv>
            </TextLine>
            <TextLine id="tr_1_tl_14" custom="readingOrder {index:13;}">
                <Coords points="3782,1655 5575,1630 6397,1732 6394,1550 6198,1601 5763,1489 5242,1482 5093,1598 4485,1492 3778,1561"/>
                <Baseline points="3798,1606 3888,1606 3977,1612 4067,1612 4157,1612 4246,1618 4336,1612 4425,1618 4515,1618 4605,1624 4694,1624 4784,1630 4873,1624 4963,1624 5053,1624 5142,1618 5232,1618 5321,1618 5411,1618 5501,1624 5590,1630 5680,1636 5769,1636 5859,1642 5949,1648 6038,1654 6128,1654 6217,1660 6307,1672 6396,1684 6408,1678"/>
                <TextEquiv>
                    <Unicode>sir alle mit präsischen Freitlichkeit ist.</Unicode>
                </TextEquiv>
            </TextLine>
            <TextLine id="tr_1_tl_15" custom="readingOrder {index:14;}">
                <Coords points="576,1786 949,1837 1645,1692 2141,1800 3036,1742 3043,1525 2768,1623 2282,1547 2050,1634 1717,1529 1521,1655 1304,1561 960,1677 580,1659"/>
                <Baseline points="597,1714 627,1714 716,1720 806,1720 895,1720 985,1714 1075,1714 1164,1708 1254,1702 1343,1696 1433,1696 1523,1696 1612,1690 1702,1690 1791,1690 1881,1684 1971,1684 2060,1684 2150,1678 2239,1684 2329,1672 2419,1672 2508,1672 2598,1672 2687,1672 2777,1672 2866,1666 2956,1660 3046,1666"/>
                <TextEquiv>
                    <Unicode>avec dribe. Er geis es privilieren</Unicode>
                </TextEquiv>
            </TextLine>
            <TextLine id="tr_1_tl_16" custom="readingOrder {index:15;}">
                <Coords points="3749,1837 4880,1902 5782,1818 6557,1920 6553,1761 5807,1757 5369,1637 4253,1612 3746,1713"/>
                <Baseline points="3768,1779 3858,1791 3948,1797 4037,1797 4127,1797 4216,1797 4306,1797 4396,1803 4485,1803 4575,1809 4664,1815 4754,1815 4844,1815 4933,1815 5023,1821 5112,1821 5202,1821 5291,1827 5381,1827 5471,1827 5560,1833 5650,1821 5739,1821 5829,1821 5919,1821 6008,1827 6098,1845 6187,1857 6277,1863 6367,1875 6456,1881 6546,1887 6564,1887"/>
                <TextEquiv>
                    <Unicode>der fehl Zeit abgekommen; – wie er hat,</Unicode>
                </TextEquiv>
            </TextLine>
            <TextLine id="tr_1_tl_17" custom="readingOrder {index:16;}">
                <Coords points="569,2032 844,2065 1797,1902 2970,1898 2974,1804 2833,1724 2351,1735 1681,1782 1543,1880 1377,1822 1018,1905 804,1808 576,1873"/>
                <Baseline points="591,1947 651,1953 740,1959 830,1953 919,1953 1009,1959 1099,1953 1188,1947 1278,1941 1367,1929 1457,1923 1546,1923 1636,1911 1726,1911 1815,1905 1905,1899 1994,1893 2084,1893 2174,1887 2263,1887 2353,1881 2442,1875 2532,1869 2622,1869 2711,1869 2801,1863 2890,1857 2980,1863"/>
                <TextEquiv>
                    <Unicode>worbei in den nochilen: hier be¬</Unicode>
                </TextEquiv>
            </TextLine>
            <TextLine id="tr_1_tl_18" custom="readingOrder {index:17;}">
                <Coords points="4151,1920 6089,1945 6618,2043 6615,1905 5821,1826 5684,1898 4148,1829"/>
                <Baseline points="4169,1893 4258,1893 4348,1899 4437,1899 4527,1905 4617,1911 4706,1911 4796,1917 4885,1917 4975,1923 5065,1929 5154,1929 5244,1935 5333,1935 5423,1941 5512,1947 5602,1947 5692,1947 5781,1947 5871,1935 5960,1929 6050,1929 6140,1941 6229,1959 6319,1971 6408,1983 6498,2000 6588,2024 6629,2030"/>
                <TextEquiv>
                    <Unicode>Et sch die ein je vinken geh  Mahl 196   in rgabermus¬</Unicode>
                </TextEquiv>
            </TextLine>
            <TextLine id="tr_1_tl_19" custom="readingOrder {index:18;}">
                <Coords points="3757,2145 5930,2076 6104,2170 6662,2083 6151,1949 3749,1927"/>
                <Baseline points="3774,2000 3864,2006 3954,2012 4043,2018 4133,2018 4222,2024 4312,2018 4402,2018 4491,2024 4581,2030 4670,2036 4760,2042 4849,2042 4939,2042 5029,2042 5118,2048 5208,2048 5297,2054 5387,2060 5477,2060 5566,2060 5656,2060 5745,2060 5835,2054 5925,2060 6014,2060 6104,2066 6193,2072 6283,2084 6373,2084 6462,2096 6552,2108 6641,2114 6671,2120"/>
                <TextEquiv>
                    <Unicode>in der dunkel wie es einen obzukalen, zielen</Unicode>
                </TextEquiv>
            </TextLine>
            <TextLine id="tr_1_tl_20" custom="readingOrder {index:19;}">
                <Coords points="1387,2050 1507,2058 1529,2047 1547,2068 1569,2050 1598,2068 1634,2043 1692,2072 1746,2058 1750,1971 1648,1956 1608,1992 1558,2000 1492,1942 1449,1985 1391,1992"/>
                <Baseline points="1409,2036 1487,2036 1576,2036 1666,2030 1756,2030"/>
                <TextEquiv>
                    <Unicode>to me</Unicode>
                </TextEquiv>
            </TextLine>
            <TextLine id="tr_1_tl_21" custom="readingOrder {index:20;}">
                <Coords points="587,2264 1811,2166 3267,2199 3275,1956 590,2101"/>
                <Baseline points="609,2168 680,2162 770,2162 860,2162 949,2162 1039,2156 1128,2156 1218,2150 1308,2144 1397,2144 1487,2138 1576,2138 1666,2138 1756,2138 1845,2132 1935,2120 2024,2120 2114,2114 2204,2114 2293,2114 2383,2108 2472,2108 2562,2096 2651,2090 2741,2102 2831,2096 2920,2096 3010,2090 3099,2090 3189,2096 3279,2096"/>
                <TextEquiv>
                    <Unicode>in nachter ginglingsterb a; - Frädler</Unicode>
                </TextEquiv>
            </TextLine>
            <TextLine id="tr_1_tl_22" custom="readingOrder {index:21;}">
                <Coords points="3854,2239 6488,2275 6455,2097 6104,2170 5923,2072 5369,2163 3851,2112"/>
                <Baseline points="3870,2180 3960,2192 4049,2198 4139,2192 4228,2198 4318,2198 4408,2204 4497,2198 4587,2204 4676,2204 4766,2204 4855,2209 4945,2215 5035,2215 5124,2209 5214,2209 5303,2209 5393,2204 5483,2209 5572,2209 5662,2215 5751,2215 5841,2221 5931,2227 6020,2227 6110,2227 6199,2227 6289,2227 6379,2221 6468,2221 6498,2227"/>
                <TextEquiv>
                    <Unicode>geennten Stelle die rechten letzt. die Bitte</Unicode>
                </TextEquiv>
            </TextLine>
            <TextLine id="tr_1_tl_23" custom="readingOrder {index:22;}">
                <Coords points="5166,2304 5289,2308 5321,2333 5437,2311 5575,2333 5803,2311 5803,2257 5695,2224 5640,2242 5604,2213 5553,2257 5524,2228 5405,2242 5307,2206 5249,2239 5202,2213 5166,2224"/>
                <Baseline points="5184,2287 5274,2287 5363,2287 5453,2287 5542,2293 5632,2293 5722,2299 5811,2305"/>
                <TextEquiv>
                    <Unicode>n Hynth Brice</Unicode>
                </TextEquiv>
            </TextLine>
            <TextLine id="tr_1_tl_24" custom="readingOrder {index:23;}">
                <Coords points="601,2434 1431,2503 2094,2471 2279,2380 3039,2438 3086,2213 2405,2271 1808,2174 605,2300"/>
                <Baseline points="621,2389 674,2395 764,2389 854,2383 943,2389 1033,2389 1122,2389 1212,2383 1302,2377 1391,2377 1481,2371 1570,2365 1660,2359 1750,2359 1839,2353 1929,2347 2018,2347 2108,2335 2198,2335 2287,2329 2377,2335 2466,2329 2556,2329 2645,2335 2735,2335 2825,2335 2914,2341 3004,2341 3093,2353"/>
                <TextEquiv>
                    <Unicode>wir inachs aus denen wären</Unicode>
                </TextEquiv>
            </TextLine>
            <TextLine id="tr_1_tl_25" custom="readingOrder {index:24;}">
                <Coords points="3869,2449 4880,2500 5213,2380 6636,2384 6520,2246 5810,2340 3869,2293"/>
                <Baseline points="3888,2365 3977,2365 4067,2371 4157,2377 4246,2383 4336,2383 4425,2389 4515,2395 4605,2389 4694,2389 4784,2395 4873,2395 4963,2395 5053,2383 5142,2383 5232,2377 5321,2383 5411,2383 5501,2383 5590,2383 5680,2389 5769,2383 5859,2371 5949,2371 6038,2377 6128,2377 6217,2371 6307,2377 6396,2377 6486,2377 6576,2377 6641,2389"/>
                <TextEquiv>
                    <Unicode>gleichgille, geoffnete N. Rhenket zu - und dersel¬</Unicode>
                </TextEquiv>
            </TextLine>
            <TextLine id="tr_1_tl_26" custom="readingOrder {index:25;}">
                <Coords points="3851,2594 4865,2699 6216,2565 6589,2619 6589,2507 6321,2445 5919,2521 5144,2427 4890,2514 3851,2456"/>
                <Baseline points="3870,2544 3960,2550 4049,2550 4139,2562 4228,2568 4318,2568 4408,2574 4497,2574 4587,2574 4676,2574 4766,2574 4855,2574 4945,2574 5035,2580 5124,2586 5214,2580 5303,2580 5393,2574 5483,2580 5572,2580 5662,2580 5751,2574 5841,2574 5931,2568 6020,2568 6110,2574 6199,2568 6289,2568 6379,2580 6468,2586 6558,2598 6600,2598"/>
                <TextEquiv>
                    <Unicode>die gewolbt xxx gedrückt xxx scharfte</Unicode>
                </TextEquiv>
            </TextLine>
            <TextLine id="tr_1_tl_27" custom="readingOrder {index:26;}">
                <Coords points="594,2688 797,2728 1018,2637 1148,2728 1786,2728 2398,2612 2985,2695 3043,2438 601,2463"/>
                <Baseline points="615,2610 627,2616 716,2616 806,2616 895,2622 985,2616 1075,2616 1164,2616 1254,2616 1343,2616 1433,2610 1523,2604 1612,2598 1702,2598 1791,2592 1881,2592 1971,2586 2060,2580 2150,2580 2239,2568 2329,2568 2419,2562 2508,2562 2598,2556 2687,2556 2777,2556 2866,2556 2956,2562 3046,2556"/>
                <TextEquiv>
                    <Unicode>Tid Bahr geteel - i tout part</Unicode>
                </TextEquiv>
            </TextLine>
            <TextLine id="tr_1_tl_28" custom="readingOrder {index:27;}">
                <Coords points="6245,2768 6376,2717 6419,2731 6488,2706 6611,2746 6597,2630 6539,2623 6492,2644 6368,2576 6292,2608 6223,2586"/>
                <Baseline points="6253,2663 6343,2675 6432,2687 6522,2699 6612,2705"/>
                <TextEquiv>
                    <Unicode>gekanten</Unicode>
                </TextEquiv>
            </TextLine>
            <TextLine id="tr_1_tl_29" custom="readingOrder {index:28;}">
                <Coords points="5821,2717 5876,2713 5897,2731 6068,2760 6100,2735 6162,2771 6202,2764 6194,2630 6118,2648 6028,2619 5981,2644 5959,2623 5945,2634 5905,2615 5847,2648 5818,2641"/>
                <Baseline points="5841,2711 5931,2711 6020,2717 6110,2723 6199,2729 6205,2729"/>
                <TextEquiv>
                    <Unicode>Marke</Unicode>
                </TextEquiv>
            </TextLine>
            <TextLine id="tr_1_tl_30" custom="readingOrder {index:29;}">
                <Coords points="3865,2764 6568,2869 6488,2706 3862,2666"/>
                <Baseline points="3882,2729 3971,2735 4061,2741 4151,2747 4240,2753 4330,2759 4419,2753 4509,2753 4599,2753 4688,2753 4778,2753 4867,2753 4957,2753 5047,2753 5136,2759 5226,2765 5315,2759 5405,2759 5495,2759 5584,2765 5674,2765 5763,2759 5853,2771 5943,2777 6032,2789 6122,2795 6211,2801 6301,2807 6391,2825 6480,2837 6570,2849 6576,2849"/>
                <TextEquiv>
                    <Unicode>Raute de Schimbeure, und kleine Tupen¬</Unicode>
                </TextEquiv>
            </TextLine>
            <TextLine id="tr_1_tl_31" custom="readingOrder {index:30;}">
                <Coords points="612,2858 909,2923 2445,2778 3021,2826 3025,2713 619,2695"/>
                <Baseline points="633,2849 698,2843 788,2849 878,2849 967,2849 1057,2843 1146,2843 1236,2837 1325,2831 1415,2825 1505,2819 1594,2813 1684,2819 1773,2813 1863,2807 1953,2801 2042,2801 2132,2789 2221,2789 2311,2789 2401,2783 2490,2777 2580,2771 2669,2765 2759,2765 2849,2765 2938,2765 3028,2765"/>
                <TextEquiv>
                    <Unicode>of ryea... En alte Leib... n du</Unicode>
                </TextEquiv>
            </TextLine>
            <TextLine id="tr_1_tl_32" custom="readingOrder {index:31;}">
                <Coords points="3930,2989 4235,2931 4452,3032 5169,2923 5477,3028 5644,2938 6365,3028 6361,2851 6162,2797 5622,2778 5445,2869 4919,2771 4322,2873 3927,2804"/>
                <Baseline points="3948,2902 4037,2908 4127,2914 4216,2920 4306,2920 4396,2926 4485,2926 4575,2926 4664,2932 4754,2926 4844,2926 4933,2920 5023,2920 5112,2920 5202,2926 5291,2926 5381,2926 5471,2932 5560,2932 5650,2932 5739,2938 5829,2944 5919,2950 6008,2956 6098,2968 6187,2968 6277,2974 6367,2974 6373,2974"/>
                <TextEquiv>
                    <Unicode>gekrieben sehr.” Das kirzt führen so</Unicode>
                </TextEquiv>
            </TextLine>
            <TextLine id="tr_1_tl_33" custom="readingOrder {index:32;}">
                <Coords points="645,3184 985,3206 1398,3086 1974,3188 2304,3018 3083,3032 3257,2989 3260,2891 2952,2822 2355,2963 1108,2999 859,2902 652,2981"/>
                <Baseline points="668,3064 752,3058 842,3058 931,3058 1021,3052 1110,3046 1200,3046 1290,3040 1379,3040 1469,3046 1558,3046 1648,3046 1738,3040 1827,3034 1917,3034 2006,3028 2096,3022 2186,3016 2275,3016 2365,3004 2454,3004 2544,2998 2634,2992 2723,2992 2813,2992 2902,2992 2992,2986 3082,2986 3171,2986 3261,2992"/>
                <TextEquiv>
                    <Unicode>wird wohl nicht wie - er selbst</Unicode>
                </TextEquiv>
            </TextLine>
            <TextLine id="tr_1_tl_34" custom="readingOrder {index:33;}">
                <Coords points="3930,3112 5702,3133 6151,3264 6586,3213 6553,3068 5854,2960 5427,3043 3927,2992"/>
                <Baseline points="3948,3064 4037,3070 4127,3076 4216,3082 4306,3087 4396,3093 4485,3093 4575,3099 4664,3099 4754,3105 4844,3105 4933,3105 5023,3105 5112,3105 5202,3111 5291,3111 5381,3117 5471,3117 5560,3117 5650,3123 5739,3123 5829,3129 5919,3135 6008,3147 6098,3153 6187,3153 6277,3165 6367,3165 6456,3171 6546,3177 6594,3183"/>
                <TextEquiv>
                    <Unicode>Alldre versant werden nur in Sams, im jetzt</Unicode>
                </TextEquiv>
            </TextLine>
            <TextLine id="tr_1_tl_35" custom="readingOrder {index:34;}">
                <Coords points="808,3354 971,3394 1319,3271 1645,3391 3199,3344 3354,3311 3358,3199 2869,2992 2308,3018 2025,3184 815,3184"/>
                <Baseline points="830,3291 854,3291 943,3285 1033,3285 1122,3279 1212,3279 1302,3273 1391,3273 1481,3267 1570,3267 1660,3267 1750,3267 1839,3255 1929,3249 2018,3243 2108,3237 2198,3237 2287,3231 2377,3225 2466,3219 2556,3213 2645,3213 2735,3207 2825,3207 2914,3213 3004,3213 3093,3219 3183,3231 3273,3237 3362,3249"/>
                <TextEquiv>
                    <Unicode>ich noch mit heil zum Curde Sachen.</Unicode>
                </TextEquiv>
            </TextLine>
            <TextLine id="tr_1_tl_36" custom="readingOrder {index:35;}">
                <Coords points="3854,3336 4220,3264 4525,3409 4887,3293 6535,3383 6434,3213 5676,3253 5437,3126 3847,3191"/>
                <Baseline points="3870,3273 3960,3267 4049,3261 4139,3261 4228,3267 4318,3267 4408,3267 4497,3267 4587,3267 4676,3273 4766,3273 4855,3273 4945,3279 5035,3273 5124,3273 5214,3273 5303,3273 5393,3279 5483,3285 5572,3291 5662,3303 5751,3308 5841,3314 5931,3326 6020,3332 6110,3338 6199,3344 6289,3350 6379,3356 6468,3362 6540,3368"/>
                <TextEquiv>
                    <Unicode>sich daß xyz weit sehr so</Unicode>
                </TextEquiv>
            </TextLine>
            <TextLine id="tr_1_tl_37" custom="readingOrder {index:36;}">
                <Coords points="3869,3525 4771,3474 5376,3575 5644,3507 6488,3568 6484,3452 6057,3351 5484,3438 3865,3344"/>
                <Baseline points="3888,3464 3977,3464 4067,3464 4157,3458 4246,3458 4336,3458 4425,3458 4515,3464 4605,3470 4694,3470 4784,3470 4873,3476 4963,3482 5053,3482 5142,3482 5232,3482 5321,3488 5411,3488 5501,3488 5590,3500 5680,3506 5769,3512 5859,3512 5949,3512 6038,3512 6128,3512 6217,3512 6307,3512 6396,3512 6486,3518 6492,3518"/>
                <TextEquiv>
                    <Unicode>gleichigkeit wie: zum und blieb</Unicode>
                </TextEquiv>
            </TextLine>
            <TextLine id="tr_1_tl_38" custom="readingOrder {index:37;}">
                <Coords points="656,3543 1471,3601 2007,3478 2623,3568 2884,3470 3242,3565 3275,3329 659,3412"/>
                <Baseline points="674,3518 680,3518 770,3518 860,3512 949,3512 1039,3512 1128,3506 1218,3500 1308,3500 1397,3494 1487,3494 1576,3494 1666,3494 1756,3488 1845,3482 1935,3482 2024,3476 2114,3476 2204,3476 2293,3470 2383,3470 2472,3470 2562,3464 2651,3464 2741,3464 2831,3470 2920,3470 3010,3476 3099,3488 3189,3500 3279,3506"/>
                <TextEquiv>
                    <Unicode>wo ihn im Freundeil fahl auf</Unicode>
                </TextEquiv>
            </TextLine>
            <TextLine id="tr_1_tl_39" custom="readingOrder {index:38;}">
                <Coords points="3916,3749 4390,3641 4720,3738 4880,3648 6571,3731 6615,3546 3912,3543"/>
                <Baseline points="3936,3655 4025,3637 4115,3637 4204,3637 4294,3637 4384,3631 4473,3643 4563,3643 4652,3643 4742,3643 4832,3643 4921,3643 5011,3649 5100,3649 5190,3649 5280,3649 5369,3655 5459,3661 5548,3661 5638,3661 5728,3667 5817,3667 5907,3667 5996,3667 6086,3661 6175,3661 6265,3661 6355,3661 6444,3661 6534,3667 6623,3679 6629,3679"/>
                <TextEquiv>
                    <Unicode>ft be f will, bebte nebenst moll ihr den Anllet</Unicode>
                </TextEquiv>
            </TextLine>
            <TextLine id="tr_1_tl_40" custom="readingOrder {index:39;}">
                <Coords points="609,3749 2840,3709 3119,3666 3123,3550 2898,3517 2510,3637 2072,3532 1608,3644 1192,3550 612,3604"/>
                <Baseline points="627,3733 710,3721 800,3721 889,3715 979,3715 1069,3709 1158,3709 1248,3709 1337,3703 1427,3697 1517,3697 1606,3691 1696,3691 1785,3691 1875,3691 1965,3691 2054,3691 2144,3685 2233,3679 2323,3679 2413,3679 2502,3679 2592,3673 2681,3673 2771,3673 2861,3667 2950,3667 3040,3667 3129,3661"/>
                <TextEquiv>
                    <Unicode>besitete... Her kopf in pui Seite.</Unicode>
                </TextEquiv>
            </TextLine>
            <TextLine id="tr_1_tl_41" custom="readingOrder {index:40;}">
                <Coords points="677,4032 2297,3909 3228,4021 3231,3746 2485,3829 2058,3811 1927,3709 1181,3735 677,3862"/>
                <Baseline points="698,3942 728,3936 818,3936 907,3942 997,3936 1087,3936 1176,3930 1266,3930 1355,3924 1445,3924 1535,3924 1624,3924 1714,3918 1803,3918 1893,3918 1983,3912 2072,3912 2162,3912 2251,3912 2341,3912 2430,3912 2520,3912 2610,3912 2699,3906 2789,3912 2878,3912 2968,3918 3058,3918 3147,3924 3237,3924"/>
                <TextEquiv>
                    <Unicode>nosentt, by Heartetne fieler</Unicode>
                </TextEquiv>
            </TextLine>
            <TextLine id="tr_1_tl_42" custom="readingOrder {index:41;}">
                <Coords points="830,4169 1598,4238 2097,4130 3090,4166 3090,4025 2409,3916 1746,4072 1565,3974 1232,4028 830,3945"/>
                <Baseline points="848,4121 937,4133 1027,4133 1116,4133 1206,4139 1296,4133 1385,4139 1475,4139 1564,4139 1654,4139 1744,4139 1833,4127 1923,4127 2012,4127 2102,4127 2192,4127 2281,4127 2371,4127 2460,4127 2550,4127 2640,4127 2729,4127 2819,4127 2908,4139 2998,4133 3087,4139 3099,4139"/>
                <TextEquiv>
                    <Unicode>I his yor Boveau; emmeltenle</Unicode>
                </TextEquiv>
            </TextLine>
        </TextRegion>
    </Page>
</PcGts>
