6520 4312
2542 319 2709 522 8
5756 400 5929 576 26
2282 435 2458 587 35
3993 400 4669 625 larlete above
4093 581 5962 706 lastend.Es war ihm, als schwiege der
700 595 2558 873 Bild nachher in eine alte Komode ge¬
4093 708 6037 857 Tote mit ihnen. nicht etwa weil er ge-
708 765 2517 998 sperrt und eines Tages in den Ofen
4058 838 5151 954 nicht mehr reiden kommt
4099 830 6010 1063 storben war, sondern absichtsvoll und
730 881 2558 1146 gesteckt und verbrannt. So redete
4104 1022 6013 1184 nicht ohne Schadenfreude. Und mit ei¬
741 1003 2915 1309 sie noch eine Weile gleichgültiges nur
1714 1144 2934 1325 - fut obéré si remettre
4093 1157 6005 1330 nem Seitenblick auf ihn sagte Frido-
2617 1187 2980 1325 son très
1130 1244 1579 1344 Deutsches
741 1241 2487 1468 beinahe sinuloses Zauernes war, als
2636 1271 3044 1406 when here
4112 1319 5924 1544 lin: „Jedesfalls,wie die Dinge nun
754 1346 2587 1609 meinte sie anderes als sie sagte,so
2644 1374 3061 1576 on and shig
2306 1465 2493 1555 Tout
4099 1484 6019 1690 einmal liegen, ist es gut,Fräulein Ma-
760 1514 2715 1747 wie manchmal im Traum eine Ding, ei¬
4093 1633 5856 1798 rianne, dass sie nicht mehr allzu
760 1666 2712 1936 na Gegend ein Mensch eigentlich etwas
1503 1803 2366 1936 zu beventen habge.
4099 1760 5954 1963 lange in dieser Wohnung bleiben müs
789 1847 2623 2068 ganz anderes vorzustellen haben als
1520 1982 1803 2079 in in
4093 1952 5943 2139 sen;- und da sie den Kopf ein wenig
798 2020 2585 2277 sie sÄnd. Mit einem Mali aber sass
881 2017 1303 2139 Sie selts
4104 2095 5929 2282 hob ohne aber zu ihm aufzuschauen -
795 2128 2744 2371 sie ganz still da, den Kopf in den Hän
4112 2239 5994 2450 „Ich vermatete übrigus, dass sie ver¬
811 2306 2742 2555 den schien völlig vergessen zu haben,
4104 2409 5886 2612 lebt wären. Ihr Bräutigam wird wohl
808 2423 2604 2690 dass jemand da war.) Er (tand leise
822 2585 2752 2823 auf, schaute nieder auf ihr etwas ver¬
4099 2574 5940 2750 bäld eine Professur erhalten.An der
4093 2725 5894 2901 philosophischen Fakultät liegen ja
827 2752 2709 3015 wirrts Haar,in dem ziemlich lose ei-
4088 2863 5900 3066 die Verhältnisse günstiger als bei
854 2909 2793 3153 ne gewöhnliche dunkle Spange steckte.
941 2971 2871 3190 war midde, und noch mehr planzweil, al an¬
4534 2985 5224 3088 Et dertte du-
846 3082 2801 3358 Erpartete sehnlich, dass jemand käme,
4104 3025 5900 3220 uns." Es fiel ihm ein, dass er vor
4761 3139 5216 3242 his rich and
871 3212 2825 3464 die Verwandten oder der Verlobte,denn
4080 3188 6054 3347 Jahren auch eine akademische Laufbahn
4261 3299 5091 3401 adresse et seinte
4077 3328 6002 3485 erkegen, dass er aber bei seiner Nei
860 3377 2774 3618 er war noch mehr gelangweilt als mü-
4894 3450 5378 3561 beaglitem
4093 3469 6010 3685 gung zu einer minder eingesehränkten
868 3515 2579 3788 Das Schweigen im Raume wurde
5037 3601 5326 3707 mit hin
4088 3647 5981 3785 Exi stenz am Ende doch einen praktI
4134 3764 6054 3937 die prklich Cussling einer Berufs
