6520 4328
3304 283 3665 518 13/11. 22.
2580 409 2767 689 49
4022 537 5911 737 Da hörte er von weitem dumpfe regel
891 598 2828 856 ja, dass er noch mitten in seiner Ju -
4028 685 5997 888 mässige Schritte und sah, noch ziemlich
875 763 2783 994 gend stand,e ine reizende und lie -
3681 840 3961 1017 o V.M
4028 856 5866 1052 ehtfernt eben um eine Strassenecke
1766 914 2551 1039 beret encorement.
866 981 2658 1116 bendwürdige Frau hatte und, wenn es
4019 1020 6026 1194 biegend einen kleinen er upp von Cou
1918 1091 2146 1168 gust
875 1113 2671 1300 ihm gerade beliebte noch eine dazu
1548 1219 2484 1335 dage haben Knoch
4028 1126 6088 1355 leurstudenten, sechs oder acht,sich ent-
875 1252 2587 1406 oder mehrerez Man musste freilich
4041 1300 6017 1486 gegenkommen; er mühte sich unwillkür -
1310 1355 1956 1480 sa lle seule
2284 1355 2983 1589 sebort at i in
843 1400 2648 1577 zu dergleichen mehr Musse haben. Es
4907 1435 5241 1544 and is
4028 1448 6110 1638 lich die Parben zu erkennen, als die jun-
97 1551 2683 1718 Ajemit xxx fiel ihm einkdass er morgen um acht
4920 1586 5322 1692 sake in
4035 1615 6033 1808 gen Leute in den Schein einer Laterne
2513 1696 2802 1824 Mr M
840 1689 2754 1930 Uhr Früh auf der Abteilung sein, von
1519 1834 1908 1937 pranken
4028 1763 6075 1956 gerieten und glaubte die blauen Aleman
840 1911 2593 2050 elf bis eins Visiten zu macha hat
4244 1911 4533 2011 in it.
4028 1924 6091 2091 nen zu erkennen Er selbst hatte nie ei-
2307 1959 3031 2153 [illegible] &c
840 2011 2770 2204 te, darunter eine in Hietzing,ven drei
4022 2066 6094 2265 ner Verbindung angehört, aber seinerzeit
1853 2143 2844 2278 hielt in or. & in dem
830 2178 2793 2378 bis fünf Ordination, dann wieder Besu -
360 2268 817 2474 beantende
1055 2284 1490 2387 xxx
4028 2249 5930 2426 in paar Säbelmensuren ausgefochten,
814 2320 3060 2539 che, und hoffentlich würde man nicht wenigst
4028 2378 5866 2555 ohne dass er oder seine Gegner eine
2603 2503 2876 2600 were
4054 2497 6290 2638 Die p'sarienberg weil drei Einweg an einer St überläßt
582 2487 2761 2680 wieder mitten in der Nacht geholt/wie
4028 2574 5901 2745 ernste Verwundung davongetragen. Wer
801 2625 2706 2809 heute, noch dasu, ohne damit nützen zu
4263 2671 4601 2796 habe
3874 2677 5994 2838 mochten nur die roten Dominos gewesen
795 2770 2751 2967 können. Es sei denn dachte ar weiter,
4012 2838 4398 2938 and in
3999 2844 6010 3047 soin, die ihn gestern Nachts in die Lo-
785 2976 2558 3115 mit einem Zynismus, der ihm selbst
4022 3012 5894 3163 ge gelockt und da so schnöde verlassen
779 3086 2699 3301 etwas zuwider war.) Er überquerte den
4611 3150 4997 3240 Er mir leb
4022 3147 5981 3366 hatten. Wie kam es, dass sie zu seiner
766 3272 2738 3472 Rathausplatz, der trüb glänzte wie ein
3562 3317 6075 3478 walt so Beziehung zu Franzb etwas wussten, die
775 3378 2609 3581 brauner Teich und wandte sich dem
3594 3433 3877 3649 gen —
4028 3468 5972 3655 doch so streng geheim gehalten worden
1998 3552 2535 3649 ce benit.
763 3542 2597 3797 heimatlichen Josefstadt zu. Da-kar
5444 3613 5701 3774 dod I
