<?xml version="1.0" encoding="UTF-8" standalone="yes"?>
<PcGts xmlns="http://schema.primaresearch.org/PAGE/gts/pagecontent/2013-07-15" xmlns:xsi="http://www.w3.org/2001/XMLSchema-instance" xsi:schemaLocation="http://schema.primaresearch.org/PAGE/gts/pagecontent/2013-07-15 http://schema.primaresearch.org/PAGE/gts/pagecontent/2013-07-15/pagecontent.xsd">
    <Metadata>
        <Creator>prov=READ-COOP:name=TrHtr:version=2.1.0:model_id=51170:date=14_08_2023_13:19</Creator>
        <Created>2023-05-10T14:19:11.369+02:00</Created>
        <LastChange>2023-08-14T13:19:04.126+02:00</LastChange>
        <TranskribusMetadata docId="1428611" pageId="55418696" pageNr="101" tsid="132802986" status="IN_PROGRESS" userId="64420" imgUrl="https://files.transkribus.eu/Get?id=GKQQJNMZSRVSYFHALCNQNQRX&amp;fileType=view" xmlUrl="https://files.transkribus.eu/Get?id=CEWCCRIQPRVMTFREFVNTJYBW" imageId="44692800"/>
    </Metadata>
    <Page imageFilename="1428611_0101.jpg" imageWidth="6888" imageHeight="4408">
        <ReadingOrder>
            <OrderedGroup id="ro_1711787343324" caption="Regions reading order">
                <RegionRefIndexed index="0" regionRef="tr_1"/>
                <RegionRefIndexed index="1" regionRef="tr_2"/>
            </OrderedGroup>
        </ReadingOrder>
        <TextRegion id="tr_1" custom="readingOrder {index:0;}">
            <Coords points="65,529 3123,529 3123,4017 65,4017"/>
            <TextLine id="tr_1_tl_1" custom="readingOrder {index:0;}">
                <Coords points="1503,599 1572,615 1612,652 1679,636 1773,671 1837,663 1856,433 1815,441 1797,425 1725,473 1684,455 1658,476 1599,463 1569,484 1511,476"/>
                <Baseline points="1517,597 1582,603 1672,597 1762,585 1851,579"/>
                <TextEquiv>
                    <Unicode>136</Unicode>
                </TextEquiv>
            </TextLine>
            <TextLine id="tr_1_tl_2" custom="readingOrder {index:1;}">
                <Coords points="2315,679 2401,703 2422,725 2500,684 2524,703 2607,693 2607,527 2473,516 2398,479 2364,503 2315,508"/>
                <Baseline points="2329,609 2419,615 2508,609 2598,609 2610,615"/>
                <TextEquiv>
                    <Unicode>164</Unicode>
                </TextEquiv>
            </TextLine>
            <TextLine id="tr_1_tl_3" custom="readingOrder {index:2;}">
                <Coords points="898,960 2797,770 2807,666 914,797"/>
                <Baseline points="919,919 925,925 1015,913 1104,907 1194,895 1284,883 1373,878 1463,866 1552,860 1642,854 1732,848 1821,836 1911,830 2000,818 2090,812 2180,800 2269,788 2359,776 2448,770 2538,758 2628,752 2717,746 2807,746"/>
                <TextEquiv>
                    <Unicode>lich die Finsternis zu durchdringen.</Unicode>
                </TextEquiv>
            </TextLine>
            <TextLine id="tr_1_tl_4" custom="readingOrder {index:3;}">
                <Coords points="51,786 139,818 198,802 267,829 326,807 361,821 406,781 449,773 447,668 361,682 321,668 254,695 144,620 48,620"/>
                <Baseline points="65,770 95,770 185,764 274,770 364,770 457,766"/>
                <TextEquiv>
                    <Unicode>86.1923</Unicode>
                </TextEquiv>
            </TextLine>
            <TextLine id="tr_1_tl_5" custom="readingOrder {index:4;}">
                <Coords points="2291,869 2326,880 2561,824 2604,842 2660,813 2848,824 2880,815 2890,719 2698,781 2642,754 2594,786 2479,773 2297,815"/>
                <Baseline points="2305,854 2353,848 2442,836 2532,830 2622,818 2711,806 2801,800 2890,794"/>
                <TextEquiv>
                    <Unicode>in du Turc.</Unicode>
                </TextEquiv>
            </TextLine>
            <TextLine id="tr_1_tl_6" custom="readingOrder {index:5;}">
                <Coords points="906,1091 2848,938 2912,810 917,987"/>
                <Baseline points="925,1075 943,1075 1033,1069 1122,1057 1212,1051 1302,1039 1391,1033 1481,1021 1570,1015 1660,1003 1750,1003 1839,991 1929,985 2018,973 2108,967 2198,949 2287,937 2377,931 2466,925 2556,913 2645,907 2735,895 2825,883 2914,866"/>
                <TextEquiv>
                    <Unicode>Mit einem vale standest du da,Galegen-</Unicode>
                </TextEquiv>
            </TextLine>
            <TextLine id="tr_1_tl_7" custom="readingOrder {index:6;}">
                <Coords points="2251,1027 2455,1024 2577,989 2644,1021 2690,987 2922,957 2979,976 2984,917 2845,936 2794,914 2690,955 2385,938 2257,971"/>
                <Baseline points="2269,1009 2359,1009 2448,997 2538,997 2628,985 2717,973 2807,967 2896,955 2986,955"/>
                <TextEquiv>
                    <Unicode>Zie sah ich noch.</Unicode>
                </TextEquiv>
            </TextLine>
            <TextLine id="tr_1_tl_8" custom="readingOrder {index:7;}">
                <Coords points="944,1270 1786,1238 1963,1136 2318,1102 3086,1136 3104,938 2773,1021 960,1112"/>
                <Baseline points="961,1236 1039,1230 1128,1218 1218,1206 1308,1200 1397,1188 1487,1182 1576,1170 1666,1164 1756,1152 1845,1146 1935,1134 2024,1122 2114,1116 2204,1104 2293,1104 2383,1099 2472,1081 2562,1075 2651,1063 2741,1057 2831,1045 2920,1033 3010,1033 3099,1045"/>
                <TextEquiv>
                    <Unicode>sklaven hatten dich hergerundert, du</Unicode>
                </TextEquiv>
            </TextLine>
            <TextLine id="tr_1_tl_9" custom="readingOrder {index:8;}">
                <Coords points="997,1409 2032,1348 2575,1241 2850,1265 2864,1142 2463,1118 1011,1275"/>
                <Baseline points="1015,1379 1075,1379 1164,1373 1254,1361 1343,1349 1433,1343 1523,1331 1612,1325 1702,1314 1791,1308 1881,1296 1971,1290 2060,1278 2150,1272 2239,1260 2329,1254 2419,1248 2508,1236 2598,1224 2687,1218 2777,1206 2866,1206"/>
                <TextEquiv>
                    <Unicode>warst weiss und gleichfalls orienta</Unicode>
                </TextEquiv>
            </TextLine>
            <TextLine id="tr_1_tl_10" custom="readingOrder {index:9;}">
                <Coords points="973,1564 1246,1594 1626,1481 2182,1476 2441,1398 2751,1436 2767,1294 2489,1257 2315,1332 989,1409"/>
                <Baseline points="991,1535 1063,1535 1152,1529 1242,1517 1331,1505 1421,1499 1511,1487 1600,1481 1690,1475 1779,1463 1869,1451 1959,1445 2048,1433 2138,1421 2227,1415 2317,1409 2407,1397 2496,1391 2586,1379 2675,1373 2765,1367"/>
                <TextEquiv>
                    <Unicode>lisch gkleidet,hattest einen Dolch</Unicode>
                </TextEquiv>
            </TextLine>
            <TextLine id="tr_1_tl_11" custom="readingOrder {index:10;}">
                <Coords points="992,1711 1840,1668 2719,1521 2807,1564 2984,1521 2992,1438 1802,1476 1505,1588 1005,1596"/>
                <Baseline points="1009,1690 1021,1690 1110,1684 1200,1678 1290,1666 1379,1660 1469,1648 1558,1636 1648,1630 1738,1618 1827,1612 1917,1606 2006,1594 2096,1582 2186,1576 2275,1564 2365,1558 2454,1546 2544,1541 2634,1535 2723,1523 2813,1517 2902,1505 2992,1499"/>
                <TextEquiv>
                    <Unicode>im Silbergehänge an der Seite,was mich</Unicode>
                </TextEquiv>
            </TextLine>
            <TextLine id="tr_1_tl_12" custom="readingOrder {index:11;}">
                <Coords points="987,1864 2703,1722 2938,1676 2949,1569 1452,1682 1267,1767 1000,1730"/>
                <Baseline points="1003,1845 1063,1845 1152,1839 1242,1821 1331,1815 1421,1803 1511,1797 1600,1785 1690,1779 1779,1773 1869,1762 1959,1750 2048,1744 2138,1732 2227,1720 2317,1720 2407,1708 2496,1702 2586,1690 2675,1684 2765,1672 2855,1660 2944,1654"/>
                <TextEquiv>
                    <Unicode>alles nicht verwunderte. Du hobst mich</Unicode>
                </TextEquiv>
            </TextLine>
            <TextLine id="tr_1_tl_13" custom="readingOrder {index:12;}">
                <Coords points="1016,2032 1198,2059 1332,1981 1668,1992 2559,1848 2775,1882 2954,1848 2963,1749 1928,1783 1211,1909 1032,1869"/>
                <Baseline points="1033,2006 1081,2000 1170,1988 1260,1977 1349,1965 1439,1959 1529,1947 1618,1941 1708,1929 1797,1923 1887,1911 1977,1905 2066,1893 2156,1887 2245,1881 2335,1875 2424,1857 2514,1851 2604,1839 2693,1833 2783,1827 2872,1815 2962,1809"/>
                <TextEquiv>
                    <Unicode>aus dem Fenster, wie wenn sich das von</Unicode>
                </TextEquiv>
            </TextLine>
            <TextLine id="tr_1_tl_14" custom="readingOrder {index:13;}">
                <Coords points="1027,2163 1599,2150 2278,2029 2660,2051 2904,1989 2914,1890 2438,1963 2102,1914 1040,2051"/>
                <Baseline points="1045,2150 1122,2144 1212,2132 1302,2126 1391,2114 1481,2108 1570,2102 1660,2090 1750,2078 1839,2072 1929,2060 2018,2048 2108,2042 2198,2036 2287,2024 2377,2018 2466,2006 2556,2000 2645,1988 2735,1983 2825,1971 2914,1971"/>
                <TextEquiv>
                    <Unicode>selbst ves tünde und wir standen nun</Unicode>
                </TextEquiv>
            </TextLine>
            <TextLine id="tr_1_tl_15" custom="readingOrder {index:14;}">
                <Coords points="1035,2323 2866,2171 2880,2035 2027,2067 1877,2147 1219,2219 1048,2174"/>
                <Baseline points="1051,2299 1087,2299 1176,2293 1266,2281 1355,2269 1445,2263 1535,2257 1624,2251 1714,2239 1803,2227 1893,2221 1983,2209 2072,2204 2162,2192 2251,2186 2341,2174 2430,2162 2520,2150 2610,2144 2699,2138 2789,2132 2878,2120"/>
                <TextEquiv>
                    <Unicode>Beide im Dämmerschein auf der Wiese</Unicode>
                </TextEquiv>
            </TextLine>
            <TextLine id="tr_1_tl_16" custom="readingOrder {index:15;}">
                <Coords points="1045,2471 3011,2305 3053,2184 1056,2374"/>
                <Baseline points="1063,2448 1081,2454 1170,2448 1260,2436 1349,2430 1439,2419 1529,2413 1618,2401 1708,2389 1797,2383 1887,2377 1977,2365 2066,2359 2156,2347 2245,2341 2335,2329 2424,2317 2514,2311 2604,2305 2693,2293 2783,2287 2872,2281 2962,2281 3052,2275"/>
                <TextEquiv>
                    <Unicode>bis zu den Knöcheln im Nebel.Und rings</Unicode>
                </TextEquiv>
            </TextLine>
            <TextLine id="tr_1_tl_17" custom="readingOrder {index:16;}">
                <Coords points="1249,2380 1299,2385 1332,2369 1350,2369 1361,2382 1372,2374 1406,2380 1460,2345 1479,2358 1489,2348 1513,2356 1521,2291 1505,2286 1463,2305 1444,2289 1414,2302 1385,2291 1345,2313 1329,2307 1307,2318 1291,2307 1259,2310"/>
                <Baseline points="1266,2365 1343,2359 1433,2347 1523,2335"/>
                <TextEquiv>
                    <Unicode>nebel st</Unicode>
                </TextEquiv>
            </TextLine>
            <TextLine id="tr_1_tl_18" custom="readingOrder {index:17;}">
                <Coords points="1059,2634 1765,2543 1928,2612 2428,2479 3051,2449 3061,2323 1070,2529"/>
                <Baseline points="1075,2604 1087,2610 1176,2604 1266,2592 1355,2586 1445,2568 1535,2562 1624,2550 1714,2544 1803,2532 1893,2532 1983,2526 2072,2514 2162,2502 2251,2490 2341,2484 2430,2478 2520,2466 2610,2454 2699,2448 2789,2442 2878,2430 2968,2424 3058,2419"/>
                <TextEquiv>
                    <Unicode>herum war die wohlvertraute Gegend.Ich</Unicode>
                </TextEquiv>
            </TextLine>
            <TextLine id="tr_1_tl_19" custom="readingOrder {index:18;}">
                <Coords points="1072,2757 1243,2810 1361,2746 2818,2636 2944,2553 2286,2513 1396,2692 1083,2666"/>
                <Baseline points="1087,2759 1152,2759 1242,2753 1331,2741 1421,2735 1511,2723 1600,2717 1690,2705 1779,2699 1869,2687 1959,2675 2048,2669 2138,2657 2227,2657 2317,2640 2407,2634 2496,2622 2586,2616 2675,2610 2765,2598 2855,2586 2944,2586"/>
                <TextEquiv>
                    <Unicode>wusste, hinter dem Haus war der See,</Unicode>
                </TextEquiv>
            </TextLine>
            <TextLine id="tr_1_tl_20" custom="readingOrder {index:19;}">
                <Coords points="1409,2671 1430,2679 1532,2634 1556,2634 1596,2666 1666,2620 1730,2644 1765,2620 1783,2623 1789,2559 1757,2564 1738,2551 1679,2586 1663,2572 1561,2556 1537,2575 1417,2596"/>
                <Baseline points="1427,2645 1433,2640 1523,2634 1612,2628 1702,2616 1791,2610"/>
                <TextEquiv>
                    <Unicode>the fire</Unicode>
                </TextEquiv>
            </TextLine>
            <TextLine id="tr_1_tl_21" custom="readingOrder {index:20;}">
                <Coords points="1086,2917 1201,2963 2471,2783 2765,2810 2872,2794 2885,2679 1805,2706 1446,2815 1099,2797"/>
                <Baseline points="1099,2914 1182,2914 1272,2908 1361,2896 1451,2884 1541,2872 1630,2866 1720,2861 1809,2849 1899,2843 1988,2831 2078,2825 2168,2813 2257,2807 2347,2795 2436,2789 2526,2777 2616,2765 2705,2759 2795,2747 2884,2741"/>
                <TextEquiv>
                    <Unicode>den ich freilich nicht sah und vor</Unicode>
                </TextEquiv>
            </TextLine>
            <TextLine id="tr_1_tl_22" custom="readingOrder {index:21;}">
                <Coords points="1168,3077 2652,2928 3013,2992 3075,2797 1179,2960"/>
                <Baseline points="1182,3070 1188,3070 1278,3064 1367,3052 1457,3040 1546,3028 1636,3022 1726,3016 1815,3004 1905,2998 1994,2992 2084,2980 2174,2974 2263,2962 2353,2956 2442,2944 2532,2932 2622,2920 2711,2914 2801,2902 2890,2896 2980,2890 3070,2890"/>
                <TextEquiv>
                    <Unicode>uns die Berglandschaft mit den Wegen,</Unicode>
                </TextEquiv>
            </TextLine>
            <TextLine id="tr_1_tl_23" custom="readingOrder {index:22;}">
                <Coords points="1107,3254 1390,3270 2444,3102 2626,3171 3043,3088 3053,2997 2527,3016 2385,2960 1976,3086 1775,3040 1118,3160"/>
                <Baseline points="1128,3219 1170,3225 1260,3219 1349,3207 1439,3201 1529,3189 1618,3183 1708,3171 1797,3165 1887,3159 1977,3147 2066,3135 2156,3129 2245,3117 2335,3105 2424,3093 2514,3087 2604,3082 2693,3076 2783,3064 2872,3052 2962,3040 3052,3046"/>
                <TextEquiv>
                    <Unicode>die wir schon so oft gewandelt waren.</Unicode>
                </TextEquiv>
            </TextLine>
            <TextLine id="tr_1_tl_24" custom="readingOrder {index:23;}">
                <Coords points="1128,3404 2837,3259 3115,3211 3120,3142 2626,3168 2444,3102 2200,3211 1992,3158 1652,3262 1142,3289"/>
                <Baseline points="1146,3392 1152,3386 1242,3380 1331,3368 1421,3356 1511,3344 1600,3338 1690,3332 1779,3320 1869,3314 1959,3303 2048,3297 2138,3285 2227,3273 2317,3267 2407,3255 2496,3243 2586,3243 2675,3231 2765,3225 2855,3213 2944,3201 3034,3195 3123,3183"/>
                <TextEquiv>
                    <Unicode>Auch die zandhäuser waren da,sonderbar</Unicode>
                </TextEquiv>
            </TextLine>
            <TextLine id="tr_1_tl_25" custom="readingOrder {index:24;}">
                <Coords points="2420,3337 2433,3337 2449,3353 2460,3345 2481,3361 2524,3345 2537,3331 2551,3342 2591,3318 2620,3321 2626,3273 2596,3270 2577,3278 2575,3270 2532,3291 2489,3246 2428,3254"/>
                <Baseline points="2436,3326 2448,3326 2538,3320 2628,3308"/>
                <TextEquiv>
                    <Unicode>dern</Unicode>
                </TextEquiv>
            </TextLine>
            <TextLine id="tr_1_tl_26" custom="readingOrder {index:25;}">
                <Coords points="1126,3543 2270,3433 2420,3489 2575,3404 2979,3404 2992,3273 2500,3361 2078,3329 1136,3422"/>
                <Baseline points="1140,3541 1200,3535 1290,3524 1379,3518 1469,3506 1558,3500 1648,3494 1738,3482 1827,3470 1917,3464 2006,3452 2096,3446 2186,3434 2275,3428 2365,3416 2454,3410 2544,3398 2634,3392 2723,3380 2813,3374 2902,3356 2992,3350"/>
                <TextEquiv>
                    <Unicode>zerstreut,aber alle Leute schliefen</Unicode>
                </TextEquiv>
            </TextLine>
            <TextLine id="tr_1_tl_27" custom="readingOrder {index:26;}">
                <Coords points="1110,3717 2877,3577 2890,3457 2305,3444 2158,3521 1810,3489 1521,3588 1471,3540 1123,3580"/>
                <Baseline points="1128,3697 1188,3697 1278,3691 1367,3679 1457,3667 1546,3655 1636,3643 1726,3631 1815,3625 1905,3619 1994,3607 2084,3601 2174,3589 2263,3589 2353,3577 2442,3571 2532,3559 2622,3547 2711,3535 2801,3529 2890,3524"/>
                <TextEquiv>
                    <Unicode>(darintIeh wusste auch dass dieser</Unicode>
                </TextEquiv>
            </TextLine>
            <TextLine id="tr_1_tl_28" custom="readingOrder {index:27;}">
                <Coords points="1147,3882 1225,3933 1441,3826 2307,3799 3029,3687 3115,3618 2698,3642 2572,3572 1583,3735 1163,3733"/>
                <Baseline points="1164,3858 1236,3852 1325,3840 1415,3828 1505,3816 1594,3804 1684,3792 1773,3786 1863,3774 1953,3768 2042,3756 2132,3756 2221,3745 2311,3739 2401,3733 2490,3721 2580,3709 2669,3703 2759,3691 2849,3685 2938,3673 3028,3667 3117,3655"/>
                <TextEquiv>
                    <Unicode>nächtliche Spaziergang schon zwischen</Unicode>
                </TextEquiv>
            </TextLine>
            <TextLine id="tr_1_tl_29" custom="readingOrder {index:28;}">
                <Coords points="1160,4080 1388,4104 1719,3971 1930,4013 2537,3888 2968,3890 2979,3765 2444,3746 1174,3941"/>
                <Baseline points="1182,4007 1188,4007 1278,4001 1367,3989 1457,3983 1546,3971 1636,3966 1726,3948 1815,3942 1905,3930 1994,3918 2084,3912 2174,3906 2263,3894 2353,3888 2442,3882 2532,3870 2622,3864 2711,3858 2801,3846 2890,3834 2980,3828"/>
                <TextEquiv>
                    <Unicode>uns verabredet war, aber wir gingen</Unicode>
                </TextEquiv>
            </TextLine>
        </TextRegion>
        <TextRegion id="tr_2" custom="readingOrder {index:1;}">
            <Coords points="4097,182 6612,182 6612,3814 4097,3814"/>
            <TextLine id="tr_2_tl_1" custom="readingOrder {index:0;}">
                <Coords points="5150,348 5225,342 5321,289 5401,291 5433,278 5470,291 5484,209 5438,203 5374,217 5323,166 5257,187 5182,171"/>
                <Baseline points="5178,286 5220,280 5309,256 5399,244 5489,232"/>
                <TextEquiv>
                    <Unicode>1-54</Unicode>
                </TextEquiv>
            </TextLine>
            <TextLine id="tr_2_tl_2" custom="readingOrder {index:1;}">
                <Coords points="4077,457 4128,463 4163,505 4257,513 4553,457 4684,521 4749,195 4529,182 4283,259 4126,211"/>
                <Baseline points="4097,436 4103,436 4192,441 4282,436 4372,424 4461,412 4551,382 4640,346 4730,316"/>
                <TextEquiv>
                    <Unicode>da in E.</Unicode>
                </TextEquiv>
            </TextLine>
            <TextLine id="tr_2_tl_3" custom="readingOrder {index:2;}">
                <Coords points="4735,385 4797,401 4858,447 4920,428 4954,449 5024,406 5115,388 5123,254 4997,262 4936,230 4818,273 4751,254"/>
                <Baseline points="4748,412 4766,412 4855,394 4945,388 5035,376 5124,370"/>
                <TextEquiv>
                    <Unicode>"F.</Unicode>
                </TextEquiv>
            </TextLine>
            <TextLine id="tr_2_tl_4" custom="readingOrder {index:3;}">
                <Coords points="4334,634 5029,532 5310,578 5716,463 6182,487 6203,302 5666,305 5377,417 5155,366 4920,468 4484,516 4353,473"/>
                <Baseline points="4354,609 4408,603 4497,591 4587,585 4676,573 4766,561 4855,549 4945,543 5035,531 5124,519 5214,507 5303,495 5393,483 5483,477 5572,465 5662,453 5751,447 5841,436 5931,424 6020,412 6110,406 6199,394"/>
                <TextEquiv>
                    <Unicode>nicht, sondern wir schwebten, wir flo¬</Unicode>
                </TextEquiv>
            </TextLine>
            <TextLine id="tr_2_tl_5" custom="readingOrder {index:4;}">
                <Coords points="4358,783 4834,778 5024,687 5642,620 5735,682 5981,588 6254,626 6331,607 6350,449 5799,479 5545,570 4380,607"/>
                <Baseline points="4372,770 4378,764 4467,752 4557,740 4646,728 4736,716 4826,710 4915,698 5005,686 5094,674 5184,662 5274,657 5363,645 5453,633 5542,627 5632,615 5722,603 5811,591 5901,579 5990,567 6080,561 6170,549 6259,537 6349,513"/>
                <TextEquiv>
                    <Unicode>gen über den Nebeln hin und ich dach —</Unicode>
                </TextEquiv>
            </TextLine>
            <TextLine id="tr_2_tl_6" custom="readingOrder {index:5;}">
                <Coords points="6005,658 6059,650 6083,668 6115,642 6128,644 6139,655 6158,647 6176,650 6179,607 6163,607 6152,596 6136,610 6115,604 6085,620 6067,602 6043,618 6008,610"/>
                <Baseline points="6020,645 6098,645 6187,633"/>
                <TextEquiv>
                    <Unicode>nur</Unicode>
                </TextEquiv>
            </TextLine>
            <TextLine id="tr_2_tl_7" custom="readingOrder {index:6;}">
                <Coords points="4345,933 4797,933 4971,848 5452,797 6083,797 6216,749 6227,666 5733,684 5642,631 5251,757 4364,794"/>
                <Baseline points="4366,907 4437,907 4527,901 4617,889 4706,878 4796,866 4885,854 4975,848 5065,836 5154,824 5244,812 5333,800 5423,788 5512,776 5602,770 5692,764 5781,752 5871,740 5960,728 6050,722 6140,710 6229,698"/>
                <TextEquiv>
                    <Unicode>te, dies also ist unsere Hochzeit. Es</Unicode>
                </TextEquiv>
            </TextLine>
            <TextLine id="tr_2_tl_8" custom="readingOrder {index:7;}">
                <Coords points="4382,1131 5053,989 5524,992 5711,909 6056,976 6168,936 6182,810 5631,802 5254,909 4404,952"/>
                <Baseline points="4408,1063 4479,1057 4569,1051 4658,1039 4748,1027 4838,1015 4927,1003 5017,997 5106,985 5196,967 5286,961 5375,949 5465,937 5554,925 5644,913 5733,907 5823,895 5913,889 6002,878 6092,872 6181,860"/>
                <TextEquiv>
                    <Unicode>kam wie eine Andacht über mich Ich</Unicode>
                </TextEquiv>
            </TextLine>
            <TextLine id="tr_2_tl_9" custom="readingOrder {index:8;}">
                <Coords points="4425,1227 4754,1265 5144,1131 5620,1136 5735,1075 6003,1126 6198,1053 6211,933 5984,984 5647,922 5326,1056 4436,1112"/>
                <Baseline points="4443,1206 4509,1206 4599,1194 4688,1188 4778,1170 4867,1164 4957,1152 5047,1146 5136,1134 5226,1122 5315,1116 5405,1104 5495,1087 5584,1081 5674,1069 5763,1057 5853,1051 5943,1039 6032,1033 6122,1021 6211,1015"/>
                <TextEquiv>
                    <Unicode>(lehnte meine Wange andeine Wange),</Unicode>
                </TextEquiv>
            </TextLine>
            <TextLine id="tr_2_tl_10" custom="readingOrder {index:9;}">
                <Coords points="6134,1096 6168,1104 6182,1096 6182,1102 6198,1088 6243,1094 6257,1083 6273,1086 6294,1070 6315,1070 6321,1040 6291,1032 6270,1040 6257,1032 6249,1040 6243,1032 6233,1032 6190,1053 6168,1051 6166,1045 6155,1053 6142,1051"/>
                <Baseline points="6152,1081 6235,1075 6325,1057"/>
                <TextEquiv>
                    <Unicode>ein</Unicode>
                </TextEquiv>
            </TextLine>
            <TextLine id="tr_2_tl_11" custom="readingOrder {index:10;}">
                <Coords points="4417,1428 4941,1404 5291,1265 6393,1211 6412,1048 4430,1291"/>
                <Baseline points="4437,1367 4527,1355 4617,1349 4706,1337 4796,1331 4885,1314 4975,1308 5065,1296 5154,1284 5244,1272 5333,1260 5423,1248 5512,1242 5602,1230 5692,1224 5781,1212 5871,1200 5960,1194 6050,1182 6140,1170 6229,1158 6319,1152 6408,1146"/>
                <TextEquiv>
                    <Unicode>wir flogen nicht mehr, wir gingen einen</Unicode>
                </TextEquiv>
            </TextLine>
            <TextLine id="tr_2_tl_12" custom="readingOrder {index:11;}">
                <Coords points="5794,1422 6019,1409 6115,1350 6208,1332 6262,1369 6358,1353 6374,1206 6144,1214 6024,1270 5952,1265 5896,1222 5813,1246"/>
                <Baseline points="5817,1363 5829,1355 5919,1349 6012,1345 6012,1345 6104,1331 6193,1320 6283,1308 6373,1302"/>
                <TextEquiv>
                    <Unicode>abethhöhe</Unicode>
                </TextEquiv>
            </TextLine>
            <TextLine id="tr_2_tl_13" custom="readingOrder {index:12;}">
                <Coords points="4428,1553 4655,1567 5013,1452 5492,1438 5703,1393 5714,1307 5444,1289 5088,1393 4444,1433"/>
                <Baseline points="4449,1517 4539,1511 4628,1499 4718,1487 4808,1481 4897,1463 4987,1457 5076,1439 5166,1433 5256,1421 5345,1409 5435,1403 5524,1397 5614,1379 5710,1395"/>
                <TextEquiv>
                    <Unicode>Waldweg,es war der zur E</Unicode>
                </TextEquiv>
            </TextLine>
            <TextLine id="tr_2_tl_14" custom="readingOrder {index:13;}">
                <Coords points="4770,1548 5251,1519 5345,1471 5700,1436 5706,1382 4775,1503"/>
                <Baseline points="4784,1541 4814,1541 4903,1529 4993,1511 5082,1499 5172,1493 5262,1481 5351,1469 5441,1457 5530,1445 5620,1433 5710,1395"/>
                <TextEquiv>
                    <Unicode>den die gewiss noch in hänge</Unicode>
                </TextEquiv>
            </TextLine>
            <TextLine id="tr_2_tl_15" custom="readingOrder {index:14;}">
                <Coords points="4425,1690 4751,1735 5144,1594 6326,1521 6339,1393 4441,1564"/>
                <Baseline points="4443,1666 4455,1660 4545,1660 4634,1654 4724,1636 4814,1630 4903,1618 4993,1612 5082,1600 5172,1588 5262,1576 5351,1564 5441,1558 5530,1546 5620,1535 5710,1523 5799,1517 5889,1505 5978,1499 6068,1487 6158,1475 6247,1469 6337,1457"/>
                <TextEquiv>
                    <Unicode>(den wir, wie du dich erinnerst, einige</Unicode>
                </TextEquiv>
            </TextLine>
            <TextLine id="tr_2_tl_16" custom="readingOrder {index:15;}">
                <Coords points="4454,1850 6593,1628 6607,1511 6347,1487 5981,1594 5765,1521 4754,1738 4471,1722"/>
                <Baseline points="4473,1827 4545,1821 4634,1815 4724,1797 4814,1785 4903,1779 4993,1767 5082,1756 5172,1744 5262,1732 5351,1726 5441,1714 5530,1702 5620,1684 5710,1678 5799,1672 5889,1654 5978,1654 6068,1642 6158,1630 6247,1618 6337,1612 6426,1600 6516,1594 6606,1594"/>
                <TextEquiv>
                    <Unicode>Mal gewandelt waren Dannaren wir innerhalb</Unicode>
                </TextEquiv>
            </TextLine>
            <TextLine id="tr_2_tl_17" custom="readingOrder {index:16;}">
                <Coords points="4487,1992 5027,1995 5203,1901 5805,1890 5992,1805 6356,1856 6372,1706 5593,1719 5251,1834 4741,1834 4495,1914"/>
                <Baseline points="4503,1971 4581,1965 4670,1953 4760,1941 4849,1935 4939,1923 5029,1911 5118,1905 5208,1893 5297,1881 5387,1869 5477,1863 5566,1851 5656,1839 5745,1827 5835,1815 5925,1809 6014,1803 6104,1797 6193,1785 6283,1767 6373,1756"/>
                <TextEquiv>
                    <Unicode>einer fast viereckigen Lichtung,sehr</Unicode>
                </TextEquiv>
            </TextLine>
            <TextLine id="tr_2_tl_18" custom="readingOrder {index:17;}">
                <Coords points="4484,2217 5163,2136 5577,2011 6358,1957 6369,1845 4508,2008"/>
                <Baseline points="4509,2126 4575,2120 4664,2108 4754,2102 4844,2090 4933,2078 5023,2066 5112,2060 5202,2048 5291,2036 5381,2030 5471,2018 5560,2006 5650,1988 5739,1977 5829,1971 5919,1965 6008,1953 6098,1947 6187,1935 6277,1923 6367,1917"/>
                <TextEquiv>
                    <Unicode>hoch im Gebirge. Auf drei Seiten war</Unicode>
                </TextEquiv>
            </TextLine>
            <TextLine id="tr_2_tl_19" custom="readingOrder {index:18;}">
                <Coords points="4500,2315 4807,2323 5102,2217 5543,2217 5973,2110 6446,2112 6465,1946 5692,1997 5008,2163 4516,2166"/>
                <Baseline points="4521,2275 4581,2269 4670,2263 4760,2251 4849,2239 4939,2233 5029,2221 5118,2209 5208,2204 5297,2186 5387,2180 5477,2168 5566,2156 5656,2150 5745,2138 5835,2120 5925,2114 6014,2102 6104,2096 6193,2090 6283,2078 6373,2060 6462,2060"/>
                <TextEquiv>
                    <Unicode>sie von Wald umfriedet, rückwärts aber</Unicode>
                </TextEquiv>
            </TextLine>
            <TextLine id="tr_2_tl_20" custom="readingOrder {index:19;}">
                <Coords points="4527,2452 6417,2265 6436,2110 5417,2179 4540,2337"/>
                <Baseline points="4545,2430 4551,2430 4640,2419 4730,2413 4820,2401 4909,2389 4999,2377 5088,2359 5178,2353 5268,2341 5357,2329 5447,2317 5536,2311 5626,2305 5716,2299 5805,2281 5895,2275 5984,2263 6074,2251 6164,2239 6253,2233 6343,2221 6432,2209"/>
                <TextEquiv>
                    <Unicode>stieg eine grosse blaut eine Felswand</Unicode>
                </TextEquiv>
            </TextLine>
            <TextLine id="tr_2_tl_21" custom="readingOrder {index:20;}">
                <Coords points="4551,2607 4861,2626 5126,2521 6441,2412 6470,2310 6021,2307 5481,2433 5425,2390 4564,2500"/>
                <Baseline points="4569,2580 4587,2580 4676,2568 4766,2562 4855,2550 4945,2544 5035,2526 5124,2514 5214,2508 5303,2496 5393,2484 5483,2472 5572,2466 5662,2454 5751,2442 5841,2430 5931,2419 6020,2413 6110,2401 6199,2395 6289,2377 6379,2371 6468,2365"/>
                <TextEquiv>
                    <Unicode>in die Höhe. Ueber.uns war ein Stenen¬</Unicode>
                </TextEquiv>
            </TextLine>
            <TextLine id="tr_2_tl_22" custom="readingOrder {index:21;}">
                <Coords points="5093,2441 5184,2446 5291,2422 5334,2441 5430,2390 5462,2420 5503,2422 5577,2401 5583,2353 5465,2318 5430,2345 5377,2337 5297,2372 5104,2358"/>
                <Baseline points="5112,2430 5142,2430 5232,2419 5321,2401 5411,2395 5501,2377 5590,2371"/>
                <TextEquiv>
                    <Unicode>- Oblà une Xie</Unicode>
                </TextEquiv>
            </TextLine>
            <TextLine id="tr_2_tl_23" custom="readingOrder {index:22;}">
                <Coords points="6150,2476 6171,2471 6187,2484 6227,2465 6243,2471 6270,2455 6299,2460 6315,2449 6321,2457 6345,2446 6380,2457 6382,2404 6347,2414 6329,2404 6291,2417 6281,2406 6230,2433 6184,2401 6155,2396"/>
                <Baseline points="6164,2454 6205,2454 6295,2448 6385,2442"/>
                <TextEquiv>
                    <Unicode>=  -</Unicode>
                </TextEquiv>
            </TextLine>
            <TextLine id="tr_2_tl_24" custom="readingOrder {index:23;}">
                <Coords points="4561,2770 6241,2537 6481,2567 6495,2457 5585,2487 5278,2586 4577,2647"/>
                <Baseline points="4581,2735 4611,2735 4700,2723 4790,2711 4879,2699 4969,2687 5059,2681 5148,2669 5238,2657 5327,2645 5417,2634 5507,2628 5596,2616 5686,2604 5775,2592 5865,2580 5954,2568 6044,2562 6134,2550 6223,2538 6313,2532 6402,2514 6492,2502"/>
                <TextEquiv>
                    <Unicode>himmel, wie ich ihn (in Wahrheit) nie ge</Unicode>
                </TextEquiv>
            </TextLine>
            <TextLine id="tr_2_tl_25" custom="readingOrder {index:24;}">
                <Coords points="5839,2663 5949,2668 5992,2639 6142,2639 6216,2610 6342,2628 6393,2612 6404,2537 6238,2537 6150,2572 6075,2564 5938,2626 5847,2615"/>
                <Baseline points="5853,2663 5865,2663 5954,2645 6044,2634 6134,2622 6223,2604 6313,2598 6402,2592"/>
                <TextEquiv>
                    <Unicode>in - die Nüsse</Unicode>
                </TextEquiv>
            </TextLine>
            <TextLine id="tr_2_tl_26" custom="readingOrder {index:25;}">
                <Coords points="4575,2912 4660,2957 4920,2850 6211,2727 6361,2703 6369,2626 5864,2671 5754,2604 5364,2746 4594,2759"/>
                <Baseline points="4593,2884 4664,2878 4754,2866 4844,2861 4933,2843 5023,2837 5112,2825 5202,2819 5291,2807 5381,2795 5471,2789 5560,2777 5650,2759 5739,2753 5829,2741 5919,2723 6008,2717 6098,2711 6187,2699 6277,2687 6367,2681"/>
                <TextEquiv>
                    <Unicode>sehen. Und ich wusste,er überdeckte</Unicode>
                </TextEquiv>
            </TextLine>
            <TextLine id="tr_2_tl_27" custom="readingOrder {index:26;}">
                <Coords points="5778,2842 5976,2797 6048,2813 6222,2759 6278,2781 6329,2767 6380,2794 6390,2709 6251,2700 6195,2741 6101,2719 5987,2759 5866,2746 5789,2767"/>
                <Baseline points="5799,2819 5853,2813 5943,2801 6032,2789 6122,2777 6211,2759 6301,2753 6391,2753"/>
                <TextEquiv>
                    <Unicode>that went in &amp; a</Unicode>
                </TextEquiv>
            </TextLine>
            <TextLine id="tr_2_tl_28" custom="readingOrder {index:27;}">
                <Coords points="4594,3053 4949,3088 5278,2965 5687,2976 5936,2893 6374,2930 6390,2799 5807,2837 5733,2765 5075,2936 4607,2944"/>
                <Baseline points="4611,3040 4688,3034 4778,3022 4867,3010 4957,3004 5047,2992 5136,2980 5226,2968 5315,2962 5405,2950 5495,2938 5584,2926 5674,2920 5763,2908 5853,2896 5943,2884 6032,2878 6122,2866 6211,2855 6301,2849 6391,2843"/>
                <TextEquiv>
                    <Unicode>unser Brautgemach Du liebtest mich</Unicode>
                </TextEquiv>
            </TextLine>
            <TextLine id="tr_2_tl_29" custom="readingOrder {index:28;}">
                <Coords points="4765,2936 4797,2952 4882,2941 4909,2952 4936,2933 4981,2938 5005,2928 5059,2938 5069,2842 5035,2853 5021,2842 4949,2872 4920,2850 4880,2877 4770,2896"/>
                <Baseline points="4778,2938 4796,2938 4885,2938 4975,2920 5065,2914"/>
                <TextEquiv>
                    <Unicode>riones.</Unicode>
                </TextEquiv>
            </TextLine>
            <TextLine id="tr_2_tl_30" custom="readingOrder {index:29;}">
                <Coords points="5225,3158 5275,3166 5484,3088 5543,3086 5580,3118 5674,3083 5754,3126 5866,3131 5901,2901 5684,2976 5479,2946 5406,2984 5251,2968"/>
                <Baseline points="5244,3111 5262,3111 5351,3099 5441,3087 5530,3076 5620,3064 5710,3046 5799,3034 5889,3022"/>
                <TextEquiv>
                    <Unicode>soit in d</Unicode>
                </TextEquiv>
            </TextLine>
            <TextLine id="tr_2_tl_31" custom="readingOrder {index:30;}">
                <Coords points="4936,3358 6364,3144 6452,3187 6545,3168 6561,3048 6337,3032 5839,3128 5537,3088 5361,3200 4952,3217"/>
                <Baseline points="4957,3314 5035,3303 5124,3291 5214,3285 5303,3273 5393,3267 5483,3249 5572,3237 5662,3219 5751,3213 5841,3207 5931,3195 6020,3183 6110,3177 6199,3165 6289,3159 6379,3141 6468,3135 6558,3135"/>
                <TextEquiv>
                    <Unicode>„Und du mich?“ fragte -ridolin</Unicode>
                </TextEquiv>
            </TextLine>
            <TextLine id="tr_2_tl_32" custom="readingOrder {index:31;}">
                <Coords points="4604,3291 4762,3227 4783,3246 4810,3241 4818,3251 4874,3225 4909,3230 4925,3077 4882,3088 4864,3072 4821,3086 4781,3056 4738,3061 4711,3080 4671,3069 4623,3075"/>
                <Baseline points="4628,3201 4652,3195 4742,3183 4832,3177 4921,3171"/>
                <TextEquiv>
                    <Unicode>sehr.“</Unicode>
                </TextEquiv>
            </TextLine>
            <TextLine id="tr_2_tl_33" custom="readingOrder {index:32;}">
                <Coords points="5666,3302 5970,3291 6166,3380 6270,3377 6318,3340 6417,3361 6601,3305 6612,3142 6452,3190 6364,3144 6171,3206 6045,3192 5668,3257"/>
                <Baseline points="5680,3291 5716,3297 5805,3291 5895,3285 5984,3285 6074,3279 6164,3273 6253,3267 6343,3261 6432,3249 6522,3243 6612,3255"/>
                <TextEquiv>
                    <Unicode>my ciner vous le cœur</Unicode>
                </TextEquiv>
            </TextLine>
            <TextLine id="tr_2_tl_34" custom="readingOrder {index:33;}">
                <Coords points="4604,3559 5104,3537 5267,3438 5412,3420 5706,3436 6000,3380 6011,3297 5430,3262 5192,3382 4960,3374 4767,3436 4631,3361"/>
                <Baseline points="4628,3506 4670,3500 4760,3494 4849,3482 4939,3470 5029,3464 5118,3452 5208,3440 5297,3428 5387,3416 5477,3404 5566,3386 5656,3374 5745,3362 5835,3350 5925,3344 6014,3338"/>
                <TextEquiv>
                    <Unicode>(fast mit Baugen?"</Unicode>
                </TextEquiv>
            </TextLine>
            <TextLine id="tr_2_tl_35" custom="readingOrder {index:34;}">
                <Coords points="4954,3658 5118,3711 5425,3577 5831,3580 6093,3497 6366,3543 6545,3492 6559,3374 6008,3366 5567,3425 5281,3532 4971,3524"/>
                <Baseline points="4975,3613 5035,3613 5124,3607 5214,3595 5303,3583 5393,3571 5483,3559 5572,3553 5662,3541 5751,3529 5841,3524 5931,3512 6020,3500 6110,3494 6199,3488 6289,3476 6379,3470 6468,3452 6558,3446"/>
                <TextEquiv>
                    <Unicode>„Noch viel mehr“,erwiderte sie</Unicode>
                </TextEquiv>
            </TextLine>
            <TextLine id="tr_2_tl_36" custom="readingOrder {index:35;}">
                <Coords points="5283,3818 5457,3850 5719,3802 5791,3842 6147,3789 6275,3805 6278,3676 6150,3634 6083,3668 6027,3644 5818,3714 5730,3671 5420,3690 5286,3636"/>
                <Baseline points="5297,3804 5387,3804 5477,3804 5566,3804 5656,3798 5745,3804 5835,3798 5925,3792 6014,3792 6104,3792 6193,3786 6283,3786"/>
                <TextEquiv>
                    <Unicode>wie ich da auf der</Unicode>
                </TextEquiv>
            </TextLine>
        </TextRegion>
    </Page>
</PcGts>
