3320 4008
890 499 2704 590 Die Eltern und das Kind bei Tische.
895 644 2600 745 Die Kleine liest ein Märchen vor.
888 791 2195 916 Du sollst schlafen gehen.
888 936 2869 1099 Ja, wenn die Prinzen wie im Märchen wä¬
890 1132 1122 1203 ren.
888 1254 2134 1351 Anspielungen im Märchen.
885 1394 2099 1493 Das Kind geht schlafen.
895 1549 2139 1651 Erinnerungen der Eltern.
888 1699 2707 1796 Erinnerst du dich, wie du am Fenster
2869 1801 3042 1921 &c.6
885 1839 2836 1964 standest? Sie wenn auch in der geschüge 18.25.
898 1999 2887 2101 Ich glaube, wenn du Mut gehabt hättest -
898 2162 2946 2246 Welch ein Friede. Märztage, erste Veilchen
895 2300 2818 2414 Nun tönt die Glocke. Der Arzt wird ge¬
2266 2437 2714 2567 Sie erfernst
1175 2457 1742 2564 in the
885 2470 1160 2577 holt.
1938 2536 2768 2628 Ob der der Stücke Cap.
890 2620 1900 2727 Er geht ungern weg.
888 2765 2915 2864 Sonderbar. Wie im Geheimnisse. Er findet
898 2946 2821 3035 den vranken schon tot.Erst heute Mor¬
903 3068 2938 3185 gens hat er ihn zum letzten Mal gesehen.
885 3215 2193 3315 Es ist nicht erstaunlich.
888 3401 2770 3477 Die Tochter allein bei dem Toten. Sie
890 3528 2902 3622 ist verlobt. Tröstende Worte des Arztes.
