6504 4328
3362 443 3731 649 5/10 22
2642 583 2985 794 31 41
5528 598 5716 764 ihr
4059 692 6100 911 Erregung; eker flösste ihm das trocke-
942 672 2835 954 tot. Er hielt Marianne in den Armen,
1206 878 1886 982 niffert enfer¬
4115 873 5999 1033 ne Haar, der süsslich-fade Geruch ih¬
929 906 2873 1110 aber etwas ferne von sich und drückte
2690 1026 2899 1133 selht
4120 1008 6047 1209 res ungelüfteten kleides einen leich¬
929 1061 2901 1237 einen Kuss auf ihre Stirn,was ihm ziem
4115 1130 6016 1405 ten Widerwillen ein. Nun ertonte die
929 1186 2817 1405 lich lächerlich(und geschmacklos)er-
4123 1323 5968 1527 Glocke draussen; er fühlte sich wie
924 1341 2871 1540 schien. Was hielt ihn nur ab sie faa-
4123 1514 6016 1647 erlöst,küsste Mariannens Hand wie in
934 1522 2883 1682 ter an sich zu zielen und auf die Lip-
4123 1606 6004 1827 Dankbarkeit,entseg sich ihr und ging
942 1682 2861 1868 pen zu küssen? Die Nähe des Toten war
4123 1787 5981 1975 selbetöffnen. Es war Dr.Rödiger, der
916 1858 2718 2013 es nicht. Flüchtig erinnerte a sich
4123 1929 6070 2102 in der Türe stand, im grauen Ueberzie-
911 2008 2871 2171 eines Romans, den er vor vielen Jahren
4123 2069 6100 2273 her mit Ueberschuhen,einen Regenschirm
911 2123 2883 2313 glesen, in dem ein ganz junger Mensch,
4133 2227 6014 2438 in der Hand, mit einem den Umständen
924 2257 2868 2484 ein Knabe fast,am rotenbett der
5497 2349 5833 2453 & auntonel
4337 2385 4805 2479 memnem
1537 2433 1779 2512 ihrer
2744 2392 3105 2527 appollen.
4118 2408 6052 2560 angepæssten,ernsten Gesicht. Die bei
924 2428 2965 2614 Mutter von deren Freundin verführt
1280 2558 2614 2685 den selber bezahlen ihre
4123 2535 5963 2731 den Manner dickten einander zu, ver¬
310 2560 858 2744 vorgen läste
916 2601 2774 2782 wird. Und er spürte zugleich eine (ge-
1932 2718 2166 2825 Iken
4148 2688 5976 2866 trauter als ihren tatsächlichen Be-
916 2746 2876 2952 wisse Ritterkeit in sich aufsteign ge-
5240 2817 5856 2922 nur lautile.
4128 2853 5960 3029 ziehungen entsprach [Während] Rödiger
898 2891 2894 3105 gen seine Gattin und einen plötzlichen
4225 2934 6055 3087 florben in Märk, die kurze zum Werti¬
4131 3046 6016 3191 sich seiner Ueberkleider entledigte,
751 3016 2794 3270 ungezügelt Hass gegen den Herrn aus
4118 3179 6093 3357 und den Regenschir### in die Ecke stell-
898 3222 2784 3446 Dähemark mit der gelben Reisetasche,
4131 3301 6083 3489 te,berichtete Fridolin, dass er leider
898 3352 2855 3558 dessen Geliebte sie so gerne geworden
5095 3400 6314 3553 dessen aber keinen wäre soll sehr kurz
4108 3479 6093 3639 zu spät gekommen sei und dass er Fräu-
898 3494 2654 3690 wäre.Und er zog Marianne, die noch
4120 3624 6083 3795 lein Marianna ziemlich gefasst gefun-
893 3670 2805 3810 immer segluchzte,fester an sich.Aber
4474 3746 4907 3858 dui hab
4133 3815 6077 3998 den.) Beide traten ins Zimmer,Marianne
893 3800 2812 4059 er verspürte nicht die geringste Ex-
