6360 4232
5566 370 5762 513 16
3443 432 5909 700 o leer und unbenützt ausgesehen, hatte wie al¬
4686 634 5258 782 gensche ausde
3505 647 4503 778 Kind u Huder wohnblick
3492 719 5778 896 le andern, eine Gestalt erblickte. An eine r
3479 834 5883 1050 Badehütte sage ich, denn um die Hätte, die auf
3486 1007 5811 1203 wasserumspülten Pfählen in den Strand gebaut
3463 1115 5762 1373 war, lief ganz schmal eine Art von Terrasse,
4356 1285 6121 1521 im Benützung eingarichtet war.
3515 1347 4222 1488 die keineswegs
3515 1449 4336 1557 er nulle,
3469 1449 6105 1674 Eigentlich ein schmalen Buett ohne Celänder
5490 1573 5840 1691 schön
3466 1589 5713 1785 End eben als ich so nahe war, dass ich sein
4480 1730 5346 1864 des ei preischlagen
3492 1782 5716 1969 nächsten Schritt in meiner Richtung weiter
4983 1893 5189 1982 Amser
3074 1887 4421 2080 Ich in dem siebsten Scheets die Hülle
3492 1962 5572 2155 wandernd) aue xxxx aus jem/Blick hätte
3492 2096 5660 2286 verlieren müssen. kam um die eine Ecke der
4997 2184 5762 2296 die den Meil
3754 2217 4611 2338 des deux féviter
5235 2260 5700 2417 Das Meen
4928 2273 5252 2381 T
3594 2191 4941 2430 (itte von der) Seite her, die
4928 2328 5252 2439 ain
3675 2361 4150 2492 12 piaudt
3492 2377 5687 2567 hin gewandt mir bisher unsichtbar gewesen
4889 2511 5118 2593 Natur
4016 2531 4349 2636 a leur
3473 2583 5974 2770 war, jene menschliche Gestalt geschwebt. Sehr vor
3492 2688 5899 2910 sichtig, um nicht von der schmalen Terrasse in
3522 2861 5932 3035 das seichte Wasser zu fallen oder in den Sand,
3489 2995 5886 3214 einen Fuss seitlich neben den andern setzend,
3492 3142 5964 3319 die Arme nach rückwärts an die Wand gespreitet.
3499 3329 5840 3525 Es war ein ganz junges, vielleicht fünfzehn -
3509 3499 5942 3659 jähriges Mädchen mit aufgelösten blinden Haar,
3509 3590 5964 3872 das über die Schultern und auf der einen Seite
