6744 4440
2622 576 2812 746 105
871 710 2870 972 Und eben entdeckte er unter den Tanzen
877 921 2750 1183 einen, der auch nur eine so armselige
2038 1041 2962 1161 Seiten berüber. -
885 1116 2876 1342 Kutte trug wie er. Sehon war er bereit
894 1225 2764 1428 das Wesen in die Arme zu schliessen,
1793 1353 2564 1478 den eben in den
944 1411 1269 1503 dans
894 1448 2800 1628 als einen der Paare „lie im Mittel -
1152 1545 1673 1656 gebeugt va
913 1551 2820 1765 raum tanzten, voneinander wich und die
1935 1665 2255 1790 Dublin
713 1709 1378 1848 & it lost in
908 1709 2795 1960 Frau geradenwegs zu ihm lief. Er er-
902 1851 2878 2040 kannte sie. Es war seine Warnerin von
924 1971 3020 2255 früher.Sie tat als erblickte sie ihn zum
933 2160 3015 2338 ersten Mal und flüsterte, aber so vernehr
944 2266 3182 2505 lich, dass man sie von der anderen Seite d
927 2458 2903 2639 hören musste: „Bist du endlieh zurüek?
933 2622 3015 2806 Es ist alles vergeblich,du bist erkannt;
1623 2756 2113 2864 in vorlicher
944 2750 2993 2951 Und zu der Zierlichen gewandt: „Lass ihn
958 2951 3023 3118 mir nur für eine Minute, dann sollst du -
952 3043 2970 3271 ihn für die ganze Nacht haben."Und lei-
969 3215 2898 3505 sor zu ihr: „Er ist es, ja er!“ Die An
969 3379 2956 3661 dere erstaunt: „Wirklich?“ und schwebte
966 3633 1364 3828 davon.
1292 3624 2784 3945 „Frage nicht“, sprach nun die
972 3836 3034 4070 Zurüekbleibende zu Fridolin, und wundere
5988 328 6358 618 106
4298 526 6277 774 dich über nichts. Versuche sie irre zu
4950 704 5189 805 id is
4298 718 6358 899 führen, aber auf die Dauer kann es nicht
4293 841 6358 1105 gelingen vielleicht ist es sehon jetzt
3652 938 4153 1152 Geb. et 4 m
5309 994 5615 1105 cette
4293 1036 6305 1239 zu spät, aber ich (beschwöre dich:Flieh,
3616 1108 4184 1253 spel is, in
4304 1200 6380 1395 flieh, flieh! Ein Einziger ist einmal in
3530 1194 4201 1392 et très-ci je suis
3577 1347 4050 1525 Cugulleil de
4312 1353 6163 1548 unserem Kreis ungeladen erschienen,
3608 1470 4078 1687 métier.
4312 1464 6361 1704 frag nicht,wie sein Ende war.“ Fridolin
4304 1681 6224 1871 war wie trunken,nicht nur von ihr,ih-
4312 1807 6308 2013 rem duftenden Leib und ihrem Iutroten
4304 1946 6275 2135 Mund, nicht nur von der Atmosphäre die¬
4298 2102 6333 2308 ses Raums, den wollüstigen Geheimnissen,
3711 2199 4114 2486 späte.
4304 2263 6308 2419 die ihn hier umgaben, er war (in diesen
4897 2388 6311 2483 beraicht/ den Erlehnen die heute
4304 2402 6322 2617 Augenblick trunken von allem,was er in
4485 2553 5790 2631 derer keine einer EheMonschaft
4304 2600 6383 2753 dieser Nacht erlebt, von all den Abenten-
5718 2675 5977 2778 die
4318 2700 6391 2876 ern, in die er geraten war,s-te mussten zu
4724 2817 6366 2954 Neipke, a porté dans ici volle
4304 2878 6110 3096 Ende gelebt sein und er sagte: Ich
4485 3009 4805 3118 mind.
4318 3020 6113 3265 gehe von hier, wenn auch du mit mir
4312 3179 6130 3413 gehst. - „Ich kann nicht, ich darf
4318 3318 6233 3541 nicht".- „Wenn du nicht sagst, dass du
4320 3480 6319 3649 nieht willst, so gibts kein Nichtkönnen
4312 3585 6422 3858 und kein Nichtdürfen. Eine Gefangene bist
4309 3797 6222 3992 du nicht. Komme mit mir."-Weisst du
