6984 4440
6300 179 6492 348 nt
6350 318 6575 517 162
4909 351 5747 639 Uw E. E.
3677 437 4114 706 1/3.1923.
2637 556 2898 719 161
4283 570 6357 848 Er entfaltete ein (weisses) Blatt, auf dem
2624 699 2855 855 146
1335 653 2491 884 Ligté et ébouvelle,
4286 785 6350 990 Folgendes zu leen stand: Geben sie Ihre
931 871 2968 1017 da war sollte er für alle Fälle an der
5336 914 5777 1040 & she
4273 884 6396 1143 Nachforschungen auf und nehmen Sie diese
947 1014 2842 1176 Glocke ziehen. Und wenn man ihm auf
4359 1063 6420 1345 Worte als zweite an Warnung, die wir an Sie
954 1120 3091 1365 schloss, was sollte er sagen? Nun, das war
3902 1209 4283 1371 - et a bel
5257 1239 5572 1338 n. 1st.
4386 1189 6502 1448 ergehen lassen. v/Dieser Brief war in ei-
967 1312 3087 1527 ja ganz einfach: Ob das hübsche Landhaus
3849 1338 4243 1477 Herrn
4339 1385 6546 1620 ner etwas unbeholfenen, aber auscheinand
5035 1404 5482 1520 [illegible]
3912 1454 4227 1577 bebre wt.
901 1431 2991 1663 nicht über den Sommer zu vermieten sei?
3905 1527 4214 1653 in them
2809 1567 3087 1683 nebr
4402 1520 6549 1762 unverstellten Schrift geschrieben —.Jedes-
884 1640 3140 1795 Doch schon tat sich das Haustor von selber
3968 1610 4253 1795 by.
4306 1696 6516 1911 falls war es eine andere Botschaft, als
5548 1822 6496 1951 in ungleit gevalle hätte.......
961 1746 2991 1944 auf, ein sehr alter Diener in Livréelge-
4399 1878 6426 2117 Fridolin mörichterweise erwartet hatte.-
3753 1828 4276 2064 + ah with it
911 1915 3084 2097 wiss keiner von denen, die er heute Nachts
4942 1997 5436 2127 tend duat
3717 1991 4677 2160 sdan Notschaft an¬
3862 2017 6529 2259 Immerhin, sie deutete darauf hin, dass die
971 2050 3091 2246 gesehen trat heraus, ging langsam bis zur
4369 2146 6492 2431 Leute,die sie gesandt, sich vor Entdeckung
1401 2213 1762 2315 ant to  ƒ
931 2233 3150 2412 Gartentür.Er hielt einen brief in der Hand
4419 2282 6695 2521 keineswegs sicher fühlten. Zweite-Warnung -
4465 2421 6420 2587 Aug; - in der nächst mehr die sechs - die wegen
937 2362 3206 2557 und überreichte ihn stuim durch die Gitter
4091 2508 6466 2693 Warum. zweite und nicht letzte? Und sähe
1819 2511 2385 2620 I see Sir
6082 2577 6413 2657 was
974 2527 2991 2749 stäbe Fridolin, der baag erstaunte s.Ist
4969 2620 5724 2733 En vais.
4382 2604 6536 2816 Namen kannten sie offenbar nicht; die Par¬
2577 2653 2895 2769 arbei
3799 2640 4207 2822 Wok in
977 2676 3004 2942 der Brief für mich?“ fragte er. Der Die
5847 2743 6006 2836 Actum 25.
4926 2763 5432 2892 voei. 5.
3849 2753 4266 2905 Town – I.
4402 2730 6529 2968 tie war noch nicht verloren) Es kam darauf
2594 2816 2859 2938 ful x
3806 2865 4250 3024 I is instead
931 2842 2988 3018 ner nickte, ging und das Haustor schloss
4452 2932 6489 3187 an mit Vorsicht und Schlauheit zu Werke
3829 2961 4263 3120 der Sohn.
918 2998 3038 3200 sich wieder hinter ihm. Was bedeutet das,
3836 3054 4293 3206 Money in
4392 3054 6492 3346 zugehen (Vielleicht. war es das Beste die
3846 3167 4303 3362 in arrere
971 3173 3064 3322 fragte sich pridolin (Eine törichte Hoff-
2339 3266 2925 3379 - n'ellnt nous
4422 3226 6536 3491 Leute vorläufig in sicherheit zu wiegen,
924 3309 3034 3505 nung floss durch sein Herz) Rasch ging er
4041 3319 4346 3488 nimistr V
4392 3389 6552 3584 um dann die Nachforschungen mit umso gros
918 3478 3147 3647 wieder die Strasse nach aufwärts und öffne
1762 3571 2981 3710 mit den erthe geschrieben wurde
4452 3491 6552 3740 seren Aussichten aufnehmen zu können. In
984 3657 3048 3806 te das Couvert erst, als er wider an der
4571 3680 5750 3806 (Hütte) riecle. Idem. Stelle der
4478 3667 6572 3922 diesem Augenblick blieb keineswegs etwas
918 3793 1534 3998 Beke stand.
