3464 4072
741 344 2896 619 Valiahte. Sie erzählt sofort ihren Traum, wie
732 560 2222 785 or morgens na ch Hause kommt.
735 688 2863 926 Er ohne etwas zu erzählen Tag der Nachfor
746 924 1237 1071 schungen.
754 1029 1864 1218 Sein Nachhausekommen.
779 1123 3015 1376 sein Bedürfnis ihr die Abenteuer der vergan-
785 1268 2799 1551 genen Nacht zu erzählen auch als Traum.
785 1440 2480 1661 Nun kommt das Kind mit der Larve.
821 1620 2946 1842 (Sein Zorn, dass sich alles in nichts auf¬
802 1842 1107 2028 löst).
