6520 4392
2516 526 2689 693 57
824 655 2689 871 Unwillkürlich wandte er sich um. „Wo-
805 818 2673 1044 her kennst du mich?“ fragte er. „Ich
812 1006 2773 1178 kann Ihnen nicht, „sagte sie,“ aber in
821 1156 2535 1357 dem Bezirk sind ja alle Doktors.
812 1316 2761 1517 Seit seiner Gymnasiastenzeit hatte er
805 1467 2661 1658 sich mit einem Frauenzimmer dieser
849 1570 1034 1705 cul
812 1611 2570 1808 Zeit nicht eingelassen. Geriet er
2237 1714 2485 1824 all
812 1745 2742 1959 plötzlich in seine Knabenzeit zurück,
1275 1874 1548 1981 Sanny
805 1924 2701 2147 dass die ihn reizte? Er xxx erinner
824 2100 2648 2288 te sich eines flüchtigen Bekannten,
809 2234 2755 2444 mit dem er als Student nach einemBall
815 2416 2701 2582 in einem Nachtlokal gesassen war, ei-
805 2576 2623 2748 nes eleganten jungen Manns, dem man
1128 2648 1548 2764 forbelhefle
824 2729 2720 2899 ein unerhörtes Glück bei Frauen nach
809 2896 2604 3049 sagte und der,ehe er sich in jener
805 3021 2676 3225 Nacht mit einer der gewerbsmässigen
824 3149 2780 3384 Besucherinnen dieses Lokals entfernt,
802 3337 2623 3516 Fridolins etwas verwunderten Blick
1927 3413 2153 3522 hall
802 3466 2667 3657 mit den worten erwiderta: Es bleibt
818 3654 2689 3820 immer das Bequemste, und die Schlech
815 3739 2795 4014 testen sind es auch nicht..Wie heisst
4080 570 5942 827 du? “fragte Fridolin. „No,wie wir i
3657 677 3942 884 Mesie
5465 733 6004 975 izi natür-
4083 780 5396 1003 denn heissen“, sagte sie,
4077 890 6032 1147 lich.“ Schon hatte sie den Schlüssel
4105 1059 6073 1326 im Haustor umgedreht, trat in den Flur
4111 1203 6076 1460 und wartete, dass Fridolin ihr folgte.
4124 1360 6073 1604 „Geschwind“, sagte sie, als er zögerte.
4130 1589 5913 1774 Plötzlich stand er bei ihr, das Tor
4124 1645 6095 1918 fiel hinter ihm zu, sie sperrte ab,zün-
4143 1814 5882 2056 dete ein Wachskerzehen an und leu
5287 1981 5478 2075 brant
4149 2031 6045 2231 tete ihm vor. Bin ich toll?fragte er
4149 2140 5976 2372 sich. Ich werde sie natürlich nicht
4152 2325 5873 2529 berühren. In ihrem Zimmer brannte
4165 2516 5951 2701 schon eine Oellampe. Sie drehte den
4165 2588 5992 2839 Docht weiter aufjes war ein ganz be
4165 2783 6164 2993 haglicher Raum, nett gehalten,und es
4127 2899 5970 3143 roch viel angenehmer als-zum Beisp
4162 3052 6020 3290 bei Marianne. Freilich, hier war kein
3676 3124 3861 3328 a V
3933 3193 6089 3453 alter Mann monatelang krank gelgen.
4231 3419 6148 3626 - Das Mädchen lächelte, versuchte ohne
3604 3563 6123 3764 Zudringlichkeit sich Fridolin zu nä-
4137 3654 6079 3920 hern, der sie abwehrte, was sie ruhig
