6344 4232
594 658 2406 850 das Buch zu (das auf dem noch nicht
606 830 2429 990 abgeräumten Tische lag. „Neun Uhr“,
606 975 2429 1132 sagte er, „es ist Zeit schlafen zu
1334 1092 1586 1185 kand
594 1132 2499 1282 gehen. Morgen liest du uns weiter (aus
594 1267 2554 1504 deinem schönen Märchenbuch) vor. (Ieh
613 1446 2344 1591 bin aber noch gar nicht schläfiig
2237 1554 2613 1653 in <gap/>
594 1596 2579 1763 sagte Mela und wollte das Buch wieder
606 1753 2489 1968 aufblättern) Nun hatte sich auch Al¬
2070 1858 2297 1933 halle
613 1890 2594 2045 bertine zu dem Kind niedergebeugt. Wie
613 2057 2539 2194 zufällig trafen sich die Hände derEl-
317 2180 551 2302 we
618 2182 853 2284 to the
606 2217 2541 2374 tern auf der geliebten Stirn und wie-
613 2377 2419 2524 der mit zärtlichem Lächeln,das nun
606 2521 2344 2678 nicht mehr dem Kinde allein galt,
601 2673 2601 2818 begegneten sich ihre Blicke.- Das Kin-
601 2795 2511 3017 derfräulein trat einschüttelte den
606 2997 2454 3120 Kopf in scherzhafter verwunderung,
594 3132 2474 3279 dass Mela so lange hatte aufbleiben
606 3272 2357 3471 dürfen mahnte sie den Eltern gute
601 3446 2531 3596 Nacht zu sagen. Wie Kleine stand ge-
589 3628 2454 3741 horsam auf, reichte Vater und Mutter
589 3786 2419 3925 die Lippen zum Kuss und liess sich
3771 594 5646 800 dann von dem Fräulein ruhig ins ihr
3776 768 5731 940 Zimmer führen. Fridolin und Albertina
3795 888 4309 1025 nt à baisse
3771 933 5683 1090 aber, allein, unter dem rötlichen
3788 1080 5743 1219 Schein der Hängelampe, nahmen (ihre vor
3776 1287 5723 1392 dem Abendessen begonnene Unterhaltung
3960 1357 4726 1511 übersen a. f. g. i.
5349 1401 5536 1534 be
3776 1426 4399 1569 wieder auf.
5299 1449 5663 1596 gungen
4337 1466 4825 1611 halt liebe.
4037 1579 5671 1741 Sie sprachen von ihren kleinen
4820 1673 5150 1753 gertre zu
4389 1673 4676 1786 gestern
3142 1596 3524 1778 [illegible]
3783 1728 5713 1920 Erlebnissen auf der Faschingdienstag
3788 1860 5678 2030 Redoute, dem ersten Ballfest, an dem
3776 2042 5663 2145 sie gerade noch knapp vor Karnevals-
3776 2204 5681 2327 schluss in diesem Jahre teilzunehmen
5137 2244 5880 2414 Ma worden beboh,
3768 2379 5581 2476 sich entschlossen hatten. Fridolin
3771 2449 5676 2656 war gleich beim Eintritt in den Saal
4259 2608 4776 2696 mil hoveitil
3763 2628 5688 2805 wie ein (sehnlichst)erwarteter Freund
3771 2808 5718 2930 von zwei weiblichen roten Dominos be-
3776 2980 5544 3115 grüsst worden, über deren Personen
3776 3072 5748 3259 er sich nicht klar zu werden vormoch -
3776 3257 5718 3439 te, obwohl sie über allerlei nicht im-
3763 3401 5646 3623 mer harmlose Geschichten aus seiner
3776 3598 5663 3728 Studenten-und Spitalszeit auffallend
3758 3728 5731 3915 genauen Bescheid zu wissen schienen.
