6712 4488
1694 549 1984 732 Tanz
999 576 3082 875 nicht an die Tagegerdenung, liess sich mit
995 752 2969 1069 den jungen Mädeha der Gesellschaft in
2200 882 2700 1012 mourte
1015 895 3069 1182 Unterhaltungen ein, die nicht immer ganz
2417 1045 2706 1145 be in
1335 1102 1927 1228 bescheit mir noch
1022 1072 3042 1358 harmlos waren, trank mehr Ghampagner, als
1029 1208 2919 1495 er vertragen konnte und als dieGast-
1045 1371 3036 1648 geber ihm anzubieten geneigt waren. Bei
1059 1501 3072 1794 all seiner Gutmütigkeit war man bei ihm
1072 1698 2919 1954 auch vor peinlichen Ueberraschungen
1085 1857 2993 2067 nicht ganz sieher. Einmal war er über
1075 2007 2999 2250 Verweddung des Haussohnes,eines medi-
1075 2170 3049 2417 zinischen Studienkollegen,im Hause ei-
1102 2313 2973 2563 nes Bankdirektors als Tanzmusikspie-
1108 2463 3023 2733 ler geladen. Nachdem er schon vor Mit-
1118 2613 3102 2873 ternacht durch anzüglich galante Bemer
1668 2756 2393 2883 die
1122 2736 3099 3003 kungen zu den vor###ortanzen Mädchen —
1152 2879 2909 3062 Verleitut phurttius beide Hein
1142 2959 2926 3182 Anst### erregt und oben wieder ein
1195 3072 2114 3212 Auslopureit to
1138 3052 3016 3355 neuas Glas Champagner von dem Diener
1145 3256 3042 3485 gefordert und auf einen Zug hinunter
1152 3379 3056 3678 gestürzt hatte, fiel es ihm ein, einen
1165 3512 3362 3798 wüsten Cansan zu spielen und zum de belerte
1158 3665 3176 3961 Schraaken sämmtlicher Annasanden einen
1252 3821 3102 4104 will not guellest Bep um
5622 493 6218 722 Complet 72
4291 593 6208 875 (modernen höchst) (frivolen/Gassenhauer
4301 766 6368 1072 zu singen. Der Bankdirektor verwies ihn
5396 935 5686 1039 mi
4301 929 6208 1185 zur Ruh., Nachtigall (von unendlicher
4297 1115 6238 1335 Heiterkeit erfüllt, erhob sich,umarmte
4311 1245 6211 1491 den Direktor, dieser empört pfauchte,
4314 1408 6225 1641 obwohl selbst Jude dem pianisten ein
4314 1555 6288 1814 landesüblichen antisditisches Schimpf-
4324 1704 6288 1967 wort ins Gesicht, Natigall beantworte-
4331 1844 6398 2077 te das unverzüglich mit einer gewaltigen
5752 2001 6408 2107 at Toupmentant
4770 2017 5489 2147 qu'un nuit, en nuit
4327 2080 6271 2244 Ohrfeige, worauf seine Laufbahn in den
5309 2160 6052 2274 not know in
4324 2157 6375 2390 besseren Häusern der Stadt endgültig ab
5323 2320 5562 2410 doch
4337 2303 6421 2523 geschlossen schten, In intimeren Zirkeln
4361 2490 6248 2590 unsermts les jours juin deux ces terbollens
4028 2540 6268 2730 von Studenten und ihren Mädchen,
5196 2606 6255 2720 in belasten, - when we auch
4397 2650 4634 2760 in the
4337 2670 6338 2873 hielt er sich besser, doch auch bei sol
3658 2686 4208 2913 Prifsiger
5519 2763 6418 2883 in conjunchten sind
4357 2859 6208 3042 ehen Gelegenheiten war man zuweilen
4357 2956 6531 3156 genötigt ihn aus dem Lokal zu entfernung
3808 3046 6491 3279 An nächste besser einen wohl seitenfälle in alle Beltenleyke vorgesch
4357 3146 6541 3362 nen. Eines Tages, seine Kollegen waren
4347 3242 6265 3469 längst allen promoviert,war er plötz-
4367 3409 6271 3652 lich ohne Abschied aus der Stadt ver
5383 3558 5639 3658 myn
4367 3545 6181 3785 schwunden, fahrend ein paar Monaten
5023 3725 5349 3811 in my
4361 3708 6411 3958 onhieht das aina oder andere Karteng mit-
