6488 4408
2444 792 2609 976 55
981 822 2241 1041 ab eiten Rä.dsz neus mü
868 979 2615 1184 reagieren. Wenn jetzt zum Exempel
852 1160 2842 1338 der Däne ihm entgegenkäme, mit dem sei¬
1776 1271 2531 1355 ne le veilleur!
862 1306 2698 1495 ne Frau ein Verhältnis gehabt,- ja,
557 1382 762 1501 G.H.F:F:P:S:
857 1460 2747 1636 zum Donnerwetter es war geradeso, als
846 1622 2717 1803 wenn sie mit ihm im Bett gelegen wä-
422 1693 643 1828 e de
862 1784 2712 1955 re. Schlimmer noch. Ja, der sollte ihm
408 1787 589 1955 ide
857 1928 2817 2136 jetzt entgegenkommen. Ojeine wahre Won-
846 2109 2834 2255 ne wäre es, dem irgendwo in einer Wald
857 2228 2639 2423 lichtung gegenüberzustehen und auf
857 2404 2706 2569 die Stirn mit dem glattgestrichenen
862 2528 2704 2725 Blondhaar den Lauf einer Pistole zu
857 2723 1290 2925 richten.
1436 2704 1879 2882 G.C.H.F.D.Hae
392 2717 662 2936 G.H.F.P.
1198 2839 2674 3028 Er fand sich, mit einem Male,
276 2898 641 3074 1K) 9 V.M.
846 3025 2752 3193 schon über sein Ziel hinaus in einer
368 3080 598 3250 nota
852 3196 2777 3350 ongen Gasse, in der nur ein paar arm —
289 3223 668 3377 G.C.H.F.P.
852 3320 2782 3523 seluge Dirnen auf nächtlichen Männer-
852 3455 2723 3655 fang umherstreichten.Gespenstisch, —
408 3518 560 3696 G.C.H.F.F:F.C:F:H:F
846 3642 2750 3796 dachte erfund auch die Studenten mit
838 3785 2771 3996 ihren blauen Kappen wurden ihm plötz-
814 3958 2725 4177 lich gespenstisch in der Erinnerung,
5635 476 5816 603 56
3777 549 5813 792 ebenso Marianne, ihr Verlobter,i-r
4053 746 6027 998 Onkel und ihre Tante, die er sich nun
4075 925 5894 1130 alle Hand in Hand um das Totenbott
4058 1065 5878 1276 des Alten gereiht vorstellte. Auch
4056 1209 6035 1428 Albertine,die er als tief Schlafende,
4075 1365 6059 1574 die Arnd unter dem Nacken verschränkt,
5167 1501 5513 1630 dar jetzt
4088 1547 5843 1747 vor sich sah, und sein Kind in dem
4659 1690 5359 1803 ni sous cemperolle da c
4093 1684 5983 1898 schmalen weissen Messingbettchen. Gnd
4139 1849 5115 1971 allé - jugeant-il.
4091 1833 5956 2049 in dieser Empfindung, obzwar sie ihn
4093 1985 5946 2212 ein wenig schauern machte, war zu -
4099 2136 6016 2390 gleich etwas Beruhigendes. Eines der
4093 2293 6089 2514 herumstreifenden Mädchen stiess leicht
4112 2455 6013 2669 an ihn und forderte ihn zum Mitgehen
4112 2604 6046 2817 auf. Es war ein zierliches, noch ganz
4131 2763 6035 2982 junges Geschöpf, sehr blass mit rot -
4131 2907 6302 3144 geschminkten Lippen - könnte auch gleichfall
5670 3109 5962 3223 Nur
4137 3066 6094 3290 mit dem Tod enden, dachte 9r
4148 3223 6097 3436 nicht so rasch. Auch Feigheit? Er war
4150 3380 5818 3637 weitergegangen „hörter aber ihre
4145 3547 6086 3756 Schritte, und bald ihre Stimme hinter
4139 3666 6083 3918 sich. „Willst nicht mitkommen, Doktor?“
