6856 4408
506 808 824 963 G.H.F.P.
953 1104 1364 1277 décembre aeae
858 1206 1410 1468 ddöred i 2.
691 1407 1286 1592 G.C.H.F.S
595 1539 1441 1737 alleiidos af 2.30
571 1703 1388 1925 Midda elh redä mij
543 1832 1638 2070 dad dol.. nid habet w xxx
561 2036 1259 2190 'Son ab ead.-.
1431 2092 1990 2280 xxx dor.
528 2153 1280 2348 no 7 jdoln 2a3
777 2286 1718 2520 ad 2 "7 doot Jdeieff
441 2462 1758 2672 Gemerkung nie nov dennen
583 2570 1851 2798 2-dsob oa1 a.b. Jaaiaw o?
453 2739 1564 2946 xxx xxx JnflW..dolls¬
497 2912 953 3122 G.C.H.F.P
577 3088 1419 3307 ndes dons doob
836 3221 1564 3390 in seg als jus
993 3363 1848 3557 " I i oe rtuew
617 3483 2249 3754 Gesunden Jäge os dol nnow. Jaal
506 3613 2172 3896 Gesleb sech Jdoin xxx ob Jalliw
1151 3804 2135 4026 Rüdes ei 2 "Voeldä:"
4541 77 4988 268 1555
3961 114 4458 262 8/5 1822
6022 407 6256 595 135
4665 429 5244 589 Ihr nebst so.
4307 521 6321 814 Kopf. Wär dir nicht wohler, wenn du ihn
4316 700 6389 888 mir erzähltest?“ Sie, statt zu antworten
3893 811 6374 1015 Wollst du dich nicht doch jendlich/hin-
4356 956 6232 1123 legen?“ Er tat nach ihrem Wunsch und
3973 996 4193 1191 de
4338 1092 6361 1330 streckte sich an ihre Seite.Sie schwie-
4338 1219 6318 1447 gen beide und lagen mit offenen Augen.
4396 1357 6318 1592 „Erzähl mir deinen Traum“, drängte er.
4322 1527 6269 1749 Sie rückte näher zu ihm. Er stützt den
4390 1684 6275 1879 Kopf auf den rechten Arm und sah sie
5467 1805 6006 1907 Mwk in he
4350 1845 6232 2048 an. Sie lächelte. Dann begann sie, ohne
4523 1968 5402 2082 is - commit it, but
4341 1987 6334 2187 dass er sie nochmals aufgefordert,ganz
4359 2200 4843 2375 langsam: -
5735 2169 6025 2360 des I
4498 2298 6411 2499 „Erinnerst du dich noch an das Zimmer
4362 2440 6349 2656 in dem kleinen Haus, wo ich mit den El-
4359 2567 6429 2841 tern im Sommer unseer Verlobung gewohnt
4341 2746 6420 2977 habe?“ Er nickte. Der Traum fing-nämlich
5411 2884 5676 3008 not.
4341 2912 6432 3159 damit an, dass ich ich weiss nicht woher,
4344 3048 6401 3270 in dieses Zimmer trat Ich wusste nicht,
4362 3199 6315 3418 dass es gerade dieses war, das heisst,
4365 3390 6343 3600 ich dachte nicht daran ich wusste nur,
4396 3538 6111 3736 dass die Eltern auf peisen waren
