6984 4360
6346 150 6606 487 151
3788 264 6171 542 nicht at für gesonden sie
3777 505 6723 798 er ungelegt. wäre - Wir gegenbladt verpfärte
699 626 2972 985 ich verb in der Verwit.. daf die
3766 670 5896 897 weint, mit friewillen zu viel u....
637 893 2979 1175 semble Barin.
3803 827 6445 1149 Um er hözt er Edle ob & ganz in
3832 1032 6420 1332 zu ein gegen beilegend. Thun... Ad
553 1065 3063 1362 a d'entier ist. Die ich nicht sehr
3806 1219 6420 1490 offerte... He wollbekannt Bahl has
640 1296 1746 1545 flubt gekend t
5267 1387 5600 1577 offen
3814 1460 6507 1698 Raum, war von sein Kauflavenden, de
662 1468 3111 1731 Bill tillands wilt
2335 1614 2749 1760 a a
600 1662 3257 1874 you can know you go so fort. I am in
3773 1669 6321 1951 in d Hul terettus, tout beler M.
5157 1830 5468 2009 legt
608 1848 3140 2123 Hilipr sie ne & ge c
3773 1874 6127 2159 Sie den Dorolf oder K. Aas - in
564 2090 3111 2306 wort bei mir und den liegen; - wenn
3737 2061 6420 2430 um fünf es nicht belegt... Er
538 2211 3093 2489 Wim ut hend abee the in Amford
3817 2277 6350 2617 Seiden lager nacht d. ; - über die
505 2368 3206 2760 in der gewaltlich
3781 2485 6537 2818 on dem ine Tid gebriliten.
520 2635 2613 2873 Amloune Ihnen m
1296 2793 1731 2939 at a
673 2807 3170 3041 Fridkin durchgastt in    He know’d wohl
3788 2719 6573 3012 Mildert tret Trinklin hat zu dem Tode
615 2976 3140 3246 not I do tall or in the wife... ob it
3836 2965 6482 3353 Bab Tisch, das ich die Thür gegennt
651 3195 3063 3484 Silbelwon. in freiwill m..   N
3814 3213 6306 3579 lage und geschrieben das Tück im
666 3371 3140 3656 da zur Heer fiele ihr ein. Die plost
3832 3517 6471 3773 dem Kopf der Seutern... En pelle
695 3550 2782 3861 was been in...ackly.
637 3759 3034 4059 konnte wohl noch zu en Arme aus
805 3967 3349 4216 ffaire audiments à la nouvelle
