6776 4424
2690 551 2893 717 118
1369 588 2305 797 we will die le
906 735 2262 925 zahlt, nehme ich nicht an.
1307 848 2864 1075 „Sie würden an dem vos dieser
938 1008 3045 1225 Frau nichts mehr ändern“, sagte der weis-
1615 1182 1818 1273 mede
933 1203 3069 1398 se Kavalier. „Wenn hier etwas versprochen
941 1318 2345 1545 wurde gibt es kein Zurück.
2492 1438 2815 1553 nouve,
1329 1489 3021 1701 „So ist es“, sagte die Frau. „Geh!“
2561 1604 2757 1695 wie
1329 1615 2979 1813 „Nein", sagte Fridolin, mir ist
947 1797 3069 2013 das Leben nichts mehr wert, wenn ich ohne
968 1922 2917 2142 dich von hier fortgehen soll. Woher du
2791 2032 3139 2152 danach
957 2088 3094 2286 kommst,wer du bist, ich frage nicht darum,
965 2222 3043 2463 ich bin bereit auch dein Leben in meine
976 2438 3000 2612 Hand zu nahmen. Was kann es Ihnen, meine
989 2551 3083 2754 unbekannten Herren,bedeuten,ob Sie diese
2003 2650 3366 2810 in a in ait ex civile a c ougels
987 2722 3077 2949 Faschingskomödie, so ernst sie sein möge,
2545 2815 2938 2925 Mutterl
992 2856 2941 3086 zu Ende spielen oder nicht. Wer immer
992 3032 3051 3243 Sie sein mögen,Sie führen noch eine an-
1011 3174 3051 3372 dere Existenz als diese. Ich aber spiele
2783 3286 3069 3388 treter
997 3329 3083 3545 keinerlei Komödie und wenn ich es getan
1011 3511 3027 3733 habe, so gebe ich es jetzt auf. Ich will
1013 3668 2920 3858 Ihnen meinen Namen nennen,will meine
4217 537 6171 805 Larve abtun, (ich fühle, dass ich in ein
4222 730 6208 957 Schicksal geraten bin, das mit all die-
4225 872 6273 1110 ser Mummerei nichts mehr zu tun hat und
4893 1032 5059 1126 olger
4217 1064 6321 1259 nehme alle (verantwortung) meines unwider-
4217 1184 5925 1385 ruflichen Entschlusses auf mich.
5655 1321 5810 1409 in
4588 1396 6315 1513 „Hüte dich“, rief die Frau, du wür
4206 1497 6297 1684 dest dich verderben, ohne mich zu retten.
4537 1634 4781 1722 That
4225 1690 6195 1829 Hier bin ich, hier habt Ihr mich alle!“
4241 1794 6270 2016 gie hob die Arme,die Nonnentracht fiel
4831 1941 5580 2035 necht dem in
3703 1914 4147 2126 me devit
4147 1946 6257 2118 von ihr ab sie griff nach dem Schleier,
4217 2094 6291 2326 der ihr um Stirn,Haupt und. Nacken gewun-
4206 2307 6275 2446 den war,und mit einer raschen runden Be
4206 2420 6310 2618 wegung wand sie ihn los. Er sank zu Boden
5572 2551 6339 2703 über Schultem
4182 2545 5909 2762 dunkle Haare stürzten ihrer ikra
4206 2741 6238 2938 hi und Lenden und ehe noch Fridolin das
4206 2893 6083 3088 Bild ihres Antlitzes zu erhaschen ve
4206 3051 6131 3241 mochte,war er von zwei Armen erfasst,
4206 3206 5914 3422 zur seite gerissen, zur Türe gedrie¬
6021 3150 6238 3369 t, be
4211 3345 6361 3532 fand sich im Augenblick darauf im Vorraun,
4200 3484 6326 3684 die würe hinter ihm fiel zu,ein verlarv-
4211 3655 6297 3904 ter Bedienter brachte ihm seinen Mantel,
