3320 4024
889 396 2881 618 erwacht, sieht ihn fremd an. Sie erzählt
896 638 1719 797 ihm ihren Traum.
881 756 2784 932 Sie stand am Fenster. Er aber als ein
901 886 2804 1090 Anderer lookt sie fort.Märchenzeiten.
894 1047 2789 1264 Nacht.Wald.Wiesenplan.Sie schlummern
909 1295 1124 1415 ein.
901 1331 2955 1542 Sie erwachen am Morgen, alle ihre Sachen.
899 1532 2362 1708 auch ihre Kleider sind fort.
919 1650 2840 1890 Er allein hinabin eine ortschaft,kehrt
1719 1783 2395 1920 Son einfachs: de loin
919 1849 1586 2000 nicht wieder.
919 1992 2934 2171 Sie bleibt zurück, wartet,an seinerstatt
927 2145 2899 2311 erscheint ein Jüngling, dessen Geliebte
924 2347 1405 2480 sie wird.
927 2421 2750 2612 Dann andere Paare.Sie vergisst ihn.
935 2579 2853 2778 Endlich erscheint er wieder. Blutand,
940 2745 2855 2893 verwundet. Was ist ihm widerfahren? Er
947 2911 2904 3077 wurde im Schlosshof gefangen genommen,
947 3042 2911 3210 hat die junge Königin verschmäht, wurde
950 3195 2927 3376 zum Tode verurteilt, gefoltert, dann hat
950 3345 2883 3527 sie ihm die Freiheit geschenkt.Und so
960 3496 2500 3698 findet er die Geliebte wieder.
