7016 4408
612 588 3090 927 It in binnetlyk, he torte, in nad til Roit
690 892 2212 1115 ten vollken zu beritigen...
768 1005 3313 1317 Vielleid sey: verpflichtet - : in nicht byckte!
828 1235 1855 1448 Ernst - Bail, J.J.
761 1253 3289 1660 Frau Dage überlöse zugehört. den Nachricht.
786 1551 3144 1827 the forta) die iure en sent keu que
775 1724 2326 1943 in Carkeil og fonbr
871 1834 3083 2117 Herrn H. Auln ist die Verlößung der Angelegen
889 2028 3122 2269 The Verbe, Herr Tirlow, and the Si col
892 2223 2959 2428 (b) - xxx
935 2368 3200 2634 in der gevilene z. daf. die Sache.
2482 2510 2807 2598 me
899 2524 3200 2818 Lieu et de chef de t. Beu Divier, d
1703 2697 1982 2828 m    à
991 2719 3069 2889 In ch was in ein Benik afertellet...
1979 2800 3112 2967 Da sie woll eerstel kein
966 2882 3101 3094 will then have in getting.. a l. til
942 3020 2963 3292 weg. aveul. uort verwandt ist.
981 3200 3094 3519 The bon or judge; - at he kurthys to
988 3416 3165 3721 deceit so bornt, Her Lord... ist in
977 3632 3119 3844 befind ein. de même des angemessen.
1161 3791 1529 3912 William
1030 3784 3055 4018 set uponl; and used it to left them.
2156 3922 2528 4053 -nest.
1037 3968 3098 4177 durch mich überzusteht sich bei
6273 124 6584 319 2 0 5
3738 258 3968 404 him.
4740 227 5009 446 G.C.P.
6184 266 6545 538 20 C
3806 386 5586 669 All the mitglaub. I will.
3763 510 6397 779 hebrt oubändlich, Heer Witer...
3756 644 6036 970 [illegible]. Blige -
3852 839 6351 1101 wo ist schon amtlich werden kann. Die
4503 1023 5398 1168 ohne verwalet.
3848 974 6563 1278 ce stellt uit plossen vor... Polizei’s van.. Romelin.
3834 1189 6191 1515 G. Efra Hufent und die F. eben
3813 1356 6372 1724 firmileit... He wort by L Beuerke who
6135 1512 6422 1657 with the
3901 1543 6531 1905 Kap. I am all de    en  erzählen
3880 1699 6276 2011 in a new rupfe & let fikl the all
3816 1866 6662 2149 dennere nicht. Thou vergleiben ou in erklärt
3926 2060 6266 2386 it der zu starb.  he wie ausleit ist.
3929 2283 5756 2602 nur willteilte haben.
3936 2482 6613 2758 das könnich die freilich nicht vielten.
3933 2655 6588 2949 Herr Vertre:... Mein prift ist geruflt, so land...
4004 2878 5891 3126 Sie ist wenn Aufs zu länren.
4007 3041 6330 3303 Eu Constant.  Hier touss à
4124 3214 6528 3462 ... The Cuivi, de cette schon qui je ne peuvent
4078 3377 5632 3590 halb bleibtigkeit.
4085 3444 6397 3767 I went to letter the Crois, a will at ce
4089 3696 6422 3929 Erfdt, thien Wacern und Dortens aufgefen
