3368 3976
2591 155 3168 341 T[illegible]
292 285 1936 482 Ob dein Antérie cinmal
1922 313 2957 500 - geste uorscht
394 461 2886 711 Gewinnen; - Tritt hille er nicht
327 743 2876 957 sije verwirft - c i un
366 950 2890 1155 dorte, in willig, leeres Gericht, - in
320 1133 2594 1324 is hand the - in [illegible] - ime -
384 1348 2355 1580 achtendreit gehinge angehorei....
447 1507 2953 1742 No ist i né i fage arle... Tuckin
398 1728 2992 1989 burgl is it in unillikulis nah herab - at him
299 1978 2749 2207 in so den überwüglich gegen
348 2175 2812 2446 be butwort entwerpe - abei "glimt
331 2358 3154 2608 wurfe u. selbst wenn es ich tulles wäre &
366 2601 2848 2851 in the utlst in- is chee big is anr, - de
366 2809 2988 3041 geste in de wenpleullet - ime
1528 2992 2207 3150 erkennen.
348 3006 2936 3245 verwacht is ja in me – I had
384 3231 2911 3464 he sanft legt en aeut d konl wen
2559 3418 2812 3583 the
380 3400 2017 3724 bin - in and bleable last.
2073 3471 2397 3654 in
