3496 4328
347 238 2999 499 Ist befindt bis bis zum Ausgegen bemerkt.
622 360 3081 688 Hier wen die Tram angeß
744 622 2724 972 Sept. Schweiz und Meier.
347 810 2999 1203 Mecei. Maßen aber freund, der doch gegenst
367 1151 741 1379 sert?
522 1246 3101 1491 Ich weit nicht kr nicht alte. – A offin sa in
2480 1362 2946 1498 of it with
483 1471 3035 1709 W mit fort!... ich sei früh daß ich nicht in Theil auf. Neu
483 1623 1901 1855 wie du der Endel jetzt sch
622 1766 2952 2000 ein merkend! – Was gleich der Schmert sein. Holz.
575 1947 1451 2218 My kon ich weint!
661 2301 3194 2615 den 3. Enttritt Behiées Freiherr zugefügen
635 2562 2972 2784 seine Reise; er so setztzewiese, er hat ihr immer
615 2714 2992 3019 hergezogen. - Ueben Karlinaki, der ich Bekannte schickt
645 2949 2843 3128 me of ih egentled to as laueff? Er which
625 3075 1673 3359 Schulden in leich deutat.
