3480 4328
252 413 2630 783 kennen als mit langen Haaren -
260 684 1580 1079 Freiheau - Ol! -
227 885 3109 1211 Brux leit einem Schlappfut eine schau¬
260 1141 3025 1500 Kragen, sämmtlichen hohen ausgehauft
249 1456 2260 1895 Hosen und hohlen Morgen
274 1657 2955 2026 merhieren Nie was i d Veo leb
285 1898 3134 2308 müssen - wes weiß, ob die selbst bis
2312 2165 2831 2469 siffen.
252 2198 2282 2553 zu dem auszufraußen gebracht
571 2461 1057 2648 (reinl)
208 2436 3156 2769 Bries! Aber ich kein ja miß daher, daß ich
1061 2674 3175 3036 1) kein ja nicht deßen, daß ich
238 2798 903 3043 reich bin!
929 2878 1046 3156 P.
2056 2992 3219 3336 I feel une & une
208 3010 1876 3391 nicht jüngere nicht!
318 3299 2498 3621 Gunn wir so wie der vor.
296 3533 3200 3837 Friedness (belustigt) Of - nt bin weiter
377 3789 1258 4107 fereil deren
