6071 4296
1651 162 2242 478 Holyasse
3675 267 4690 598 Elfenarderoit
5345 523 5574 700 8823
3705 527 4709 865 Bln, 2/1 36
4920 662 5574 831 Obligste S2g.8
5123 797 5608 963 V.W.S.
4871 899 5601 1068 G.H.F.K.A. soe e
1982 816 3709 1215 Sehr verehrter Herr Doktor,
4890 1019 5597 1249 Tawadt 37 S2033
2513 1256 4675 1553 Der Wunsch, dass den Menschen ausser
1877 1452 4766 1764 den Schriften und Werken meines Mannes auch andere
1802 1610 4829 1952 Ausserungen seines Wesens, auch jene unmittelbaren Eindrücke
1847 1787 4739 2091 erhalten bleiben, welche die persönliche Berührung mit den
1832 1888 4826 2215 hervorrief, hat mich dazu bewogen, ein Buch mit persönleden,
1847 2065 4762 2411 Erinnerungen verschiedenster Menschen an ihn herauszugeben
233 2103 463 2336 G.C.F.P.
1866 2234 4626 2524 Nur Bruchstücke seines Wesens konnten ja in Werke
1828 2385 4732 2674 übergehen, wichtigtes, was um der unmittelbare Augenblick
5356 2456 5597 2633 sse.“8
1835 2505 4653 2813 und besondere Kontakt enthüllen konnte, soll in Auf
4848 2588 5228 2765 L’OUJWJ73
5367 2595 5574 2727 838°8
1839 2652 4589 3043 zuchmengen festgehalten werden, von jenen, die ihm früher
5348 2693 5616 2885 38.7.64
1881 2836 4758 3118 oder später nahe kamen. Nur die Mitlebenden vermögen
4848 2828 5623 3001 Rue ou siua soo '22.
4871 2968 5646 3152 Ingepilat 320:2:—
1873 3088 2742 3284 sie zu schenken.
1967 3126 4664 3393 Das Bild, das so aus Einzelzugne zusammenstruhlt
1835 3287 4653 3539 wirs vielleicht manchen Menschen eine lebensigere Abnung
1847 3393 4724 3701 geben, eine sicherere Brücke zu seiner Peräumlichkeit und seinen
1866 3551 4220 3848 Geranken warm, als manche einführenre Schiff
2046 3675 4641 4032 Jener früher, den unvergesslichen Brührung mit Ihnen
