6071 4232
3982 135 4406 393 2/1 31
1656 345 4548 611 verister Herr Dikter, gerenkend – jenes Augenblicks, wo er mit
1652 476 4469 787 dem ersten Entwurf der Einsamkeit zu Ihnen kam und Ihr
5327 547 5571 701 sseers
1652 573 4675 922 Verständnis ihm in schwerer fut Aufmunterung nur kraftstigerum
4743 663 5574 835 all. Summara geschreven
1641 805 4331 1068 würde — möchte ich Sie herzlich bitten, wenn es Ihnen
5084 772 5619 974 7.8.45
1633 952 4436 1281 möglich ist, diese Bejegnung, nur eventuell spätere, in einigen
5039 907 5582 1075 G.H.F.P.S. soeler
1652 1045 4548 1439 Dugen festhalten zu wollen. Die wenigen warte, die Sie vor
4874 1030 5593 1248 T xxxx
1645 1143 4559 1566 einigen Jahren in Bern äußerten lassen es mich als innigen
1641 1319 4559 1660 Wunsch empfinden, dass den Menschen ausführlich, oder wenigstens
1652 1476 4627 1817 in kurzer Schilderung jene Erinnerungen erhalten bleiben mögen
1697 1641 4439 1948 Ihr brauche kaum zu sagen, wie tief dankbar unzählige
1682 1727 4555 2150 Menschen Ihnen hiefür sein werden. Nur das Bewahren
1693 1862 4555 2300 dieses Augenblicke würde außerdem einen noch erböhten
1682 2034 4207 2484 Wert dadurch erhalten, dass aus so früher für keine
251 2049 506 2349 G.H.F.P.
1274 2060 1439 2353 O0.0
5368 2184 5578 2353 G.C.H.P.
1712 2293 3660 2619 einzige andere Aufzeichnung vorliegt.
5353 2315 5593 2502 G.H.F.P.
1944 2349 4638 2866 Ich weis nicht, ob mir wann es Ihnen eventuell möglich
5346 2491 5578 2619 sso 8
1712 2622 4540 3038 sein Könnte solche Aufzeichnungen nieinzuscheiben und
4758 2589 5215 2817 C.R.T.K,T.S.
5346 2592 5593 2742 838.8
5342 2716 5623 2881 344.84
1712 2716 4593 3203 möchte dies alles selbstverständlich ganz von Gute und Stren¬
4739 2817 5608 3031 or „Tuga soe’eg“.
1731 2855 4481 3315 wünschen anheimgeben. Wenn es möglich wäre, wüsse
4713 2978 5627 3181 xxs: russeptig S20:2:
1735 3136 4316 3536 ich gerne das Buch auf den Herbst herausgeben,
4829 3121 5042 3308 G.H.F.P.
1761 3255 4230 3656 aber mich dabei auch nach den Wünschen der
1794 3510 2881 3776 Beitragenden richten.
2203 3439 3900 3900 In Verdrung nur Dankbarkeit
236 3619 562 3892 G.C.P.
3237 3709 4361 4087 Bellina Holzapfel
1476 3851 2113 4117 Elfenanzäsischen 18
