4664 6152
2188 437 2371 606 4
3406 628 3792 742 Jahrgang.
522 628 717 785 Der
2498 522 2914 844 Blad
3520 725 3809 886 A.P.
2935 704 3126 920 N
3317 852 3978 1043 Maus
530 929 742 1171 19
3631 1005 3966 1171 S.F.S.
619 1489 780 1565 u.
585 1696 717 1887 22.20.11.5
776 2010 1111 2256 S.
3414 2205 3826 2358 15. Jänner.
2502 2248 3245 2367 die Familie.
1404 2278 1658 2401 n
785 2290 1226 2405 Wien 1889.
2388 2341 3007 2468 v. F. Mamroth.
1641 2379 2121 2477 Chef=Redac
2341 2494 3978 2621 Phantasien wandte, vermochte er selten eine wahrhaftige Auf¬
1009 2562 1964 2706 Mein Freund Upsilon.
2337 2604 3414 2685 munterung oder Anerkennung zu finden.
2456 2630 3983 2748 Aber wie die meisten jungen Dichter gab er wenig auf
908 2693 2104 2778 Aus den Papieren eines Arztes.
2337 2689 3970 2816 das Urtheil Derjenigen, denen seine Schreibereien nicht gefielen
2350 2778 3983 2888 und fühlte sich bei seiner Muse, die unsichtbar ihm stets zur
2354 2854 3978 2952 Rite wandelte, so unendlich wohl, daß er bis zu einer gewissen
2345 2909 3970 3037 keit zu den glücklichsten Menschen gehörte, die mir jemal
2324 2990 3966 3088 begegnet sind. Allerdings war er manchmal trübselig; doch
2324 3062 3970 3155 sicherlich nie wegen irgend eines mißlichen Zufalles, der ihm
734 2854 2193 3194 Arthur Meucke,
2311 3122 3957 3219 in dem verächtlichen Alltagsleben zugestoßen war, sondern nur
1858 3168 2261 3236 Nachdruck verboten
2324 3185 3966 3291 wenn sein Sinn sich mit einem recht traurigen Thema befaßte
1026 3236 2282 3342 Zenn auf irgend ein Menschenschicksal das Wor
2324 3266 3978 3351 wenn er an einem Drama arbeitete, in dem Königinnen an
1094 3308 2282 3414 „Tragicomödie" passen mag, so ist es sicherlicke
2341 3321 3978 3431 gebrochenen Herzen und Prinzen an einem gespaltenen Schädel
1082 3389 2282 3469 das Schicksal meines nun verstorbenen Freunde
2337 3385 3974 3503 starben, oder wenn er ein Märchen schrieb, in dem eine böse
1082 3448 2290 3550 Ypsillon, auf dessen Grab ich erst gestern wiede
2337 3469 3974 3563 Fee aus angeborner Bosheit das Glück zweier braver Menschen¬
687 3469 1022 3588 S
1082 3524 2278 3609 einen Kranz gelegt habe, einenkranz an
2337 3524 3974 3631 kinder zu vernichten drohte. Dagegen war er wieder unbändig
836 3546 1043 3660 Z.
1086 3592 2295 3686 Immortellen, in den ich auch etwelchen Lorbee
2341 3601 3970 3703 heiter, wenn er den Frühling besang, oder eine Ballnacht, in
1094 3656 2290 3749 einflechten ließ. Denn meiner Ansicht nach ha
2333 3669 3966 3766 welcher eine schöne Maske einen als reichen Nubier verkleideten
1094 3720 2299 3813 kaum jemals ein Dichter ihn so sehr verdient
2341 3732 3974 3834 Kunstakademiker auf den Mund küßt und nachher sagt: „Ja
1094 3796 2282 3877 als mein Freund Ypsilon — nicht wegen seine
2337 3804 3546 3919 Du bist's, und Keiner soll Dich mir rauben!
1094 3864 2299 3940 Genies, das kaum gegen alle Ansechtungen der
2456 3834 3978 3961 Hier aber, dies steht heute unbestritten fest, sing schon der
1094 3932 2303 4016 Kritik sich hätte gefeit erweisen können, sondern
2341 3932 3974 4038 Wahnsinn meines Freundes Ypsillon an. Ich pflegte ihn auch
1005 3974 2295 4093 wegen der großartigen Weise, in der ihm sein
2337 3995 3978 4101 zu ermahnen, ernstlicher als mancher Andere: er solle nicht zu
666 4055 2299 4165 Kunst zu Herzen ging. Nimmer habe ich seinesgleichen gesehen
2350 4076 3978 4182 intime Freundschaft mit seinen Schatten schließen, sondern sich
662 4135 2299 4220 und mancher von den großen Poeten, die von der Mitwel
2354 4135 3970 4245 auch im Leben ein Bischen umschauen, wo es manch' lebendig
679 4207 2320 4301 hoch gepriesen werden, könnte wohl hinausgehen auf den
2354 4220 3974 4309 Ding gäbe, des Besehens werth; auch Mädchen, blinde, braune
674 4275 2295 4360 Währinger Friedhof und ein stilles Gebet verrichten an der
2350 4275 3987 4373 die mir zum Beispiel viel lieber wären, als seine schwirrenden
674 4335 1680 4428 kleinen Kreuze, so die Inschrift trägt
2350 4356 2795 4458 Eintagsgestalten
2468 4394 3995 4508 Nun — eine kleine Liebschaft fing er wol an — einmal.
2354 4470 3995 4581 nach dem Theater natürlich, mit einer Choristin, die ihm eigentlich
1260 4517 1769 4619 Hier ruhet in Gott
2350 4555 4004 4644 auch mehr in die Arme gelaufen kam, als daß er sich um sie
2350 4610 3983 4716 bemüht hätte; aber das ging gar ärgerlich, ja so traurig aus
997 4606 2002 4771 Martin Brand
2350 4687 4008 4805 daß mir das Verwunderliche und Närrische der Sache erst recht
2371 4763 3410 4869 zu Sinne kam, als Alles zu Ende war.
2477 4780 4008 4916 Das Mädchen kam an einem Nachmittag zu mir gelaufen
806 4848 2311 4937 Martin Brand, so hieß er mit seinem wahren Namen. Mög
691 4890 3999 5013 man sich nur nicht wundern, daß dieser Name, dessen Andenken und traf mich an, als mich eben auf dem Fauteuil vor dem
2358 4945 4012 5047 Clavier ein leichter Schlummer überfallen hatte. Ich hatte noch
687 4992 2307 5073 ich so sehr verehre, keine besonderen Erfolge aufzuweisen hatte,
2367 5030 4004 5140 die Hand auf dem piano liegen, irgend eine Dissonanz klang
687 5056 2320 5136 Seine Gedichte, deren einige allerdings, mit „Y)“ unterzeichnet
2358 5115 2719 5200 mir im Ohre
687 5123 2324 5208 in einem kleinen Salzburger oder Grazer Blättchen veröffentlich
2473 5106 4067 5259 Ich sah der Kleinen mit einigem Erstaunen in's Gesicht,
645 5204 2320 5285 u wurden, tagten nicht sonderlich hervor, und auch bei mir, an
2358 5234 4008 5319 umsomehr, da ich Freund Ypsillon nicht an ihrer Seite gewahrte,
674 5259 2328 5340 den sich der studiosus philologiae — dies war Herr Martin
632 5293 4038 5412 Brand im bürgerlichen Leben — zuweilen mit seinen geschriebenen / ohne welchen sie mir noch nie in meinem Heim einen Besuch
3817 5352 4072 5505 T.T.
611 5408 946 5552 -
