6184 4904
1536 401 1729 574 24
577 517 2884 719 Hier aber, dies steht heute unbestritten fest, fing schon der Wahnsinn meines
357 644 2871 786 Freundes Ypsillon an. Ich pflegte ihn auch zu ermahnen, ernstlicher als mancher an¬
350 685 2862 842 dere: er solle nicht allzu enge Freundschaft mit seinen Schatten schließen, sondern sich
363 764 2874 918 auch im Leben ein bißchen umschauen, wo es manch lebendig Ding gäbe, des Besehens
366 839 2881 991 wert; auch Mädchen, blinde, braune, die mir zum Beispiel viel lieber wären, als seine
385 975 1218 1076 schwirrenden Eintagsgestalten.
2104 909 2877 1073 einmal, nach dem Theater
577 975 1988 1114 Nun, eine kleine Liebschaft fing er wohl an
363 1047 2877 1183 natürlich, mit einer Choristin, die ihm eigentlich auch mehr in die Arme gelaufen kam,
382 1107 2877 1265 als daß er sich um sie bemüht hätte; aber das ging gar ärgerlich, ja so traurig aus,
375 1174 2890 1328 daß mir das Verwunderliche und Närrische der Sache erst recht zu Sinn kam, als alles
590 1268 2887 1458 Das Mädchen kam an einem Nachmittag zu mir gelaufen und traf mich an, als
379 1319 770 1423 zu Ende war
375 1379 2887 1524 mich eben auf dem Fauteuil vor dem Klavier ein leichter Schlummer überfallen hatte.
375 1439 2896 1593 Ich hatte noch die Hand auf dem Piano liegen, irgend eine Dissonanz klang mir
609 1578 2909 1738 Ich sah der Kleinen mit einigem Erstaunen ins Gesicht, umsomehr, als ich
375 1590 644 1685 im Ohr.
398 1660 2903 1814 Freund Ipsillon nicht an ihrer Seite gewahrte, ohne welchen sie mir noch nie in meinem
401 1716 2912 1884 Heim einen Besuch gemacht hatte. Mein rascher Blick nach der Tür mochte ihr die
404 1789 2903 1950 ungesprochene Frage erklären, die auf meinen Lippen lag, und sie sagte, indem verhal¬
401 1871 2448 2013 tenes Weinen in ihrer Stimme zitterte: „Er sitzt zu Hause und schreibt!
615 1912 2912 2092 „Du kommst von ihm?" Dabei stand ich auf und lud sie ein, auf dem Divan
401 2013 2142 2149 Platz zu nehmen, zu dessen Seite ich mir einen Sessel rückte.
615 2101 2133 2218 Kaum saß sie da, als sie heftig zu schluchzen begann.
628 2161 2098 2291 „Was ist dir denn, Kleine?" fragte ich sie. „Nun?"
615 2253 1451 2357 Sie aber gab keine Antwort
618 2265 2931 2423 Ich wartete geduldig. Dann fragte ich nochmals, ganz ohne Unruhe im Ton:
628 2401 2934 2549 Sie nahm ihr Taschentuch und trocknete ihre Tränen. „Spielen Sie einen Walzer,
423 2410 590 2511 „Nun
410 2524 2133 2619 irgend etwas Lustiges, dann werde ich's Ihnen erzählen..
631 2546 2944 2698 Ich begab mich zum Piano und schlug die Tasten an. Schon bei den ersten
4505 366 4688 473 25
3521 489 5815 615 Auf ihrem Antlitz las ich das Erstaunen über die Ruhe, mit welcher ich diese
3284 584 5818 710 Wahrheit aussprach. „Es ist nicht das erstemal, daß er sich in seine eigenen phantasie¬
3310 631 5834 770 gebilde verliebt. Laß ihn zu Ende kommen mit seinem Gedicht, laß es ihn ins Pult
3310 741 4682 842 werfen, und der Spuk ist wieder verschwunden.
3530 776 5111 912 „Da muß man ja Angst vor ihm haben!" rief sie aus.
3524 846 5830 975 „Das eben nicht," entgegnete ich, „aber schon ein oder das anderemal habe ich
3306 909 5821 1054 daran gedacht, wie sehr es seiner Liebe zu dir zu statten käme, wenn du ihm erklärtest:
3306 988 5830 1123 „Mein süßer Ypsillon, ich existiere ja eigentlich nicht, ick habe mich davongestohlen
3316 1066 5827 1171 aus einem Märchen, und diese holde Wirklichkeit in deinen Armen ist nur ein
3316 1171 3534 1284 Traum
3537 1183 4792 1328 „Wie?" fragte sie. Sie verstand mich kaum.
3537 1218 5830 1391 „Nun, ich will dir nur erklären, daß du keinen vernünftigen Grund hast, eifer¬
3322 1335 5830 1454 süchtig zu sein. Laß ihn arbeiten, noch zwei, drei Tage, dann wird er selber zu dir
3316 1401 5414 1546 kommen und dich bitten, wieder die Alte zu sein. Verlaß dich auf mich!
3556 1486 4799 1596 „Er ist also ein halber Narr!" rief sie aus
3537 1540 5827 1701 „Ein halber Narr? Einhalber Dichter, also wohl ein ganzer Narr! Aber beruhigte
3316 1637 4231 1751 dich nur und weine jetzt nicht!"
3543 1685 5130 1792 Wieder griff ich in die Tasten und spielte einen Walzer
3537 1745 5840 1858 Währenddessen ging fie zur Tür, und als ich aufstehen wollte, sie zu begleiten,
3316 1827 4799 1931 wehrte sie mit einer Handbewegung ab und sagte:
3556 1830 5843 1997 „Ich komme schon wieder!" Damit verschwand sie, und ich ließ die Hände in den
3329 1975 3919 2104 Schoß sinken
3549 1972 5853 2133 Des anderen Morgens besuchte ich Freund Ypsilon. Obzwar der helle Tag ins
3341 2082 5859 2218 Zimmer schien, brannten auf seinem Schreibtisch vier rote Kerzen (er konnte nur bei
3341 2167 5846 2281 roten Kerzen arbeiten), und mit trüben Augen saß Ypsilan davor, während seine Feder
3341 2268 4209 2366 ruhelos über das Papier irrte
3540 2262 5843 2401 Ich löschte die Lichter aus; beim letzten gewahrte er überhaupt erst meine An¬
3341 2382 4215 2508 wesenheit. „Ach du!" sagte er.
3562 2420 5853 2549 „Ypsillon," sagte ich ernst, „wirf augenblicklich das Zeug da beiseite; geh' mit
3338 2499 5859 2644 mir frühstücken, widrigenfalls ich alles aufbieten werde, dich in den Narrenturm stecken
3338 2612 3609 2739 zu lassen
3568 2657 5029 2764 Er heftete seine großen glanzlosen Augen auf mich.
429 2663 1685 2767 Akkorden hörte ich ihre Stimme neben mir:
3341 2679 5856 2909 „Die Kleine war gestern bei mir“, erzählte ich ihm weiter. „Was hast du denn
650 2723 1742 2836 „Er liebt mich nicht", sagte sie tonlos
647 2720 2947 2903 Ich hielt im Spiele inne und sah sie mit einem überraschten Blicke an, der
442 2817 2940 2981 eigentlich nicht so ganz aufrichtig war, da ich auf einen Bericht dieser Art vorbereitet war.
3562 2827 5868 2953 Er lächelte. „Rede mir nicht von diesem armseligen Menschenkind! Ich habe
3341 2937 4098 3067 dieses Geschlecht übersatt.“
663 2937 1776 3054 „Spielen Sie weiter," sagte sie traurig
634 2956 2947 3117 „Ja, aber einen Walzer kann ich jetzt nicht spielen," entgegnete ich, um uns beide
3562 2978 5856 3111 „Ja, natürlich!“ sagte ich. „Diese lebendigen Weiber! Sie sind brutal genug, zu
442 3032 2947 3183 mit einem Scherze über den peinlichen Moment hinwegzubringen — und intonierte einen
3344 3051 5868 3177 essen, gu trinken, zu lieben und mit einem Riesenaufwand von wirklicher Existenz durchs
423 3086 2950 3237 Trauermarsch.... Ich wollte, ich hätte ihn damals nicht gespielt — heute quält mich
3338 3158 3900 3272 Leben zu schreiten.
3581 3180 5878 3306 „Rede mir nicht von ihnen," unterbrach er mich. „Es gibt nur Eine mehr für
435 3205 2070 3313 der Gedanke daran in lächerlicher, abergläubischer Weise.
2376 3209 2959 3332 sagte sie, „denn ein-
656 3253 2319 3385 Die Kleine sprach weiter: „Er muß eine andere haben,"
3347 3262 5326 3388 mich. Du wirst mich ihr nimmer entreißen! Höre! Es war einmal
435 3300 2918 3448 übers anderemal rief er heute aus: „Du bist doch nicht wie sie — nicht mie fie —.
3562 3325 5868 3436 Nun begann er mir eine Geschichte zu erzählen, während deren er manchmal auf
448 3379 2963 3524 Und dann, als ich ihn ganz ängstlich küßte, sah er mich an — so von oben herab —
3360 3401 5884 3518 die Blätter schaute, die vor ihm lagen. Es handelte sich da um irgend ein sonderbares
448 3420 2966 3597 und sagte: „Geh, siehst du nicht, daß du mich störst?“ Ich war erstarrt, er aber schrieb
3360 3470 5868 3584 Mägdelein, das auf einer Insel im indischen Ozean lebte, Türkisa hieß und das Gold¬
451 3508 2972 3663 weiter, sein Gesicht war gerötet und seine Augen glänzten. Nach einer Weile sah er
3360 3527 5887 3657 seligste war, das jemals von Menschen oder Göttern war erschaut worden. Ypsilon
467 3578 2890 3773 sich um und sah mich noch immer da stehen. „Noch immer?“ fragte er, da ging ich."
3360 3622 5875 3726 konnte nicht Worte genug finden, den unendlichen Zauber, der von ihr ausging, zu be¬
3376 3669 5878 3795 schreiben. Mit verzückten Blicken erklärte er mir schließlich, daß er, seit Türkisa ihr
681 3691 1817 3802 „Was glaubst du eigentlich?" fragte ich
3363 3751 5887 3912 Reich ihm in Kopf und Herzen aufgeschlagen, für nichts anderes mehr das geringste
675 3770 1448 3884 Sie zuckte nur die Achseln.
672 3777 2972 3950 „Ich will es dir sagen," fuhr ich fort, „wenn du mich auch anfänglich nicht
464 3884 3000 4010 verstehen magst. Du hast keine Nebenbuhlerin aus Fleisch und Bein — jene andere,
3360 3833 4130 3947 Interesse empfinden könnte.
3590 3881 4483 4016 „Du liebst sie wohl?“ sagte ich
461 3925 2991 4076 von der du sprichst — lebt gar nicht und ist nur eine Einbildung unseres Freundes
3597 3944 5887 4070 „Ich bete sie an“, sagte er im Tone des tiefsten Ernstes. „Aber ach, sie muß
461 4070 716 4174 Ypsilon.
3354 4038 3568 4158 sterben
3562 4098 4654 4262 Ich schüttelte ganz entsetzt den Kopf.
685 4108 1268 4228 Sie starrte mich an.
685 4083 2404 4294 „Ich kenne ihn," sagte ich, „und weiß, daß er verrückt ist!“
