4600 5944
3645 432 3888 575 Wm.
3545 543 3874 686 Seite 27 e
2953 575 3139 706 1: ̃
1641 638 2656 798 An der schönen blauen Donau.
2321 715 3848 880 „Wollen wir nicht über Land fahren?" fragte ich, „das
477 743 758 866 2. Heft
495 820 2150 998 blicke war ich nahe daran, über diese allgemeine Lebensfrische
2201 812 2710 983 Wetter ist günstig.
2336 849 3862 1026 „O ja!" sagte er, und ich war ganz erfreut über dies
512 895 2155 1066 zu erstaunen. Man begreift die Gesundheit nicht mehr, wenn
506 1003 1772 1149 man aus dem Hause der Verrückten tritt.....
2333 966 3859 1149 Wir setzten uns in einen Wagen und fuhren dem Wiener¬
2216 989 2524 1121 erste Wort.
632 1018 2147 1181 Als ich zu Mittag bei meinem Freunde Ypsilan anklopfte
2218 1061 3862 1238 wald entgegen. Anfangs saß Ypsilan regungslos an meiner
509 1098 2155 1249 ward mir nicht aufgethan. „Komm' Abends,“ sagte er durch
2227 1132 3868 1278 Seite; erst, als wir in's Freie kamen und die Bäume der
503 1192 1529 1335 die Thür, „ich arbeite, Du störst mich
2227 1212 3868 1352 Landstraße uns überschatteten, sah er sich wie erstaunt um,
640 1189 2178 1375 Abends widerfuhr mir dasselbe. Ich rief höhnisch hinein:
540 1301 2170 1461 „Ist Türkisa noch nicht todt?“ Da hörte ich ein tiefes Seufzen.
2241 1301 3439 1444 als wollte er sich besinnen. Endlich lächelte er
537 1364 2167 1524 Offenbar war die Arme ihrem Ende nahe. Ich empfand etwas
2358 1378 3265 1489 „Ist's nicht schön da?" fragte ich.
2370 1401 3882 1555 Er sah mich wieder lächelnd an, als wollte er sagen: „Du
526 1429 2170 1604 wie Freude, denn ich hoffte, daß damit der Bann wieder
2238 1472 3862 1632 Narr, meinst Du wirklich, daß mir dies ernstlich helfen soll?"
2376 1541 3879 1687 Ich sprach weiter, so gut es mir vom Herzen ging, das
658 1552 2181 1715 Auch am nächsten Morgen klopfte ich zeitig an seine Thür.
532 1578 786 1687 gelöst sei
2258 1612 3896 1761 sich sehr gepreßt fühlte, und redete von der großartigen,
540 1632 2196 1804 Ich hörte kein „Herein“, doch gab die Klinke nach, und ich sah
2253 1678 3894 1815 versöhnenden Einsamkeit des Waldes, in dem wir jetzt
546 1707 2201 1864 meinen Freund Ypsilon, der blaß und abgehärmt vor seinem
2387 1810 3905 1950 Er schloß die Augen, und seine Stirne runzelte sich.
2253 1815 2476 1907 fuhren.
546 1835 969 1964 Schreibtisch saß
2261 1884 3914 2038 Dann schüttelte er den Kopf. Ich hatte die Empfindung, als
686 1864 1315 2004 „Ypsilon!" rief ich aus.
680 1904 1761 2081 Er sah mich mit todesmatten Augen an.
2267 1955 3905 2098 wenn er sagen wollte: „Du wirst es doch nicht besser
703 2015 1438 2135 „Was ist Dir?" fragte ich.
2267 2078 2501 2184 machen!
2396 2044 3919 2227 So führte ich in der Einbildung immer ein Gespräch mit
698 2090 1338 2213 „Sie stirbt," flüsterte er
2278 2147 3922 2318 ihm, ohne daß er eigentlich den Mund aufthat. Es war ein
700 2121 1564 2264 „Gott sei Dank!" entgegnete ich.
686 2127 2216 2338 Sein Blick überschattete sich, er begriff diese Freude nicht
2407 2281 3919 2416 In einem stillen Waldwirthshause ließen wir uns ein
2276 2276 2733 2376 entsetzlicher Tag.
712 2310 2221 2467 „Komm', Ypsilon," sagte ich, und ich fühlte, daß ein be-
2281 2347 3916 2493 Mittagmahl auftragen. Um uns flüsterte der Wald mit ge-
580 2381 1935 2536 engender Schauder mir durch's Herz zog, „komm'!“
2287 2410 3934 2559 heimnißvollen Stimmen, und der Wind strich über die Wipfel.
726 2398 2236 2607 „Ich kann nicht," erwiderte er und wies auf das beschriebene
2413 2481 3939 2621 Ich sprach meinem Freunde zu, von den vorgesetzten Speisen
2310 2547 3928 2704 zu nehmen, was er endlich befolgte. Nach ein paar Bisser
580 2559 1427 2702 Papier, dann auf seinen Kopf.
726 2581 1970 2744 „Du bist lächerlich, Ypsillon, Du bist ja krank."
2284 2613 3945 2764 aber legte er Gabel und Messer weg, sah mir voll ins Gesicht
729 2639 2244 2796 „Rasch, rasch geht es zu Ende," sagte er, wie vor sich
2304 2679 3954 2822 und sagte: „Du bist ein guter Mensch, aber Du wirst es doch
589 2750 1601 2904 hin, die Hand auf den Kopf pressend
752 2747 2256 2936 „Aber das ist ja nicht nöthig." sagte ich und nahm ihm
2321 2807 2819 2927 nicht besser machen.
2436 2807 3957 2967 Ach! Dasselbe hatte er mir ja schon gesagt, mit seiner
606 2844 1995 3019 die Hände von der Stirne, sie in die meinen legend
735 2896 2181 3056 Er schaute mir wieder wehmüthig lächelnd in's Gesicht
606 2879 2907 3185 verstehen ist nicht nöthig inalt Du? Du kannst das nicht „kummertrüben Miene.
2436 2913 3957 3096 „Nein, ich werde es vielleicht nicht besser machen,“ ent¬
2324 3042 3977 3173 gegnete ich, „aber es wird gut werden, wenn Du vernünftig bist.
735 3082 2270 3239 „Wahrlich, Ypsilon! ganz wohl versteh' ich Dich, Du bist
2324 3116 3962 3219 Ich begreife Dich ja,“ fuhr ich fort, „mir fehlt das Ver
629 3185 2261 3310 überangestrengt; Deine Nerven sind krank von dem überheftigen
2336 3179 3982 3310 ständniß nicht für Dein reizbares krankes Poetengemüth, Du
632 3236 2287 3368 Reize, dem Deine wilde Plantasie Dich überliefert. Ein
2336 3236 3982 3368 wärst eigentlich gar kein Dichter, wenn Du in Deine Türkisa
640 3319 2287 3445 gesunder frischer Hauch aus dieser lebenswahren Welt, und
2338 3342 2884 3433 nicht verliebt wärest.
2476 3362 3988 3502 „Und da sie stirbt, muß ich elend sein," unterbrach er mich
629 3410 1215 3525 Alles ist weggeblasen.
766 3433 2281 3568 Ich ging zum Fenster und riß es auf. „Fühlst Du es?
2336 3468 3013 3565 und sah mich bebend an.
2473 3468 3988 3639 Von dieser fixen Idee ließ er nun nicht mehr, und auf all
640 3516 2278 3645 Merkst Du, wie übermüthig der Morgenwind da auf Deinem
2347 3571 3988 3702 mein Zureden hatte er nur mehr eine ablehnende Kopfbewegung.
640 3591 2287 3708 Schreibtisch in den Blättern wählt, wie keck die Sonnenstrahlen
2350 3651 3985 3799 Ich fühlte, daß diesem Wahne gegenüber meine Weisheit zu
646 3642 2293 3785 über Dein müdes Haupt und über den bestaubten Boden hinweg-
655 3722 2301 3851 glänzen? Merkst Du, wie diese tausendfarbige Welt sich in
2347 3762 2601 3845 Ende sei.
2484 3774 4011 3896 Wir saßen geraume Zeit da, dann gingen wir auch im
646 3799 1827 3902 das gebenedeite Blau des Himmels taucht?"
2358 3848 3997 3977 Walde umher. Es war ein entsetzlicher Tag. Wie verging er
772 3845 2298 3977 Er sah meinen Blicken nach, zum Fenster hinaus. Er
2356 3911 3999 4051 mir? Kaum weiß ich's selbst, so schwer, so bange lasteten die
649 3914 2293 4048 mußte blinzeln, das Licht that ihm wehe. Ich wandte mich nach
652 3988 2318 4114 ihm um und zog ihn vom Stuhle auf, was er sich schier
2378 4019 2856 4125 Stunden auf mir.
2476 4048 4017 4174 Die Sonne stand weit im Westen, als wir uns wieder in
658 4085 1272 4205 willenlos gefallen ließ.
2384 4105 4014 4242 den Wagen setzten. Die wohlausgeruhten Pferde trabten mit
783 4117 2316 4251 Um ihn aus diesem unbewusten Geschehenlassen nicht
663 4194 2310 4314 mehr aufzustören, schwieg ich und geleitete ihn so bis zum
2370 4220 3499 4334 vergnüglicher Schnelle über den Waldweg.
2507 4217 4034 4385 So waren wir eine Strecke weit gefahren, als ich bemerkte,
663 4254 2313 4377 Stiegenhause. Da fuhr er zusammen, aber nur einen Augen-
663 4340 2310 4445 blick, dann folgte er mit schleppendem Gange über die Stiege
2381 4345 3270 4474 daß mein Freund unruhig wurde
2507 4360 4031 4505 Die Sonne begann zu sinken, und die Dämmerung breitete
675 4391 2316 4517 und ließ sich auf der Straße ohne Widerspruch von mir den
2401 4463 4031 4597 sich langsam über die Auen... „Schneller!" sagte er leise....
683 4468 2201 4605 Arm reichen. Jetzt erst getraute ich mich, wieder zu reden.
2501 4520 4034 4640 Wir fuhren genugsam rasch, und da man schon die ersten
812 4534 2330 4668 „Was ist's nun, Ypsillon?" fragte ich, „thut Dir diese
2401 4580 4037 4726 Häuser der Stadt am Ende der Landstraße gewahrte, schien es,
666 4631 1172 4737 Luft nicht wohl?“
2396 4660 4042 4780 als ob wir noch vor Dunkelheit zu Hause ankommen sollten;
803 4657 2330 4791 Er aber erwiderte nichts, und wenn ich hie und da ein
689 4731 2093 4871 Gespräch einzuleiten versuchte, gab er keine Antwort.
2393 4754 3233 4871 doch die Akendschatten täuschten
2524 4760 4051 4934 „Schnell, schnell!" rief Ypsillon, so daß es der Kutscher
820 4760 2341 4926 Unser Spaziergang führte uns an den Gärten der vor¬
706 4874 2318 5003 städtischen Villen vorüber, und herrlich dufteten die morgend
2396 4888 3342 5026 hörte und seine Pferde antrieb...
686 4934 2350 5057 lichen Blumen. Von den jungen Blüthen der Bäume strömte
2527 4951 3388 5060 „Was ist Dir denn?" fragte ich.
2544 4954 4042 5126 „Nach Hause!“ murmette er. „Ich muß zu Ende kommen.“
686 5011 2336 5120 es würzig in unseren Athem. Die Brust hob sich stärker, der
2539 5051 4045 5186 Sein Athem ging rascher; in seinen Mienen zuckte es, zeit
706 5071 2341 5197 Schritt wurde frischer und fester. Ypsilan aber wandelte weiter
2407 5126 4059 5252 weise saß er still da, dann wieder entstieg ihm ein jammer-
706 5134 2341 5269 wie durch eine todte Landschaft. An einem Frühstücksplatz
2410 5191 4065 5343 voller Seufzer. In den Kastanien zu Seiten des Weges raschelte
695 5212 2347 5334 ließen wir uns nieder, und gleich mir schlürfte auch Ypsilon
2407 5252 4065 5412 es, und ein kühlerer Luftzug erhob sich... Mich schauerte
706 5274 2356 5426 seinen Kaffee, und mich wollte es bedünken, als wenn er zu
706 5343 2370 5486 einem wirklichen Leben erwachte. Nach einem Schluck schüttelte
2413 5386 2802 5500 ein wenig....
700 5440 2164 5549 er wol auch den Kopf und strich sich über die Augen.
615 5520 898 5666 E
