6216 4952
1559 454 1714 565 26
606 562 2878 701 „Da ist dann noch ein afrikanischer Prinz“, setzte er seine Geschichte fort, und
357 644 2891 776 berichtete ein Näheres von diesem Prinzen, der eine unselige Leidenschaft für Türkisa
382 758 767 890 gefaßt hatte.
603 767 1704 912 „Du bist wohl eifersüchtig?" fragte ich
603 868 2544 982 „Was hilft's," sagte er mit gepreßter Stimme, „sie liebt ihn wieder.
603 925 2891 1032 „Aber du Narr!" schrie ich ihn an. „Wach' doch auf, bedenke doch, daß du den
388 985 2882 1117 afrikanischen Prinzen von einem Tiger kannst auffressen lassen, daß dann ein deutschen
395 1086 2853 1187 Dichter namens Ypsillon mit einer Barke an den Ufern dieser Insel landen kann und..
609 1143 2699 1259 „Das kann er nicht“, erwiderte Ypsillon im Tone der tiefsten Überzeugung
609 1158 2897 1322 „Wie? — Warum nicht?“ rief ich aus. „Das liegt doch in deiner Hand! Du
382 1278 2891 1398 leitest die Fäden, deinem Schädel ist doch dieser Wahnwitz entsprungen, diese Türkisa
391 1360 1502 1487 existiert doch nur in deiner Phantasie!
625 1414 2891 1534 „Gleichviel!" antwortete er ruhig, „es muß gehen, wie es geht, die Dinge spielen
401 1502 1411 1619 sich ab, ich kann es nicht ändern".
609 1540 2033 1663 Ich sprang auf. „Du bist vollkommen wahnsinnig
597 1610 2885 1717 Er verzog die Lippen zu einem leichten Lächeln und sagte nur ganz ruhig: „Nein“
597 1682 2910 1821 Ich ging im Zimmer hin und her und fühlte, wie eine heftige Erregung meiner
388 1764 846 1894 Meister wurde.
628 1793 1966 1928 „Ich bitte dich, gehe! Du störst mich!" sagte er
615 1862 2907 2011 Ich blieb vor ihm stehen, sah ihn mit einem erbitterten Blicke an und entgegnete:
410 1963 2295 2093 „Mittags komme ich wieder, um dich zu fragen, ob du essen willst
615 2001 2894 2143 Während ich die Tür hinter mir zuschloß, sah ich, wie Ypsillon seine roten Kerzen
395 2089 2891 2219 wieder anzündete. Ich aber trat hinaus ins volle Licht, unter die Leute, die mit wuch¬
401 2172 2894 2272 tigen Alltagsschritten durch die Straßen wandelten. Im ersten Augenblicke war ich nahe
395 2231 2910 2348 daran, über diese allgemeine Lebensfrische zu erstaunen. Man begreift die Gesundheit
401 2301 2254 2411 nicht mehr, wenn man aus dem Hause der Verrückten tritt...
609 2348 2904 2500 Als ich zu Mittag bei meinem Freunde Ypsillon anklopfte, ward mir nicht auf¬
644 2440 2667 2547 „Komm' abends," sagte er durch die Tür, „ich arbeite, du störst mich"
410 2487 587 2594 getan.
628 2497 2904 2617 Abends widerfuhr mir dasselbe. Ich rief höhnisch hinein: „Ist Türkisa noch nicht
407 2569 2916 2692 tot?“ Da hörte ich ein tiefes Seuszen. Offenbar war die Arme ihrem Ende nahe. Ich
407 2639 2800 2778 empfand etwas wie Freude, denn ich hoffte, daß damit der Bann wieder gelöst sei.
628 2721 2891 2825 Auch am nächsten Morgen klopfte ich zeitig an seine Tür. Ich hörte kein „Herein,
404 2778 2916 2904 doch gab die Klinke nach, und ich sah meinen Freund Ypfilon, der blaß und abgehärmt
423 2891 1215 3002 vor seinem Schreibtisch saß.
631 2923 1326 3039 „Ypsilon!" rief ich aus.
634 2973 1780 3112 Er sah mich mit todesmatten Augen an.
638 3080 1382 3182 „Was ist dir?" fragte ich,
631 3150 1345 3270 „Sie stirbt", flüsterte er.
631 3194 1578 3317 „Gott sei Dank!" entgegnete ich.
631 3267 2440 3393 Sein Blick überschattete sich, er begriff diese Freude nicht mehr
644 3320 2932 3456 „Komm, Ypsilon," sagte ich, und ich fühlte, daß ein beengender Schauder mir
417 3434 1165 3551 durchs Herz zog, „komm!
656 3456 2929 3589 „Ich kann nicht“, erwiderte er und wies auf das beschriebene Papier, dann auf
436 3573 773 3686 seinen Kopf
631 3595 1963 3734 „Du bist lächerlich, Ypsilan, du bist ja krank.
631 3683 2938 3819 „Rasch, rasch. es geht zu Ende“, sagte er, wie vor sich hin, die Hand auf den
423 3775 846 3895 Kopf pressend.
663 3806 2938 3936 „Aber das ist ja nicht nötig“, sagte ich und nahm ihm die Hände von der Stirne,
436 3917 1130 4015 sie in die meinen legend
644 3939 2159 4068 Er schaute mir wieder wehmütig lächelnd ins Gesicht
663 4031 2534 4157 „Es ist nicht nötig, sagst du?... Du kannst das nicht versteh'n!“
663 4059 2951 4220 „Wahrlich, Ypsilon! ganz wohl versteh' ich dich, du bist überangestrengt; deine
413 4166 2938 4286 Nerven sind krank von dem überheftigen Reize, dem deine wilde nihtantasie dich lüber-
3235 464 5754 669 liefert... Ein gesunder, frischer Hauch aus dieser lebenswahren Welt und alles ist weg¬
3235 600 3494 716 geblasen
3456 587 5760 761 Ich ging zum Fenster und riß es auf. „Fühlst du es? Merkst du, wie übermütig
3251 698 5757 817 der Morgenwind da auf deinem Schreibtisch in den Blättern wühlt, wie keck die Sonnen¬
3245 751 5773 890 strahlen über dein müdes Haupt und übr den bestaubten Boden hinwegglänzen? Merkst
3248 824 5751 991 du, wie diese tausendfarbige Welt sich in das gebenedeite Blau des Himmels taucht?
3459 887 5766 1013 Er sah meinen Blicken nach, zum Fenster hinaus. Er mußte blinzeln, das Licht
3245 963 5770 1086 tat ihm wehe. Ich wandte mich nach ihm um und zog ihn vom Stuhle auf, was er sich
3267 1076 4081 1212 schier willenlos gefallen ließ.
3459 1067 5782 1215 Um ihn aus diesem unbewußten Geschehenlassen nicht mehr aufzustören, schwieg
3257 1171 5766 1294 ich und geleitete ihn so bis zum Stiegenhause. Da fuhr er zusammen, aber nur einer
3257 1244 5760 1379 Augenblick, dann folgte er mit schleppendem Gange über die Stiege und ließ sich au
3254 1313 5798 1461 der Straße ohne Widerspruch von mir den Arm reichen. Jetzt erst getraute ich mich,
3270 1423 3746 1531 wieder zu reden.
3481 1433 5504 1578 „Was ist's nun, Ypsilon?" fragte ich, „tut dir diese Luft nicht wohl?
3491 1471 5776 1644 Er aber erwiderte nichts, und wenn ich hie und da ein Gespräch einzuleiten ver
3270 1603 4132 1749 suchte, gab er keine Antwort.
3484 1654 5792 1777 Unser Spaziergang führte uns an den Gärten der vorstädtischen Villen vorüber,
3282 1714 5785 1843 und herrlich dufteten die morgendlichen Blumen. Von den jungen Blüten der Bäume
3282 1793 5792 1925 strömte es würzig in unseren Atem. Die Brust hob sich stärker, der Schritt wurde frischen
3282 1853 5801 1995 und fester. Ypsillon aber wandelte weiter wie durch eine tote Landschaft. An einem Früh¬
3279 1928 5798 2070 stücksplatz ließen wir uns nieder, und gleich mir schlürfte auch Ypsilon seinen Kaffee
3289 1988 5804 2127 und mich wollte es bedünken, als wenn er zu einem wirklichen Leben erwachte. Nach
3282 2080 5549 2203 einem Schluck schüttelte er wohl auch den Kopf und strich sich über die Augen
3500 2137 5643 2285 „Wollen wir nicht über Land fahren?" fragte ich, „das Wetter ist günstig.
3560 2213 5381 2323 ja!" sagte er, und ich war ganz erfreut über dies erste Wort
3563 2254 5814 2396 zir setzten uns in einen Wagen und fuhren dem Wienerwald entgegen. Anfangs
3305 2339 5814 2474 saß Ypsillon regungslos an meiner Seite; erst als wir ins Freie kamen und die Bäume
3305 2415 5814 2541 der Landstraße uns überschatteten, sah er fich wie erstaunt um, als wollte er sich besinnen
3305 2522 3832 2632 Endlich lächelte er
3526 2544 4501 2680 „Ist's nicht schön da?" fragte ich.
3510 2557 5833 2740 Er sah mich wieder lächelnd an, als wollte er sagen: „Du Narr, meinst du
3311 2699 4526 2828 wirklich, daß mir dies endlich helfen soll°¬
3519 2743 5817 2878 Ich sprach weiter, so gut es mir vom Herzen ging, das sich sehr gepreßt fühlte
3305 2822 5842 2938 und redete von der großartigen, versöhnenden Einsamkeit des Waldes, in dem wir jetzt
3519 2923 5826 3068 Er schloß die Augen und seine Stirne runzelte sich. Dann schüttelte er den Kopf
3324 2951 3519 3074 fuhren
3324 3033 5836 3178 Ich hatte die Empfindung, als wenn er sagen wollte: „Du wirst es doch nicht besser
3324 3153 3576 3251 machen!"
3532 3150 5852 3295 So führte ich in der Einbildung immer ein Gespräch mit ihm, ohne daß er
3320 3270 4116 3409 eigentlich den Mund auftat
3532 3301 5839 3428 In einem stillen Wirtshause ließen wir uns ein Mittagmahl auftragen. Um uns
3327 3371 5830 3535 flüsterte der Wald mit geheimnisvollen Stimmen und der Wind strich über die Wipfel
3535 3453 5852 3573 Ich sprach meinem Freunde zu, von den vorgesetzten Speisen zu nehmen, was er
3330 3510 5858 3639 endlich befolgte. Nach ein paar Bissen aber legte er Gabel und Messer weg, sah mir
3342 3576 5858 3715 voll ins Gesicht und sagte: „Du bist ein guter Mensch, aber du wirst es doch nicht
3346 3702 3734 3806 besser machen
3557 3702 5738 3854 Ach! Dasselbe hatte er mir ja schon gesagt, mit seiner kummertrüben Miene
3554 3775 5855 3926 „Nein, ich werde es vielleicht nicht besser machen," entgegnete ich, „aber es wird
3336 3851 5864 3999 gut werden, wenn du vernünftig bist. Ich begreife dich ja," fuhr ich fort, „mir fehlt
3342 3930 5867 4065 das Verständnis nicht für dein reizbares krankes Poetengemüt, du wärst eigentlich gar
3342 4015 5088 4160 kein Dichter, wenn du in deine Türkisa nicht verliebt wärest.
3554 4072 5877 4229 „Und da sie stirbt, muß ich elend sein“, unterbrach er mich und sah mich bebend an
