4408 5960
3521 339 3742 463 W.
3378 451 3709 563 21. Heft
1496 490 2509 608 An der schönen blauen Donau.
370 517 902 650 Seite 492
1109 499 1343 637 :
2311 625 3409 772 Das verlorene Paradies.
348 670 1974 763 und die weiter wachen, weiter spioniren dürfen, die den glück¬
358 745 1978 838 seligen Augenblick erwarten, in dem die Ungetreue sich durch einen
2592 736 3142 856 Nach dem Französischen des
358 805 1982 900 Blick, ein Wort verrathen wird... Ich aber bin ein Verdammter
356 879 1984 972 für ewige Zeit; denn das Grab gibt keine Antwort... Und
364 935 1984 1043 manchmal fahre ich des Nachts aus meinen wüsten Träumen
2925 925 3622 1088 Mendy
364 999 1982 1103 auf, von dem Gedanken gequält, daß ich vielleicht das Andenken
2228 981 2758 1125 Oc Culle
352 1076 1984 1175 einer Unschuldigen entweihe... Wie gern möchte ich sie weiter
2615 1084 3124 1179 (Catulle Mendès.)
358 1144 1988 1233 lieben, das Weibe das mich so selig gemacht hat... Wie gern
364 1198 1980 1301 möchte ich sie hassen können, die Erbärmliche, die mich betrogen
362 1270 1984 1367 und beschimpft... Vor mir, hier auf dem Schreibtische steht
358 1343 1996 1430 wieder ihr Bild, denn ich habe es vom Boden aufgehoben
2443 1324 3209 1481 Vos Cruestians
364 1411 1994 1504 und lasse es an seinem früheren Platze stehen. Wenn ich Dich
3260 1430 3655 1518 Nachdruck verboten.
358 1481 1982 1564 anbeten dürste, hinstürzen vor dieses Bild, wie vor das einer
364 1539 1994 1634 Heiligen und weinen! Wenn ich Dich verachten dürfte, dieses
2410 1597 3687 1696 Ich träumte — und da erschien mir eine Gestalt;
358 1620 1401 1703 Bild zertreten unter meinen Füßen!...
2449 1657 3624 1756 sie glich einer jungen Frau in Balltoilette
490 1672 1992 1773 Abende, Nächte lang starre ich in diese stummen, lächelnden,
2447 1729 3699 1829 die Flügel sahen aus wie flatternder Monsseline
377 1771 974 1868 räthselhaften Augen...
2520 1804 3699 1893 ich wußte also gleich, daß es ein Engel war.
931 1854 1438 1967 Wie lang?
2580 1862 3703 1974 „Schöner Engel," sprach ich, „wie verdiene
2458 1936 3703 2032 ich die Huld, daß ich Dich empfangen darf zu
532 1936 1825 2029 Unter meinen Tritten rauscht das frischgefall'ne Laub,
544 2009 1448 2083 Und ich lasse mich nach fernen Tagen
2460 2009 3703 2094 so ungewöhnlicher Stunde, in diesem Zimmer,
538 2040 1622 2154 Stolzen Sinns- von meiner Hoffnung tragen,
2466 2087 3697 2166 wo noch der liebessüße Duft brauner Flechten
538 2120 1142 2207 Ich, derselbe Erdenstaub!
2472 2139 3705 2232 sich verspätet hat? Verletzt Dich nicht dieser Duft,
544 2172 1891 2271 Wie doch Alles rings der Jugend bunt in Blüthen steht,
2460 2226 3711 2290 Dich, der Du gewöhnt bist an den Weihrauch,
544 2234 1490 2315 Sie, der Alles grün und sonnig deuchet.
2466 2276 3724 2358 den Rauchfässern entstiegen, die im wesenlosen
538 2286 1556 2358 Sieht nicht, wie so manches Leben keuchet,
556 2348 1200 2441 Wo sie leichtgemuthet geht!
2338 2309 3703 2420 Aether von elftausend Jungfrauen geschwungen
561 2404 1901 2489 Und wie lang, dann eilt auch schon ein anderes Geschlecht,
2054 2412 3715 2507 werden? Um Himmelswillen, nah' nicht meinem Tische; dort
556 2468 1510 2542 Kühnen Fernblicks, strebend ohne Zügel,
2067 2472 3715 2567 könntest Du vielleicht das Bild eines schönen Menschenkindes
556 2520 1467 2602 Ueber mein Gedächtniß, meinen Hügel
2067 2549 3722 2642 erblicken, gehüllt in die Erinnerung an ein Gewand, in die
556 2576 1266 2665 Hin mit gleichem Glückesrecht!
2085 2611 3724 2708 Reue um ein Hemdchen. Und was gar meinen Bücherschrank
463 2667 788 2766 Wolfsbach.
2079 2698 3724 2766 betrifft — Du fändest nichts darin, als bittere und traurige
834 2636 1953 2836 Frz. H. Achleitner
2079 2743 3703 2847 Gedichte, die ich lese, ein Lächeln auf den Lippen, närrische
2079 2822 3176 2933 Märchen, die ich lese, eine Thräne in A
2137 2886 2814 2981 Kugel antwortete:
2216 2915 3722 3043 Erspare Dir die Mühe, mir Rathschläge zu geben. Wenn
530 2929 1506 3105 er Unbesiegbare!
2079 3006 3724 3101 ich oder meinesgleichen zu Leuten kommen, so wissen wir, was
765 3060 1531 3138 Der Geist ist uns vorangeflogen
2092 3078 3711 3163 wir dort zu suchen haben. Auch bemühe Dich nicht weiter, zu
782 3130 1415 3200 Bis in die fernste Ewigkeit
2079 3138 3718 3231 erfahren, welcher Deiner Tugenden Du meinen Besuch ver¬
765 3163 1614 3260 Er hat das Zauberland durchzogen
2079 3207 3726 3296 dankst. Allmächtig, wie wir sind, kommt uns des öfteren die
765 3233 1099 3312 Unendlichkeit,
2079 3279 3734 3370 Laune an, Diejenigen zu begünstigen, die unsere Gnade am
780 3277 1649 3362 Er konnt' der Erde Bahn ergründen,
776 3349 1667 3426 Als er empor zum Licht sich schwang,
2079 3341 3724 3461 Wenigsten zu verdienen scheinen. Und Allmacht gibt es nicht
782 3409 1624 3473 Er konnte donnernd uns verkünden,
2092 3424 2861 3519 ohne ein Bischen Plantasie."
776 3465 1158 3548 Weltuntergang,
2216 3467 3715 3575 Ich ließ es mir gesagt sein und schwieg fein still, da ich
782 3513 1624 3602 Doch wie er herrlich auch errungen.
2096 3560 3724 3643 mich außer Stande fühlte, mit einer Erscheinung zu streiten,
776 3589 1469 3651 Was in Aeonen werden mag
2096 3627 3329 3718 die so vollkommen einer jungen Frau gleichsah.
788 3633 1649 3720 Sein Schicksal hat er nie bezwungen
2209 3668 3722 3786 „Ich bin gekommen," fuhr der Engel fort, „um Dich zu
765 3695 1239 3786 Vom nächsten Tag.
2100 3749 3728 3852 fragen, ob Du in's Paradies kommen möchtest, ohne Dich mit
519 3788 699 3862 Wien.
2089 3806 3643 3910 leeren Formalitäten, wie Tod und Begräbniß, aufzuhalten.
1341 3757 2019 3951 Salten
741 3771 1161 3951 Fely
2209 3866 3734 3968 Man kann sich unschwer vorstellen, daß solch' ein Anerbieten
947 4092 1477 4212 Poetenliebe.
722 4179 1603 4274 Mein Herz die schönste Stunde feiert
716 4251 1394 4332 Im Hauche der Melancholie
722 4301 1589 4390 Von ihrem blauen Duft umschleiert,
734 4365 1328 4444 Naht die geliebte Poesie.
728 4394 1607 4487 So traulich stille wird’s zur Stunde,
741 4473 1446 4547 Es rauschet leise ihr Gewand,
728 4514 1411 4584 Und eine alte Märchenkunde
734 4570 1738 4663 Schwebt mit dem Rosenduft durch's Land.
734 4634 1624 4711 Die Traute beugt sich lächelnd nieder,
726 4694 1630 4764 Mein Antlitz streift ihr seid'nes Haar
734 4746 1632 4814 Es weckt ihr Kuß die gold'nen Lieder
734 4793 1655 4868 Und macht das Märchen lieblich wahr.
728 4862 1624 4932 Die Vöglein flüstern in den Zweigen:
741 4907 1645 4986 Schaut, wen die Schönste da erwählt!
728 4961 1554 5042 Und nächtlich wird im Elsenreigen
734 5017 1541 5128 Von uns'rem Liebestraum erzählt.
523 5071 761 5190 Zürich.
1243 5087 2021 5265 Victor Maria.
2092 3941 3715 4049 mich höchlichst entzückte; hatte ich doch immer das heiße Ver¬
2096 4020 3724 4119 langen gehabt, die Herrlichkeiten des Himmels zu erschauen.
2228 4090 3107 4187 „Gehen wir sofort!" rief ich aus.
2209 4154 3726 4245 Kaum hatte ich diese Worte gesprochen, als ein rosiges
2092 4216 3726 4326 Wölkchen in Gestalt eines Lustballons durch die offene Decke
2092 4278 3740 4398 in's Zimmer schwebte. Die Gondel, groß genug für zwei
2092 4359 3744 4435 Personen, bestand aus einem Geflecht von Strahlen. Kaum
2108 4431 3747 4528 saßen wir, der Engel und ich, darin, so rief er „Vorwärts!“ zu
2108 4491 3734 4588 unsichtbaren Dienern, und wir stiegen empor, rasch und rascher
2102 4568 3099 4682 in die dunkle, blaue Stille der Nacht.
2214 4758 3747 4886 Indetz in nebliger Ferne die Wohnungen der Menschen
2092 4851 3738 4998 verschwanden und die Berge immer mehr und mehr zusammen¬
2112 4932 2706 5042 schrumpften, fragte ich:
2207 4979 3740 5097 „Holder Engel! Ist das Paradies in der That so herrlich,
2102 5058 3744 5139 wie unsere Träume es schildern? Sprich mir, o mein göttlicher
2108 5137 3753 5228 Führer, sprich mir von den Wundern, die meiner Blicke harren,
2106 5188 3465 5325 von den Freuden, denen meine Seele entgegengeht!“
