6264 4984
1553 479 1736 595 28
561 617 2882 743 Von dieser fixen Idee ließ er nun nicht mehr, und auf all mein Zureden hatte
375 699 2892 828 er nur mehr eine ablehnende Kopfbewegung. Ich fühlte, daß diesem Wahne gegenüber
372 784 1206 895 meine Weisheit zu Ende sei.
586 788 2901 936 Wir saßen geraume Zeit da, dann gingen wir auch im Walde umher. Es war
369 907 2885 1014 ein entsetzlicher Tag. Wie verging er mir? Kaum weiß ich's selbst; so schwer, so bange
369 989 1238 1106 lasteten die Stunden auf mir.
586 1014 2892 1156 Die Sonne stand weit im Westen, als wir uns wieder in den Wagen setzten. Die
365 1102 2633 1251 wohlausgeruhten Pferde trabten mit vergnüglicher Schnelle über den Waldweg
586 1156 2889 1282 So waren wir eine Strecke weit gefahren, als ich bemerkte, daß mein Freund
369 1244 832 1377 unruhig wurde.
592 1298 2907 1443 Die Sonne begann zu sinken und die Dämmerung breitete sich langsam über die
365 1399 1550 1499 Auen... „Schneller!" sagte er leise
592 1440 2907 1562 Wir fuhren genugsam rasch, und da man schon die ersten Häuser der Stadt am
381 1509 2892 1616 Ende der Landstraße gewahrte, schien es, als ob wir noch vor Dunkelheit zu Hause an¬
381 1594 1789 1729 kommen sollten; doch die Abendschatten täuschten.
627 1654 2914 1792 „Schnell, schnell!" rief Ypsillon, so daß es der Kutscher hörte und seine Pferde
387 1742 690 1862 antrieb..
621 1770 1506 1922 „Was ist dir denn?" fragte ich
595 1840 2281 1978 „Nach Hause!" murmelte er. „Ich muß zu Ende kommen."
614 1896 2898 2035 Sein Atem ging rascher; in seinen Mienen zuckte es, zeitweise saß er still da
394 2000 2914 2098 dann wieder entstieg ihm ein jammervoller Seufzer. In den Kastanien zu Seiten des
400 2095 2911 2180 Weges raschelte es und ein kühler Luftzug erhob sich... Mich schauerte es ein wenig..
614 2133 2466 2274 „Nach Hause, nachHause!" rief Ypsilan laut, doch wie stöhnend
608 2180 2926 2318 „Laß doch“, beschwichtigte ich ihn, „wir kommen früh genug heim. Was willst
394 2293 1912 2388 du auch daheim?... Du darfst nicht mehr arbeiten.
608 2359 2265 2451 Er sah mich an, ganz erstaunt. „Ich muß doch“, sagte er
621 2372 2907 2514 Jetzt fuhren wir zwischen den ersten Laternen der Vorstadt. Immer ruheloser
400 2473 2926 2599 wurde Ypsillon. Er fuhr mit den Händen hin und her und seine Augen irrten; auch
400 2570 1399 2671 atmete er wie ein Fieberkranker
608 2614 2907 2728 Er atmete so heftig, daß sich der Kutscher umwandte und ihn mit Verwunderung
387 2693 2920 2781 betrachtete. Dann hieb er auf die Pferde ein und mit großer Geschwindigkeit rollten wir
406 2756 2911 2870 auf dem lärmenden Pflaster dem Wohnhause meines Freundes zu. Ein- oder das anderemal
406 2816 2917 2926 rief ich ihn noch an: „Ypsilon!“ Er aber hörte gar nicht auf mich; in unendlich
406 2885 2904 2999 hastiger Arbeit schien sein Geist befangen, und meiner bemächtigte sich eine immer trüb
406 3008 976 3106 seligere Stimmung.
621 3027 2926 3134 Ein Bild tauchte vor mir auf, als wir durch die schlecht erleuchteten Gassen
403 3093 2930 3213 fuhren, das ich nimmer loswerden konnte... Ich sah die Prinzessin Türkisa im Sarge
406 3175 2926 3282 liegen, der ganz von Glas war und davor stand mein unseliger Dichter mit tränenlosen,
425 3263 1005 3374 schmerzlichen Augen.
608 3292 2939 3411 Da hielten wir vor dem Hause; Ypsilon sprang aus dem Wagen und stürmte
406 3377 2933 3481 über die Treppen. Als ich hinauskam, saß er schon vor seinem Schreibtisch mit den vier
403 3459 1843 3563 roten Kerzen und hörte mich nicht, als ich eintrat
627 3478 2926 3651 Eben begann er zu schreiben. Alles um ihn war versunken. Die sterbende Türkisa
413 3616 1181 3717 bannte ihn in ihren Kreis.
608 3648 2923 3761 Ich legte mich auf den Divan und gedachte hier zu bleiben, da ich ernstlich un¬
394 3739 724 3862 ruhig war.
633 3793 2939 3887 Seine Feder hastete übers Papier, das Fenster war offen, die Kerzenlichter
422 3846 2942 3978 flackerten. Die losen Blätter seiner Geschichte flogen auf dem Tisch durcheinander. Der
416 3931 2624 4054 Ausdruck seines Gesichts ward immer bewegter; dabei war er aber totenblaß
621 3934 2955 4114 In irgend einem Augenblick hatte ich das deutliche Gefühl, daß Türkisa starb.
413 4064 2942 4193 Er schrieb plötzlich etwas langsamer, während er schwer atmete und mit stierem Blicke
419 4136 2948 4246 auf die vor ihm liegenden Zeilen starrte. Dann ließ er die Feder aus der Hand fallen,
435 4212 2933 4347 sein Kopf sank herab und er weinte bitterlich, herzbrechend. Mir wurde wohler, freier
4275 419 4586 554 — 29
3235 501 5724 734 Ich dachte, jetzt wär' es vorbei, der Bann gelöst, die schreckliche réhantasie, in der er tage¬
3235 598 5736 800 lang gelebt, sei zerstoben, verweht. Ja, mir war, als ginge in der ganzen Atmosphäre
3229 668 5689 860 rings um uns her eine Veränderung vor. Böse Geister rauschten durchs Fenster davon
3235 721 5752 926 und die roten Lichter im Zimmer brannten ruhiger und heller. Auch die Blätter auf dem
3254 806 5749 1021 Tisch regten sich nicht mehr; der Friede war wiedergekehrt. Und mein armer Freund
3244 964 4120 1099 weinte, weinte still und stiller.
3474 964 4829 1140 Ich schlummerte auf dem Divan langsam ein..
3462 1005 5755 1191 Es muß ziemlich lange gewesen sein, denn als ich wieder aufwachte, waren die
3263 1087 5607 1276 Kerzen tief herabgebrannt. Ypsillon aber saß noch immer da mit gefenktem Haupte.
3525 1162 5553 1336 sch trat zu ihm. Er sah mich voll, mit einem ganz beruhigten Blicke an.
3490 1285 4583 1418 „Geh' doch schlafen", sagte ich zu ihm
3484 1269 5771 1468 Er erwiderte und seine Stimme klang fest und gemäßigt: „Geh' du doch und
3509 1389 5591 1625 „Nun, Ypsillon“, rief ich freudig bewegt aus, „es ist doch alles vorüber!"
3279 1443 4095 1575 sorge dich um nichts weiter.
3509 1509 5131 1698 „Alles vorüber“, sagte er und küßte mich auf die Stirne.
3512 1562 5796 1764 „Nun, so erlaube mir doch“, sagte ich, „den Rest meiner Nachtruhe hier auf dem
3285 1698 4555 1843 Sofa in deinem Zimmer zu halten, Ypsilon.
3500 1723 5109 1912 „Bleib' immerhin", erwiderte er mit freundlichem Blicke.
3500 1764 5771 1984 Er behielt mich im Auge, während ich mich auf das Lager streckte. Und als
3311 1846 5796 2070 ihm zurief: „Also ins Bett!“ nickte er mir lächelnd zu. Ich fühlte sein Auge weiter auf
3311 1994 4486 2126 mir ruhen, als ich zu schlummern begann
3522 1953 5818 2177 Eine warme Luft strömte jetzt von draußen ins Zimmer, einer von den Kerzen
3308 2063 5809 2268 verlöschte, die andern flackerten weiter, mit unruhigem Schein, ich sah das alles im Halb¬
3304 2208 4432 2375 traum, dann schlief ich vollends ein..
3531 2205 5497 2394 Es dämmerte, als ich aufwachte. Ypsilon war nicht mehr im Zimmer
3537 2262 5821 2473 Noch dachte ich an nichts und erhob mich, um zu dem Tische zu gehen, wo ich
3317 2369 5024 2558 im Dämmerlichte einen zusammengefalteten Zettel liegen sah
3541 2419 5843 2614 Bevor ich ihn öffnete, trat ich zu dem Bette meines Freundes. Es war nicht
3553 2580 5856 2778 Ich schauderte und sah vor allem, wie schon so die Verwirrung in solchen Augen¬
3326 2552 3808 2737 berührt worden.
3342 2637 5837 2832 blicken mit uns ihr Spiel treibt, nach den Kerzen. Sie standen nicht mehr auf dem Tisch
3364 2715 5856 2923 sie lagen samt den Leuchtern in der Ecke neben dem Ofen. Ich sah nach den Blättern,
3364 2854 4303 3008 sie lagen zerstreut da, wie früher
3572 2885 4905 3062 Jetzt erst öffnete ich den Zettel. Darauf stand:
3569 2989 4599 3109 „Türkisa ist tot! Alles ist vorüber!"
3569 2974 5550 3185 Meine Zähne schlugen zusammen. Wo war er, wo war er denn nur?
3566 3040 5865 3254 Ich eilte ins Vorzimmer — leer! Riß die Tür auf, trat ins Stiegenhaus — es
3374 3122 5875 3333 war dunkel. Ich ging zurück, entzündete eine von den in der Ecke liegenden Kerzen und
3374 3182 5890 3399 trat in den Flur. Dort lag etwas Schwarzes ganz unten! Ich hielt das Licht über das
3380 3257 5890 3459 Geländer, um besser zu sehen. Ein roter Wachstropfen fiel hinunter, ich rannte mit dem
3370 3386 5144 3537 Lichte die Treppe hinab — da lag sein Leichnam vor mir —
3600 3405 5897 3604 Dann kamen, wohl durch meinen hastigen Lauf über die Stiegen aufgeweckt, noch
3386 3556 4671 3704 andere Leute dazu und erblickten den Körper
3616 3556 5201 3745 „Was ist's?“ fragte man. Einige schrieen auch laut auf
3610 3591 5925 3824 Ich hielt mich zu einer Erklärung verpflichtet: „Er war wahnsinnig“, sagte ich.
3619 3723 5553 3915 Einer nahm mir das Licht aus der Hand; es mußte gezittert haben.
3616 3846 5922 4076 Ich habe die letzte Erzählung meines Freundes Ypfilon gelesen; sie ist ganz miß¬
3418 4026 4782 4161 lungen, und es steckt kaum etwas Talent darin.
3629 4029 5928 4221 Sicher ist das ein trübseliger Abschluß meiner Geschichte; er gehört jedoch zur
3424 4104 5944 4334 Vollständigkeit meines Berichtes. Die Muse hat zuweilen Launen... Das Werkzeug einer
