4392 5928
3651 320 3945 487 Häheinän.
495 453 687 606 Wm.
3570 474 3916 594 Seite 491
1012 500 1618 649 1 „ „ —: —:
1712 478 2716 645 An der schönen blauen Donau.
508 525 858 683 21. Heft
2242 598 3890 756 dem Wagen nach... Ich konnte ihn nicht erreichen.... Ich sah
658 692 2195 803 Nichts von Alledem habe ich gethan. Ich mußte wieder
2233 722 3899 833 ihn noch Minuten lang, denn die Straße ist lang und gerade
534 756 2186 863 hin.. am späten Abend... Einsam der Friedhof, Niemand
2267 773 3886 901 — endlich war er aus meinen Augen... Und da stand ich
529 837 2178 939 weit und breit... Das erstemal heute bin ich niedergesunken
2267 858 3894 952 ... so wie ich jetzt vor diesem Blatt Papier sitze... dem
538 897 2182 1003 und habe die Erde geküßt, unter der sie ruht. Und habe dann
2246 910 3894 1021 Wahnsinn nahe. Wer ist dieser Mann, der es wagt, auf
564 961 2178 1076 geweint, ja, geweint... Es war so still.. die Luft kalt und
2242 999 3899 1085 dem Grabe meiner Gattin zu knien?.. Was war er ihr?..
555 1033 2186 1127 ruhig. Ich bin dann aufgestanden und durch die Gräber-
2246 1046 3899 1161 Wie erfahre ich's?... Wo finde ich ihn wieder?... Plötzlich
551 1097 2178 1196 reihen der Kirchhofsthür zu. Und es blieb vollkommen ein-
2242 1123 3894 1221 verzerrt sich mir die ganze Vergangenheit... Bin ich denn
551 1149 2186 1290 sam; so scharf blickte der Mond über die Kreuze und Denkmäler
2246 1187 3903 1294 toll? Hat sie mich denn nicht geliebt?.. Ist sie nicht hier
559 1238 2203 1349 daß ich Jeden hätte sehen müssen. Eine Frau sah ich auch im
2263 1247 3899 1366 hinter meinem Sessel hundertmal gewesen, hat ihre Lippen auf
534 1302 2203 1388 Weggehen, mit dem schwarzen flätternden Schleier und dem
2255 1324 3907 1426 meinen Kopf gepreßt und mit den Händen meinen Hals um¬
564 1358 2208 1465 Taschentuch... ich kenne sie schon so genau, diese Frauen. Und
2267 1383 3911 1490 schlungen? Waren wir nicht glücklich?... Wer aber ist dieser
555 1443 2186 1533 die breite Straße, die der Stadt zuführt, lag weiß im Licht des
2255 1448 3911 1559 blonde, schöne, junge Mann?... Warum ist mir sein Gesicht
568 1507 2203 1601 Mondes da. Ich hörte immer meine Schritte; Niemand kam
2255 1520 3920 1635 so bekannt erschienen?... Ist mir's jetzt nicht, als hätte ich ihn
576 1567 2208 1670 hinter mir; lange blieb ich ganz einsam da, bis die ersten Vor¬
2276 1593 3916 1695 zu wiederholtenmalen, wenn ich mit ihr im Theater war oder
568 1627 2199 1751 stadthäuser kamen und die ersten Wirthsstuben. Da gab es
2255 1661 3907 1755 in einem Concerte, uns gegenüber gesehen, den Blick unver-
568 1699 2208 1798 auf einmal wieder Menschenstimmen und Tritte und Lärm.
2263 1717 3911 1828 wandt auf sie gerichtet? War es nicht er, der einmal, als ich mit
572 1759 2199 1870 Mir aber that es ganz wohl, und jetzt, da ich nach meiner
2267 1785 3916 1892 ihr spazieren fuhr, dem Wagen so lange nachgeschaut?.. Wer
576 1828 2203 1939 Abendwanderung zu Hause angelangt bin, habe ich ein selt-
2255 1849 3920 1968 war er? Wer? Wer? Ein Schwärmer vielleicht, den sie nicht
576 1896 2208 2011 sames, seit lange nicht gehegtes Verlangen empfunden, mein
2267 1943 3911 2037 einmal gekannt, den sic nicht einmal eines Blickes gewürdigt.
589 1973 2203 2075 Fenster aufzumachen, wieder Menschenstimmen und Straßen¬
2267 1986 3933 2092 Auch ich hätte ihn ja kennen müssen:... Er hütte doch einmal in
585 2033 2216 2139 lärm zu hören. Aber die Nacht ist weitergeschritten und es
2276 2054 3916 2161 irgend einer Gesellschaft sich uns zu nähern versucht. Nein
572 2105 2208 2208 wird stille unten. Auch frieren mich die Finger, während
2276 2122 3920 2225 er hat mich vielleicht vermieden. Er hat meine Frau ge-
572 2169 2233 2310 ich dieses niederschreibe, weil es kalt zu werden beginnt; und
2259 2182 3924 2297 kannt, ohne mich zu kennen. Er hat sie auf der Straße ver¬
585 2237 1785 2378 das Licht zittert trotz der unbewegten Luft.
2293 2250 3924 2366 folgt er hat es gewagt, mit ihr zu sprechen. Nein!
2284 2331 3928 2425 Sie hätte es mir erzählt!.. Erzä hlt!... Wenn sie ihn liebte?..
2297 2387 3933 2494 Ach, sie liebte ja mich. Mich?.. Woher weiß ich das?
722 2357 2225 2524 Ich stand da, hart an der Friedhofsmauer, und die hohe
2280 2455 3924 2562 Weil sie mir's gesagt hat?... Sagen sie's nicht Alle, und die
585 2485 2216 2596 Weide verbarg mich seinen Blicken. Frühmorgens war ich
2280 2541 3916 2630 Falschesten öster als die Besten..? Oh, ich werde ihn finden..
589 2549 2216 2652 gekommen — der Allererste. Im Häuschen des Todtengräbers
2284 2592 3937 2703 ich werde ihn finden und fragen. Und er selbst
585 2622 2216 2716 brannte sogar noch ein Licht. Bald nach mir aber erschienen
2280 2686 3941 2763 wenn er von ihr geliebt wurde, was wird er antworten?..
585 2690 2233 2780 Andere, Frauen zumeist. Endlich er.... Ruhig schritt er dem
2306 2750 3928 2835 Ich bin zu ihrem Grabe hinausgewandert, weil ich sie liebte
615 2750 2225 2857 Platze zu, wo er gewöhnlich weilt. Immer dieselben großen
2280 2810 3941 2912 sie aber hat nie etwas davon erfahren... Kann ich denn
602 2827 2233 2908 klagenden Augen.... Und er kniete nieder. Ich schaute hir,
3220 2852 3945 2959 gen? Ja was also
1063 2882 2246 3006 Sr. Christe auf dem Grabe meiner Gattin
2280 2887 3113 2985 die Wahrheit aus ihm heraus
606 2912 867 2985 hini hin
3215 2887 4005 3057 meiterlehen?...
2272 2938 3109 3057 soll ich thun? H.. Welterleben.
619 2912 974 3074 Aber
1068 2938 2220 3053 alhemeos, hatte meine Finger in ###
598 3002 2229 3130 ###sen. Das dauerte Minuten lang... Er kniete, er betete
611 3074 2237 3202 nicht.... Er weinte auch nicht... Nun erhob er sich wieder
2413 3049 3954 3194 Seit dreien Tagen habe ich ihn nicht wiedergesehen. Ich
602 3143 2229 3254 .. wandelte, wie er's gewöhnlich zu thun pflegt, die Wege
2310 3177 3954 3292 bin all' die Zeit draußen gewesen, er erschien nicht mehr. Die
589 3215 2237 3305 kreuz und quer. Nach einiger Zeit kam er wieder in meine
2306 3241 3963 3360 Todtengräber wissen nicht, wer er ist. Die nächsten Tage
611 3275 2255 3395 Nähe... Ich hatte mich dem Grabe meiner Gattin genähert
2306 3309 3958 3425 will ich straßauf, straßab rennen, ich muß ihn finden. Er
628 3348 2250 3454 und stand da, gestützt auf das Gitterwerk eines benachbarten
2306 3386 3958 3493 ist vielleicht abgereist. Einmal muß er wiederkommen.
619 3416 2255 3518 Grabmals.... Er schritt an mir vorüber, sah mich gelassen
2327 3446 3971 3565 Er muß wiederkommen?... Und wenn er todt ist..? Wenn
619 3484 2250 3587 an... Ich wollte ihn anrufen, ich habe es nicht gethan..
2319 3506 3984 3625 er nicht leben kann ohne sie? Oh, es wird humoristisch!
619 3544 2255 3668 Ich habe gesehen, wie er sich dem Ausgang des Kirchhofes
2319 3578 3971 3694 Noch Einer, der ohne sie nicht leben kann. Ich hätte nur
619 3608 2255 3723 näherte, und bin noch immer dagestanden... Ich weiß nicht
2327 3647 3971 3758 die eine Sehnsucht, ihm zu sagen.. Mein Verehrter! Be-
628 3698 2237 3787 wie mir war... Ich weiß auch nicht, wie mir jetzt ist.
2323 3706 3992 3826 trüben Sie sich nicht allzu tief. Sie hat jedenfalls auch mich
632 3745 2255 3856 Aber es kommt ein Tag, morgen... morgen schon, wo ich
2331 3783 3988 3903 geliebt. Ja, eifersüchtig möchte ich ihn machen. Ihr
636 3809 2267 3971 ihn wieder sehen, wo ihn fragen, wo ich Alles wissen werde...
2323 3847 3992 3958 Bild habe ich von meinem Schreibtisch heruntergeschleudert, da
124 3869 282 3975 Et
2327 3911 3992 4039 liegt es, mitten im Zimmer.... Und da, mittén im Zimmer
2327 3975 3975 4095 auch ihre Briefe, die Briefe die sie in ihren Schränken und
752 3954 2267 4125 Welch eine Nacht ist das! Ich kann nicht schlafen. Es
2348 4048 3992 4168 Pulten aufbewahrt hat... Denn ich habe Alles aufgerissen
619 4091 2250 4172 ist kaum Mitternacht vorüber. Ich will doch jetzt hin
2348 4112 3975 4232 und durchstöbert. Was habe ich gefunden?... Briefe von mir
632 4155 2276 4261 was soll ich hier, in meiner Wohnung thun... Ein paar Stunden
2340 4193 3997 4296 Blumen von mir, Bänder, Schleifen... vielleicht auch eine
632 4206 2284 4330 nur, und die Tollheit ist wieder vorüber... Wie klar wird
2340 4253 3984 4368 Blume von ihm... wie soll man das der Blume ansehen?..
649 4274 2297 4445 Alles sein... Aber bis dahin!... Nun, es sind ja nur
2340 4313 4018 4432 Was habe ich denn finden wollen?... Bewahrt denn eine
2357 4381 4014 4505 Frau etwas auf, was sie verrathen könnte?... Ich habe auch in
645 4381 1003 4488 Stunden
2357 4445 4001 4560 ihren Kleidern, die noch dahängen, herumgesucht.. ein kleines
781 4445 2297 4612 Ja, ja! Auf dem Grabe meiner Gattin! Wieder habe ich
2348 4513 4018 4663 Briefchen, ein Zettel, den man in die Hand drückt, ist leicht
653 4560 2306 4688 ihn dort knien gesehen; ich bin nur zehn Schritte von ihm
2357 4595 3625 4731 vergessen... Sie aber hat nichts vergessen...
658 4633 2293 4757 gestanden... Und warum bin ich nicht gleich auf ihn gestürzt?
662 4706 2289 4825 Warum habe ich ihn aufstehen, ein paar Schritte unbehindert
662 4782 2297 4885 weitergehen lassen. Wie? Habe ich das Recht nicht, ihn zu
2477 4714 4018 4902 Ich bin nicht mehr auf dem Friedhofe gewesen. Mich
675 4838 2297 4957 fragen, wer er ist?... Wen kann ich fragen als ihn?... Er
2383 4855 4018 4966 schaudert davor, das Grab wiederzusehen... Es kommen ruhigere
658 4910 2306 5039 hörte aber meine Schritte hinter den seinen, als er dem Thore
2374 4915 4022 5043 Minuten... Nachdem die ersten Tage vorübergegangen sind
670 4983 2314 5077 zuschritt.... Und ich irre mich nicht, er hat seinen Gang be-
2374 4992 4022 5103 ohne daß ick wahnsinnig geworden, muß ich mich darein finden
675 5039 2323 5167 schleunigt. Aber ich bin ihm nach.. und das merkte er.... Wie
2374 5043 4061 5167 nie die Wahrheit erfahren zu können... Wie beneide ich jene
670 5111 2314 5222 er aus dem Thore hinausgetreten war, entschwand er mir natür¬
2374 5111 4061 5235 Betrogenen, die über ihr Unglück klar geworden sind! Wie
666 5184 2319 5299 lich für zwei Augenblicke.... Ich aber ihm nach... Da raste
670 5180 4095 5350 ein Wagen davon.... Der einzige rings im Umkreis.... Ich I beneide ich selbst das Los Derjenigen, welche ein Verdacht quält,
