<?xml version="1.0" encoding="UTF-8" standalone="yes"?>
<PcGts xmlns="http://schema.primaresearch.org/PAGE/gts/pagecontent/2013-07-15" xmlns:xsi="http://www.w3.org/2001/XMLSchema-instance" xsi:schemaLocation="http://schema.primaresearch.org/PAGE/gts/pagecontent/2013-07-15 http://schema.primaresearch.org/PAGE/gts/pagecontent/2013-07-15/pagecontent.xsd">
    <Metadata>
        <Creator>prov=READ-COOP:name=TrHtr:version=2.1.0:model_id=51170:date=14_08_2023_13:36</Creator>
        <Created>2023-05-10T14:20:52.410+02:00</Created>
        <LastChange>2023-08-14T13:36:46.393+02:00</LastChange>
        <TranskribusMetadata docId="1428614" pageId="55418616" pageNr="1" tsid="132803995" status="IN_PROGRESS" userId="64420" imgUrl="https://files.transkribus.eu/Get?id=XVZHEGGUOHSLDBYAREAYFNXI&amp;fileType=view" xmlUrl="https://files.transkribus.eu/Get?id=LYIVEXTJEBJALQKZXWAJLEKP" imageId="44692720"/>
    </Metadata>
    <Page imageFilename="1428614_0001.jpg" imageWidth="3208" imageHeight="4792">
        <ReadingOrder>
            <OrderedGroup id="ro_1711787094210" caption="Regions reading order">
                <RegionRefIndexed index="0" regionRef="tr_3"/>
                <RegionRefIndexed index="1" regionRef="tr_1"/>
                <RegionRefIndexed index="2" regionRef="tr_2"/>
            </OrderedGroup>
        </ReadingOrder>
        <TextRegion id="tr_3" custom="readingOrder {index:0;}">
            <Coords points="1793,257 2789,257 2789,567 1793,567"/>
            <TextLine id="tr_3_tl_1" custom="readingOrder {index:0;}">
                <Coords points="2239,331 2255,331 2264,321 2283,334 2311,340 2317,334 2349,334 2349,217 2317,220 2305,211 2299,217 2292,214 2286,220 2270,220 2255,230 2239,230"/>
                <Baseline points="2255,307 2300,307 2345,307 2357,307"/>
                <TextEquiv>
                    <Unicode>P.</Unicode>
                </TextEquiv>
            </TextLine>
            <TextLine id="tr_3_tl_2" custom="readingOrder {index:1;}">
                <Coords points="1776,564 1981,608 2028,567 2081,614 2154,570 2220,611 2431,617 2780,586 2783,438 2601,447 2532,494 2330,425 2066,460 1899,412 1779,425"/>
                <Baseline points="1793,557 1805,557 1849,557 1894,557 1939,554 1984,557 2028,557 2073,557 2118,557 2163,557 2208,549 2252,549 2297,549 2342,549 2387,546 2431,543 2476,543 2521,543 2566,546 2610,537 2655,537 2700,531 2745,531 2789,534"/>
                <TextEquiv>
                    <Unicode>Abschrift Februar 1837</Unicode>
                </TextEquiv>
            </TextLine>
        </TextRegion>
        <TextRegion id="tr_1" custom="readingOrder {index:1;}">
            <Coords points="343,1018 2855,1018 2855,2543 343,2543"/>
            <TextLine id="tr_1_tl_1" custom="readingOrder {index:0;}">
                <Coords points="636,1083 674,1077 699,1099 734,1093 768,1118 812,1086 885,1105 882,822 841,803 825,816 775,793 737,834 727,825 633,894"/>
                <Baseline points="653,1068 698,1071 742,1077 751,1074 796,1071 841,1074 886,1074 892,1074"/>
                <TextEquiv>
                    <Unicode>G.F.P.</Unicode>
                </TextEquiv>
            </TextLine>
            <TextLine id="tr_1_tl_2" custom="readingOrder {index:1;}">
                <Coords points="1275,1137 1430,1159 1776,1118 2021,1165 2056,1130 2330,1127 2330,1055 2232,1001 2034,1001 2003,1033 1962,1001 1275,1014"/>
                <Baseline points="1294,1112 1309,1109 1354,1109 1399,1106 1444,1106 1488,1104 1533,1104 1578,1104 1623,1104 1667,1101 1712,1104 1757,1109 1802,1118 1846,1118 1891,1118 1936,1115 1981,1112 2026,1109 2070,1109 2115,1106 2160,1106 2205,1106 2249,1104 2294,1104 2339,1106"/>
                <TextEquiv>
                    <Unicode>Freund Apsison.</Unicode>
                </TextEquiv>
            </TextLine>
            <TextLine id="tr_1_tl_3" custom="readingOrder {index:2;}">
                <Coords points="960,1152 1004,1152 1017,1140 1134,1152 1165,1127 1200,1143 1244,1121 1244,926 1200,938 1187,926 1162,945 1130,941 1099,916 1080,926 1061,913 1042,929 1001,897 960,901"/>
                <Baseline points="978,1104 1023,1104 1068,1104 1112,1104 1157,1104 1202,1104 1247,1104 1253,1104"/>
                <TextEquiv>
                    <Unicode>Mein</Unicode>
                </TextEquiv>
            </TextLine>
            <TextLine id="tr_1_tl_4" custom="readingOrder {index:3;}">
                <Coords points="545,1143 693,1146 715,1168 746,1149 841,1156 838,1089 812,1086 775,1112 749,1112 734,1096 696,1099 668,1077 642,1096 605,1071 583,1093 542,1089"/>
                <Baseline points="563,1130 608,1136 653,1136 698,1139 742,1136 787,1136 832,1136 850,1136"/>
                <TextEquiv>
                    <Unicode>rijn dt</Unicode>
                </TextEquiv>
            </TextLine>
            <TextLine id="tr_1_tl_5" custom="readingOrder {index:4;}">
                <Coords points="1200,1219 1555,1247 1644,1209 1804,1250 1855,1209 1886,1237 2003,1241 2003,1143 1974,1137 1650,1156 1593,1124 1543,1152 1464,1130 1426,1159 1300,1146 1253,1108 1200,1130"/>
                <Baseline points="1217,1193 1262,1196 1306,1196 1351,1196 1396,1196 1441,1196 1485,1196 1530,1196 1575,1196 1620,1196 1664,1196 1709,1196 1754,1199 1799,1199 1843,1199 1888,1199 1933,1199 1978,1196 2011,1196"/>
                <TextEquiv>
                    <Unicode>Aus den Papieren eines Arztes.</Unicode>
                </TextEquiv>
            </TextLine>
            <TextLine id="tr_1_tl_6" custom="readingOrder {index:5;}">
                <Coords points="778,1219 850,1215 866,1225 879,1222 894,1234 919,1234 916,1152 891,1152 879,1146 866,1159 834,1162 809,1156 803,1149 775,1149"/>
                <Baseline points="796,1199 841,1205 886,1205 927,1208"/>
                <TextEquiv>
                    <Unicode>Monsieur</Unicode>
                </TextEquiv>
            </TextLine>
            <TextLine id="tr_1_tl_7" custom="readingOrder {index:6;}">
                <Coords points="1156,1329 1215,1300 1505,1300 1568,1332 1669,1307 1707,1341 1870,1300 2037,1335 2037,1237 1905,1228 1858,1263 1647,1212 1549,1250 1489,1225 1156,1231"/>
                <Baseline points="1172,1291 1217,1291 1262,1291 1306,1291 1351,1291 1396,1291 1441,1291 1485,1291 1530,1291 1575,1294 1620,1294 1664,1294 1709,1294 1754,1294 1799,1294 1843,1291 1888,1294 1933,1294 1978,1294 2023,1294 2046,1297"/>
                <TextEquiv>
                    <Unicode>Von Artur Schnitzler. (1889.)</Unicode>
                </TextEquiv>
            </TextLine>
            <TextLine id="tr_1_tl_8" custom="readingOrder {index:7;}">
                <Coords points="734,1363 762,1367 787,1351 834,1363 841,1357 863,1360 860,1241 731,1241"/>
                <Baseline points="748,1342 793,1342 838,1345 871,1342"/>
                <TextEquiv>
                    <Unicode>G.C.F.P.</Unicode>
                </TextEquiv>
            </TextLine>
            <TextLine id="tr_1_tl_9" custom="readingOrder {index:8;}">
                <Coords points="630,1411 731,1433 803,1411 866,1433 907,1414 982,1417 1001,1433 1023,1417 1099,1420 1099,1338 1017,1357 989,1335 951,1335 923,1360 888,1329 853,1357 787,1351 762,1367 696,1360 668,1338 630,1351"/>
                <Baseline points="647,1408 692,1408 737,1408 781,1408 826,1408 871,1408 916,1411 960,1411 1005,1408 1050,1408 1095,1408 1106,1411"/>
                <TextEquiv>
                    <Unicode>Kenn auf irgend</Unicode>
                </TextEquiv>
            </TextLine>
            <TextLine id="tr_1_tl_10" custom="readingOrder {index:9;}">
                <Coords points="1143,1420 2840,1442 2840,1326 2160,1367 1319,1307 1143,1354"/>
                <Baseline points="1160,1408 1205,1408 1250,1408 1294,1408 1339,1411 1384,1411 1429,1411 1474,1411 1518,1411 1563,1411 1608,1411 1653,1411 1697,1411 1742,1411 1787,1411 1832,1411 1876,1411 1921,1411 1966,1414 2011,1414 2055,1417 2100,1417 2145,1417 2190,1414 2234,1417 2279,1414 2324,1414 2369,1411 2413,1411 2458,1414 2503,1411 2548,1414 2592,1414 2637,1414 2682,1417 2727,1417 2771,1417 2816,1423 2846,1426"/>
                <TextEquiv>
                    <Unicode>ein Menschenschicksal das Wort „Tragikomödie“ passen mag</Unicode>
                </TextEquiv>
            </TextLine>
            <TextLine id="tr_1_tl_11" custom="readingOrder {index:10;}">
                <Coords points="636,1511 2837,1502 2714,1414 636,1407"/>
                <Baseline points="653,1474 698,1479 742,1479 787,1476 832,1476 877,1476 921,1476 966,1476 1011,1476 1056,1476 1101,1476 1145,1476 1190,1474 1235,1476 1280,1479 1324,1479 1369,1479 1414,1479 1459,1479 1503,1479 1548,1479 1593,1482 1638,1482 1682,1482 1727,1482 1772,1482 1817,1482 1861,1482 1906,1482 1951,1479 1996,1482 2040,1482 2085,1482 2130,1482 2175,1482 2219,1482 2264,1482 2309,1479 2354,1482 2398,1482 2443,1482 2488,1482 2533,1482 2578,1482 2622,1482 2667,1485 2712,1485 2757,1485 2801,1485 2843,1491"/>
                <TextEquiv>
                    <Unicode>so ist es sicherlich das Schicksal meines nun verstorbenen Freundes Ypfilon</Unicode>
                </TextEquiv>
            </TextLine>
            <TextLine id="tr_1_tl_12" custom="readingOrder {index:11;}">
                <Coords points="545,1603 803,1543 2846,1578 2846,1505 545,1521"/>
                <Baseline points="563,1545 608,1548 653,1545 698,1545 742,1545 787,1542 832,1542 877,1545 921,1545 966,1545 1011,1545 1056,1545 1101,1545 1145,1545 1190,1545 1235,1545 1280,1548 1324,1545 1369,1545 1414,1548 1459,1548 1503,1548 1548,1548 1593,1548 1638,1551 1682,1548 1727,1551 1772,1551 1817,1551 1861,1551 1906,1551 1951,1551 1996,1551 2040,1551 2085,1554 2130,1554 2175,1554 2219,1554 2264,1554 2309,1551 2354,1551 2398,1551 2443,1554 2488,1554 2533,1551 2578,1554 2622,1554 2667,1551 2712,1554 2757,1554 2801,1554 2846,1560 2855,1563"/>
                <TextEquiv>
                    <Unicode>auf dessen Grab ich gestern wieder einen Kranz gelegt habe, einen Franz</Unicode>
                </TextEquiv>
            </TextLine>
            <TextLine id="tr_1_tl_13" custom="readingOrder {index:12;}">
                <Coords points="350,1634 2850,1637 2736,1559 346,1596"/>
                <Baseline points="367,1617 411,1617 456,1617 501,1620 546,1617 590,1617 635,1617 680,1617 725,1614 769,1614 814,1614 859,1614 904,1614 948,1614 993,1614 1038,1617 1083,1614 1127,1617 1172,1617 1217,1617 1262,1617 1306,1617 1351,1617 1396,1617 1441,1617 1485,1617 1530,1617 1575,1617 1620,1617 1664,1617 1709,1620 1754,1620 1799,1620 1843,1620 1888,1620 1933,1617 1978,1620 2023,1620 2067,1620 2112,1620 2157,1623 2202,1623 2246,1620 2291,1620 2336,1620 2381,1623 2425,1620 2470,1620 2515,1620 2560,1623 2604,1623 2649,1623 2694,1620 2739,1620 2783,1623 2828,1623 2855,1620"/>
                <TextEquiv>
                    <Unicode>aus Immortellen, in den ich auch etwelchen Lorbeer einflechten ließ. Denn</Unicode>
                </TextEquiv>
            </TextLine>
            <TextLine id="tr_1_tl_14" custom="readingOrder {index:13;}">
                <Coords points="327,1685 2828,1703 2828,1634 2667,1622 327,1637"/>
                <Baseline points="346,1676 390,1676 435,1679 480,1679 525,1679 569,1679 614,1682 659,1682 704,1682 748,1682 793,1682 838,1682 883,1682 927,1682 972,1682 1017,1685 1062,1682 1106,1682 1151,1682 1196,1685 1241,1682 1286,1685 1330,1685 1375,1685 1420,1685 1465,1685 1509,1685 1554,1685 1599,1685 1644,1688 1688,1688 1733,1688 1778,1688 1823,1688 1867,1688 1912,1688 1957,1685 2002,1688 2046,1688 2091,1688 2136,1688 2181,1688 2225,1688 2270,1691 2315,1691 2360,1691 2404,1688 2449,1688 2494,1688 2539,1688 2583,1691 2628,1688 2673,1691 2718,1691 2763,1691 2807,1688 2834,1688"/>
                <TextEquiv>
                    <Unicode>meiner Ansicht nach hat kaum jemals ein Dichter ihn so sehr verdient, als mein Freund</Unicode>
                </TextEquiv>
            </TextLine>
            <TextLine id="tr_1_tl_15" custom="readingOrder {index:14;}">
                <Coords points="331,1760 2834,1782 2809,1697 331,1688"/>
                <Baseline points="349,1754 393,1748 438,1748 483,1745 528,1748 572,1748 617,1742 662,1748 707,1751 751,1751 796,1751 841,1751 886,1751 930,1754 975,1751 1020,1754 1065,1754 1109,1751 1154,1751 1199,1754 1244,1754 1289,1754 1333,1754 1378,1754 1423,1754 1468,1757 1512,1754 1557,1754 1602,1757 1647,1757 1691,1757 1736,1757 1781,1757 1826,1760 1870,1760 1915,1760 1960,1757 2005,1757 2049,1757 2094,1757 2139,1760 2184,1760 2228,1760 2273,1757 2318,1757 2363,1760 2407,1760 2452,1757 2497,1757 2542,1757 2586,1760 2631,1760 2676,1760 2721,1760 2765,1757 2810,1757 2843,1757"/>
                <TextEquiv>
                    <Unicode>Ypsillon — nicht wegen seines Genies, das kaum gegen alle Anfechtungen der Kritik sich</Unicode>
                </TextEquiv>
            </TextLine>
            <TextLine id="tr_1_tl_16" custom="readingOrder {index:15;}">
                <Coords points="327,1823 2843,1842 2739,1763 327,1757"/>
                <Baseline points="346,1817 390,1817 435,1817 480,1817 525,1814 569,1817 614,1820 659,1820 704,1820 748,1820 793,1820 838,1820 883,1820 927,1820 972,1820 1017,1820 1062,1820 1106,1820 1151,1820 1196,1823 1241,1820 1286,1823 1330,1823 1375,1823 1420,1823 1465,1823 1509,1823 1554,1823 1599,1823 1644,1826 1688,1826 1733,1829 1778,1829 1823,1829 1867,1829 1912,1826 1957,1829 2002,1826 2046,1829 2091,1829 2136,1826 2181,1826 2225,1826 2270,1829 2315,1832 2360,1829 2404,1829 2449,1829 2494,1829 2539,1829 2583,1829 2628,1829 2673,1829 2718,1826 2763,1829 2807,1826 2852,1826"/>
                <TextEquiv>
                    <Unicode>hätte gefeit erweisen können, sondern wegen der großartigen Weise, in der ihm seine</Unicode>
                </TextEquiv>
            </TextLine>
            <TextLine id="tr_1_tl_17" custom="readingOrder {index:16;}">
                <Coords points="324,1892 2840,1914 2765,1836 324,1839"/>
                <Baseline points="343,1882 387,1885 432,1882 477,1885 522,1885 566,1888 611,1891 656,1891 701,1891 745,1891 790,1891 835,1888 880,1891 924,1891 969,1891 1014,1894 1059,1891 1104,1891 1148,1891 1193,1891 1238,1891 1283,1888 1327,1891 1372,1891 1417,1891 1462,1894 1506,1891 1551,1891 1596,1894 1641,1894 1685,1894 1730,1894 1775,1897 1820,1897 1864,1897 1909,1897 1954,1897 1999,1894 2043,1897 2088,1897 2133,1897 2178,1897 2222,1897 2267,1897 2312,1897 2357,1897 2401,1897 2446,1897 2491,1897 2536,1897 2580,1897 2625,1897 2670,1894 2715,1897 2760,1897 2804,1897 2849,1894"/>
                <TextEquiv>
                    <Unicode>Kunst zu Herzen ging. Nimmer habe ich seinesgleichen gesehen, und mancher von den</Unicode>
                </TextEquiv>
            </TextLine>
            <TextLine id="tr_1_tl_18" custom="readingOrder {index:17;}">
                <Coords points="327,1981 2850,1981 2787,1908 327,1918"/>
                <Baseline points="346,1960 390,1957 435,1957 480,1957 525,1957 569,1957 614,1957 659,1957 704,1957 748,1957 793,1960 838,1960 883,1960 927,1957 972,1960 1017,1960 1062,1960 1106,1960 1151,1960 1196,1960 1241,1960 1286,1960 1330,1960 1375,1960 1420,1960 1465,1960 1509,1963 1554,1963 1599,1963 1644,1963 1688,1963 1733,1963 1778,1963 1823,1963 1867,1966 1912,1963 1957,1963 2002,1963 2046,1963 2091,1966 2136,1966 2181,1963 2225,1963 2270,1963 2315,1966 2360,1966 2404,1966 2449,1966 2494,1963 2539,1963 2583,1966 2628,1966 2673,1966 2718,1969 2763,1966 2807,1966 2852,1963 2855,1963"/>
                <TextEquiv>
                    <Unicode>großen Poeten, die von der Mitwelt hoch gepriesen werden, könnte wohl hinausgehen</Unicode>
                </TextEquiv>
            </TextLine>
            <TextLine id="tr_1_tl_19" custom="readingOrder {index:18;}">
                <Coords points="324,2031 2840,2053 2812,1974 324,1987"/>
                <Baseline points="343,2023 387,2023 432,2023 477,2023 522,2023 566,2023 611,2023 656,2026 701,2026 745,2028 790,2028 835,2028 880,2028 924,2026 969,2028 1014,2028 1059,2031 1104,2031 1148,2031 1193,2031 1238,2031 1283,2031 1327,2031 1372,2031 1417,2031 1462,2031 1506,2031 1551,2031 1596,2031 1641,2034 1685,2031 1730,2034 1775,2034 1820,2034 1864,2031 1909,2034 1954,2034 1999,2034 2043,2034 2088,2034 2133,2034 2178,2034 2222,2034 2267,2034 2312,2034 2357,2037 2401,2034 2446,2034 2491,2034 2536,2034 2580,2034 2625,2034 2670,2037 2715,2037 2760,2040 2804,2034 2849,2034"/>
                <TextEquiv>
                    <Unicode>auf den Währinger Friedhof und ein stilles Gebet verrichten an dem kleinen Kreuze, so</Unicode>
                </TextEquiv>
            </TextLine>
            <TextLine id="tr_1_tl_20" custom="readingOrder {index:19;}">
                <Coords points="324,2100 441,2097 535,2122 623,2107 645,2125 699,2097 812,2125 882,2110 882,2047 841,2037 727,2037 696,2056 658,2034 608,2047 579,2028 463,2028 431,2059 394,2034 324,2034"/>
                <Baseline points="343,2088 387,2091 432,2094 477,2097 522,2094 566,2094 611,2094 656,2094 701,2094 745,2094 790,2097 835,2097 880,2097 889,2103"/>
                <TextEquiv>
                    <Unicode>die Inschrift trägt:</Unicode>
                </TextEquiv>
            </TextLine>
            <TextLine id="tr_1_tl_21" custom="readingOrder {index:20;}">
                <Coords points="1225,2352 1389,2358 1417,2333 1524,2374 1622,2346 1924,2362 1924,2261 1858,2286 1792,2261 1748,2299 1600,2264 1574,2286 1527,2264 1367,2283 1269,2255 1225,2283"/>
                <Baseline points="1241,2342 1286,2345 1330,2342 1375,2342 1420,2342 1465,2342 1509,2345 1554,2345 1599,2345 1644,2345 1688,2345 1733,2345 1778,2345 1823,2345 1867,2345 1912,2348 1933,2348"/>
                <TextEquiv>
                    <Unicode>Hier ruhet in Gott</Unicode>
                </TextEquiv>
            </TextLine>
            <TextLine id="tr_1_tl_22" custom="readingOrder {index:21;}">
                <Coords points="935,2550 1300,2513 1722,2557 1807,2516 2217,2535 2182,2428 2009,2469 1666,2418 1587,2491 1414,2412 1219,2462 935,2421"/>
                <Baseline points="951,2512 996,2518 1041,2524 1086,2524 1130,2524 1175,2524 1220,2524 1265,2524 1309,2521 1354,2524 1399,2524 1444,2524 1488,2524 1533,2524 1578,2524 1623,2527 1667,2533 1712,2530 1757,2530 1802,2530 1846,2527 1891,2530 1936,2527 1981,2530 2026,2530 2070,2527 2115,2527 2160,2527 2205,2530 2225,2527"/>
                <TextEquiv>
                    <Unicode>Martin Brand.</Unicode>
                </TextEquiv>
            </TextLine>
        </TextRegion>
        <TextRegion id="tr_2" custom="readingOrder {index:2;}">
            <Coords points="322,2713 2849,2713 2849,4190 322,4190"/>
            <TextLine id="tr_2_tl_1" custom="readingOrder {index:0;}">
                <Coords points="523,2777 2837,2796 2837,2711 523,2711"/>
                <Baseline points="540,2763 584,2763 629,2765 674,2765 719,2765 763,2768 808,2765 853,2765 898,2768 942,2771 987,2771 1032,2771 1077,2768 1121,2768 1166,2771 1211,2771 1256,2771 1300,2771 1345,2771 1390,2774 1435,2771 1479,2774 1524,2771 1569,2771 1614,2774 1658,2774 1703,2774 1748,2774 1793,2774 1838,2774 1882,2774 1927,2774 1972,2774 2017,2774 2061,2774 2106,2774 2151,2777 2196,2777 2240,2777 2285,2777 2330,2777 2375,2777 2419,2777 2464,2780 2509,2777 2554,2780 2598,2777 2643,2777 2688,2777 2733,2777 2777,2777 2822,2777 2846,2777"/>
                <TextEquiv>
                    <Unicode>Martin Brand, so hieß er mit seinem wahren Namen. Möge man sich nur nicht</Unicode>
                </TextEquiv>
            </TextLine>
            <TextLine id="tr_2_tl_2" custom="readingOrder {index:1;}">
                <Coords points="318,2840 2799,2881 2834,2799 315,2787"/>
                <Baseline points="334,2831 378,2834 423,2834 468,2831 513,2831 557,2831 602,2837 647,2837 692,2834 737,2837 781,2837 826,2837 871,2837 916,2840 960,2840 1005,2837 1050,2837 1095,2840 1139,2840 1184,2840 1229,2843 1274,2840 1318,2840 1363,2843 1408,2843 1453,2843 1497,2843 1542,2843 1587,2843 1632,2843 1676,2843 1721,2846 1766,2843 1811,2843 1855,2846 1900,2843 1945,2843 1990,2843 2034,2843 2079,2846 2124,2846 2169,2846 2213,2846 2258,2846 2303,2843 2348,2843 2393,2846 2437,2846 2482,2846 2527,2846 2572,2846 2616,2846 2661,2849 2706,2849 2751,2849 2795,2849 2840,2849"/>
                <TextEquiv>
                    <Unicode>wundern, daß dieser Name, dessen Andenken ich so sehr verehre, keine besonderen Erfolge</Unicode>
                </TextEquiv>
            </TextLine>
            <TextLine id="tr_2_tl_3" custom="readingOrder {index:2;}">
                <Coords points="318,2909 2834,2928 2623,2850 318,2865"/>
                <Baseline points="334,2903 378,2903 423,2906 468,2903 513,2903 557,2903 602,2906 647,2906 692,2906 737,2906 781,2906 826,2906 871,2903 916,2903 960,2906 1005,2906 1050,2906 1095,2909 1139,2906 1184,2909 1229,2909 1274,2912 1318,2912 1363,2912 1408,2912 1453,2915 1497,2912 1542,2912 1587,2912 1632,2912 1676,2912 1721,2912 1766,2912 1811,2912 1855,2915 1900,2912 1945,2915 1990,2915 2034,2915 2079,2915 2124,2915 2169,2915 2213,2915 2258,2915 2303,2915 2348,2915 2393,2915 2437,2915 2482,2915 2527,2918 2572,2915 2616,2918 2661,2918 2706,2918 2751,2918 2795,2918 2840,2918 2843,2915"/>
                <TextEquiv>
                    <Unicode>aufzuweisen hatte. Seine Gedichte, deren einige allerdings, mit „y“ unterzeichnet, in</Unicode>
                </TextEquiv>
            </TextLine>
            <TextLine id="tr_2_tl_4" custom="readingOrder {index:3;}">
                <Coords points="318,2976 2837,3001 2768,2922 318,2935"/>
                <Baseline points="334,2971 378,2971 423,2971 468,2971 513,2974 557,2974 602,2971 647,2974 692,2974 737,2974 781,2971 826,2974 871,2974 916,2974 960,2977 1005,2977 1050,2977 1095,2980 1139,2977 1184,2977 1229,2977 1274,2977 1318,2977 1363,2980 1408,2980 1453,2980 1497,2980 1542,2980 1587,2980 1632,2980 1676,2983 1721,2980 1766,2980 1811,2980 1855,2980 1900,2980 1945,2980 1990,2980 2034,2980 2079,2980 2124,2983 2169,2983 2213,2983 2258,2983 2303,2983 2348,2980 2393,2983 2437,2983 2482,2983 2527,2986 2572,2986 2616,2986 2661,2986 2706,2986 2751,2983 2795,2986 2840,2980 2846,2983"/>
                <TextEquiv>
                    <Unicode>einem kleinen Salzburger oder Grazer Blättchen veröffentlicht wurden, ragten nicht</Unicode>
                </TextEquiv>
            </TextLine>
            <TextLine id="tr_2_tl_5" custom="readingOrder {index:4;}">
                <Coords points="327,3064 2834,3076 2834,3007 2695,2994 327,2985"/>
                <Baseline points="346,3043 390,3040 435,3040 480,3040 525,3043 569,3043 614,3043 659,3043 704,3043 748,3043 793,3046 838,3046 883,3046 927,3046 972,3046 1017,3046 1062,3046 1106,3046 1151,3046 1196,3049 1241,3046 1286,3046 1330,3049 1375,3049 1420,3049 1465,3049 1509,3049 1554,3049 1599,3052 1644,3052 1688,3052 1733,3052 1778,3052 1823,3052 1867,3049 1912,3049 1957,3049 2002,3049 2046,3049 2091,3049 2136,3049 2181,3049 2225,3052 2270,3049 2315,3049 2360,3052 2404,3052 2449,3052 2494,3052 2539,3049 2583,3052 2628,3055 2673,3055 2718,3055 2763,3055 2807,3055 2843,3055"/>
                <TextEquiv>
                    <Unicode>sonderlich hervor, und auch bei mir, an den sich der studiosus philologiae — das war</Unicode>
                </TextEquiv>
            </TextLine>
            <TextLine id="tr_2_tl_6" custom="readingOrder {index:5;}">
                <Coords points="331,3127 2831,3136 2724,3054 327,3061"/>
                <Baseline points="346,3106 390,3112 435,3112 480,3112 525,3112 569,3112 614,3112 659,3112 704,3112 748,3112 793,3112 838,3112 883,3112 927,3115 972,3115 1017,3115 1062,3115 1106,3118 1151,3118 1196,3118 1241,3118 1286,3118 1330,3118 1375,3118 1420,3118 1465,3118 1509,3118 1554,3118 1599,3118 1644,3118 1688,3121 1733,3121 1778,3121 1823,3121 1867,3121 1912,3121 1957,3121 2002,3121 2046,3121 2091,3121 2136,3121 2181,3121 2225,3124 2270,3124 2315,3124 2360,3127 2404,3124 2449,3124 2494,3121 2539,3121 2583,3124 2628,3121 2673,3124 2718,3124 2763,3124 2807,3121 2837,3118"/>
                <TextEquiv>
                    <Unicode>Herr Martin Brand im bürgerlichen Leben — zuweilen mit seinen geschriebenen Phan¬</Unicode>
                </TextEquiv>
            </TextLine>
            <TextLine id="tr_2_tl_7" custom="readingOrder {index:6;}">
                <Coords points="321,3196 2828,3227 2828,3146 2645,3130 321,3130"/>
                <Baseline points="337,3177 381,3180 426,3180 471,3180 516,3177 560,3180 605,3180 650,3180 695,3180 739,3183 784,3180 829,3180 874,3183 919,3183 963,3183 1008,3186 1053,3186 1098,3186 1142,3186 1187,3183 1232,3186 1277,3186 1321,3186 1366,3186 1411,3186 1456,3189 1500,3189 1545,3189 1590,3189 1635,3192 1679,3192 1724,3192 1769,3192 1814,3192 1858,3189 1903,3189 1948,3189 1993,3189 2037,3189 2082,3192 2127,3192 2172,3192 2216,3192 2261,3192 2306,3192 2351,3192 2396,3192 2440,3192 2485,3192 2530,3192 2575,3192 2619,3192 2664,3192 2709,3189 2754,3192 2798,3195 2837,3192"/>
                <TextEquiv>
                    <Unicode>tasien wandte, vermochte er selten eine wahrhaftige Aufmunterung oder Anerkennung</Unicode>
                </TextEquiv>
            </TextLine>
            <TextLine id="tr_2_tl_8" custom="readingOrder {index:7;}">
                <Coords points="312,3268 356,3281 406,3253 447,3284 466,3265 608,3262 611,3205 538,3205 513,3183 482,3205 450,3190 428,3193 406,3215 387,3199 315,3212"/>
                <Baseline points="328,3258 349,3258 393,3252 438,3252 483,3249 528,3249 572,3249 617,3249"/>
                <TextEquiv>
                    <Unicode>zu finden.</Unicode>
                </TextEquiv>
            </TextLine>
            <TextLine id="tr_2_tl_9" custom="readingOrder {index:8;}">
                <Coords points="523,3335 2828,3360 2828,3287 2550,3268 523,3272"/>
                <Baseline points="540,3329 584,3332 629,3332 674,3332 719,3332 763,3332 808,3332 853,3332 898,3332 942,3332 987,3335 1032,3335 1077,3335 1121,3335 1166,3338 1211,3335 1256,3338 1300,3338 1345,3338 1390,3338 1435,3338 1479,3338 1524,3338 1569,3338 1614,3341 1658,3341 1703,3341 1748,3341 1793,3341 1838,3344 1882,3341 1927,3341 1972,3341 2017,3341 2061,3344 2106,3344 2151,3344 2196,3344 2240,3344 2285,3344 2330,3344 2375,3344 2419,3344 2464,3344 2509,3344 2554,3347 2598,3347 2643,3347 2688,3350 2733,3347 2777,3347 2822,3347 2834,3350"/>
                <TextEquiv>
                    <Unicode>Aber wie die meisten jungen Dichter gab er wenig auf das Urteil derjenigen</Unicode>
                </TextEquiv>
            </TextLine>
            <TextLine id="tr_2_tl_10" custom="readingOrder {index:9;}">
                <Coords points="312,3404 2837,3435 2768,3357 312,3341"/>
                <Baseline points="328,3398 372,3401 417,3401 462,3401 507,3401 552,3401 596,3401 641,3401 686,3401 731,3401 775,3401 820,3404 865,3404 910,3404 954,3404 999,3407 1044,3407 1089,3407 1133,3407 1178,3410 1223,3407 1268,3410 1312,3410 1357,3407 1402,3410 1447,3410 1491,3407 1536,3410 1581,3410 1626,3410 1670,3410 1715,3410 1760,3410 1805,3410 1849,3413 1894,3413 1939,3413 1984,3413 2028,3413 2073,3413 2118,3413 2163,3413 2208,3416 2252,3413 2297,3413 2342,3413 2387,3416 2431,3419 2476,3416 2521,3416 2566,3416 2610,3419 2655,3419 2700,3419 2745,3419 2789,3416 2834,3416 2846,3416"/>
                <TextEquiv>
                    <Unicode>denen seine Schreibereien nicht gefielen, und fühlte sich bei seiner Muse, die unsichtbar</Unicode>
                </TextEquiv>
            </TextLine>
            <TextLine id="tr_2_tl_11" custom="readingOrder {index:10;}">
                <Coords points="315,3479 2840,3505 2840,3432 315,3416"/>
                <Baseline points="331,3473 375,3473 420,3473 465,3470 510,3470 554,3470 599,3470 644,3470 689,3473 734,3470 778,3473 823,3473 868,3476 913,3476 957,3476 1002,3476 1047,3476 1092,3476 1136,3479 1181,3479 1226,3479 1271,3479 1315,3479 1360,3479 1405,3479 1450,3479 1494,3479 1539,3479 1584,3479 1629,3479 1673,3482 1718,3482 1763,3482 1808,3482 1852,3482 1897,3482 1942,3482 1987,3482 2031,3482 2076,3482 2121,3482 2166,3482 2211,3485 2255,3482 2300,3482 2345,3485 2390,3485 2434,3485 2479,3485 2524,3488 2569,3488 2613,3488 2658,3488 2703,3491 2748,3488 2792,3491 2837,3485 2849,3488"/>
                <TextEquiv>
                    <Unicode>ihm stets zur Seite wandelte, so unendlich wohl, daß er bis zu einer gewissen Zeit zu</Unicode>
                </TextEquiv>
            </TextLine>
            <TextLine id="tr_2_tl_12" custom="readingOrder {index:11;}">
                <Coords points="315,3552 2834,3574 2815,3501 315,3483"/>
                <Baseline points="331,3538 375,3541 420,3541 465,3541 510,3541 554,3541 599,3541 644,3541 689,3541 734,3541 778,3541 823,3541 868,3544 913,3544 957,3544 1002,3544 1047,3544 1092,3544 1136,3547 1181,3547 1226,3547 1271,3547 1315,3550 1360,3547 1405,3547 1450,3547 1494,3547 1539,3547 1584,3550 1629,3547 1673,3550 1718,3550 1763,3550 1808,3550 1852,3550 1897,3550 1942,3550 1987,3550 2031,3550 2076,3553 2121,3550 2166,3550 2211,3550 2255,3550 2300,3550 2345,3553 2390,3553 2434,3553 2479,3553 2524,3553 2569,3556 2613,3556 2658,3556 2703,3559 2748,3556 2792,3556 2837,3556 2843,3556"/>
                <TextEquiv>
                    <Unicode>den glücklichsten Menschen gehörte, die mir jemals begegnet sind. Allerdings war er</Unicode>
                </TextEquiv>
            </TextLine>
            <TextLine id="tr_2_tl_13" custom="readingOrder {index:12;}">
                <Coords points="315,3624 2834,3634 2629,3558 315,3561"/>
                <Baseline points="331,3607 375,3610 420,3610 465,3610 510,3610 554,3610 599,3610 644,3610 689,3613 734,3613 778,3613 823,3613 868,3613 913,3613 957,3613 1002,3613 1047,3616 1092,3616 1136,3616 1181,3616 1226,3616 1271,3616 1315,3613 1360,3616 1405,3613 1450,3616 1494,3616 1539,3619 1584,3619 1629,3619 1673,3619 1718,3619 1763,3619 1808,3619 1852,3619 1897,3619 1942,3619 1987,3619 2031,3619 2076,3619 2121,3622 2166,3619 2211,3622 2255,3622 2300,3619 2345,3622 2390,3622 2434,3625 2479,3625 2524,3625 2569,3625 2613,3625 2658,3628 2703,3628 2748,3625 2792,3625 2837,3628 2843,3625"/>
                <TextEquiv>
                    <Unicode>manchmal trübselig; doch sicherlich nie wegen irgend eines mißlichen Zufalles, der ihm</Unicode>
                </TextEquiv>
            </TextLine>
            <TextLine id="tr_2_tl_14" custom="readingOrder {index:13;}">
                <Coords points="321,3693 2828,3719 2828,3634 321,3621"/>
                <Baseline points="337,3679 381,3682 426,3679 471,3679 516,3679 560,3679 605,3679 650,3679 695,3679 739,3682 784,3682 829,3682 874,3682 919,3682 963,3682 1008,3682 1053,3682 1098,3685 1142,3685 1187,3685 1232,3685 1277,3685 1321,3682 1366,3685 1411,3687 1456,3685 1500,3687 1545,3687 1590,3687 1635,3687 1679,3687 1724,3690 1769,3690 1814,3687 1858,3690 1903,3690 1948,3690 1993,3690 2037,3690 2082,3687 2127,3687 2172,3690 2216,3690 2261,3690 2306,3690 2351,3690 2396,3690 2440,3690 2485,3693 2530,3690 2575,3693 2619,3693 2664,3693 2709,3693 2754,3696 2798,3696 2837,3693"/>
                <TextEquiv>
                    <Unicode>in dem verächtlichen Alltagsleben zugestoßen war, sondern nur, wenn sein Sinn sich</Unicode>
                </TextEquiv>
            </TextLine>
            <TextLine id="tr_2_tl_15" custom="readingOrder {index:14;}">
                <Coords points="312,3753 2828,3788 2799,3712 2425,3690 309,3700"/>
                <Baseline points="328,3747 372,3747 417,3747 462,3747 507,3750 552,3750 596,3747 641,3747 686,3747 731,3750 775,3750 820,3750 865,3750 910,3750 954,3753 999,3750 1044,3753 1089,3753 1133,3753 1178,3753 1223,3753 1268,3753 1312,3753 1357,3753 1402,3753 1447,3756 1491,3756 1536,3756 1581,3753 1626,3753 1670,3756 1715,3756 1760,3756 1805,3759 1849,3756 1894,3759 1939,3759 1984,3759 2028,3759 2073,3759 2118,3762 2163,3759 2208,3759 2252,3759 2297,3759 2342,3759 2387,3759 2431,3759 2476,3762 2521,3762 2566,3762 2610,3765 2655,3765 2700,3765 2745,3765 2789,3765 2834,3765 2837,3765"/>
                <TextEquiv>
                    <Unicode>mit einem recht traurigen Thema befaßte: wenn er an einem Drama arbeitete, in dem</Unicode>
                </TextEquiv>
            </TextLine>
            <TextLine id="tr_2_tl_16" custom="readingOrder {index:15;}">
                <Coords points="312,3838 2828,3851 2721,3766 312,3766"/>
                <Baseline points="328,3819 372,3819 417,3819 462,3819 507,3822 552,3819 596,3819 641,3819 686,3822 731,3822 775,3822 820,3822 865,3822 910,3822 954,3822 999,3822 1044,3822 1089,3822 1133,3822 1178,3822 1223,3825 1268,3825 1312,3825 1357,3825 1402,3822 1447,3825 1491,3822 1536,3825 1581,3828 1626,3825 1670,3828 1715,3825 1760,3828 1805,3828 1849,3828 1894,3828 1939,3828 1984,3828 2028,3828 2073,3828 2118,3828 2163,3831 2208,3831 2252,3828 2297,3831 2342,3831 2387,3831 2431,3831 2476,3831 2521,3831 2566,3834 2610,3834 2655,3834 2700,3834 2745,3834 2789,3837 2834,3840 2837,3840"/>
                <TextEquiv>
                    <Unicode>Königinnen an gebrochenen Herzen und Prinzen an einem gespaltenen Schädel starben,</Unicode>
                </TextEquiv>
            </TextLine>
            <TextLine id="tr_2_tl_17" custom="readingOrder {index:16;}">
                <Coords points="312,3898 2828,3917 2755,3841 309,3838"/>
                <Baseline points="328,3884 372,3887 417,3887 462,3890 507,3890 552,3887 596,3887 641,3887 686,3887 731,3887 775,3887 820,3890 865,3890 910,3890 954,3890 999,3890 1044,3890 1089,3890 1133,3890 1178,3890 1223,3893 1268,3893 1312,3893 1357,3893 1402,3893 1447,3890 1491,3893 1536,3893 1581,3893 1626,3896 1670,3896 1715,3896 1760,3896 1805,3896 1849,3893 1894,3896 1939,3896 1984,3899 2028,3899 2073,3899 2118,3899 2163,3899 2208,3899 2252,3899 2297,3896 2342,3899 2387,3899 2431,3899 2476,3902 2521,3902 2566,3902 2610,3902 2655,3902 2700,3902 2745,3902 2789,3902 2834,3905 2837,3905"/>
                <TextEquiv>
                    <Unicode>oder wenn er ein Märchen schrieb, in dem eine böse Fee aus angeborener Bosheit das</Unicode>
                </TextEquiv>
            </TextLine>
            <TextLine id="tr_2_tl_18" custom="readingOrder {index:17;}">
                <Coords points="318,3967 2834,3989 2664,3911 318,3901"/>
                <Baseline points="334,3953 378,3956 423,3959 468,3959 513,3956 557,3956 602,3956 647,3959 692,3959 737,3956 781,3959 826,3959 871,3959 916,3959 960,3959 1005,3959 1050,3959 1095,3959 1139,3959 1184,3959 1229,3962 1274,3959 1318,3962 1363,3962 1408,3962 1453,3965 1497,3965 1542,3965 1587,3965 1632,3965 1676,3965 1721,3965 1766,3965 1811,3965 1855,3965 1900,3968 1945,3968 1990,3971 2034,3968 2079,3968 2124,3968 2169,3968 2213,3971 2258,3971 2303,3971 2348,3968 2393,3971 2437,3971 2482,3971 2527,3971 2572,3971 2616,3971 2661,3971 2706,3974 2751,3971 2795,3971 2840,3968"/>
                <TextEquiv>
                    <Unicode>Glück zweier braver Menschenkinder zu vernichten drohte. Dagegen war er wieder un¬</Unicode>
                </TextEquiv>
            </TextLine>
            <TextLine id="tr_2_tl_19" custom="readingOrder {index:18;}">
                <Coords points="312,4037 2828,4049 2727,3980 312,3967"/>
                <Baseline points="328,4025 372,4028 417,4028 462,4028 507,4028 552,4028 596,4028 641,4028 686,4028 731,4028 775,4028 820,4028 865,4028 910,4031 954,4031 999,4031 1044,4028 1089,4031 1133,4028 1178,4031 1223,4031 1268,4031 1312,4031 1357,4034 1402,4034 1447,4034 1491,4037 1536,4037 1581,4037 1626,4037 1670,4037 1715,4037 1760,4037 1805,4037 1849,4037 1894,4037 1939,4037 1984,4037 2028,4037 2073,4037 2118,4037 2163,4043 2208,4043 2252,4040 2297,4040 2342,4040 2387,4040 2431,4040 2476,4040 2521,4043 2566,4043 2610,4043 2655,4043 2700,4046 2745,4043 2789,4043 2834,4040"/>
                <TextEquiv>
                    <Unicode>bändig heiter, wenn er den Frühling besang, oder eine Ballnacht, in welcher eine schöne</Unicode>
                </TextEquiv>
            </TextLine>
            <TextLine id="tr_2_tl_20" custom="readingOrder {index:19;}">
                <Coords points="312,4109 2815,4150 2815,4056 2658,4046 312,4037"/>
                <Baseline points="328,4096 372,4096 417,4096 462,4096 507,4096 552,4096 596,4096 641,4096 686,4099 731,4096 775,4096 820,4096 865,4096 910,4096 954,4096 999,4099 1044,4099 1089,4102 1133,4099 1178,4099 1223,4099 1268,4099 1312,4102 1357,4099 1402,4102 1447,4102 1491,4102 1536,4102 1581,4102 1626,4105 1670,4105 1715,4105 1760,4105 1805,4105 1849,4108 1894,4105 1939,4105 1984,4108 2028,4108 2073,4108 2118,4111 2163,4108 2208,4111 2252,4111 2297,4111 2342,4111 2387,4111 2431,4111 2476,4111 2521,4111 2566,4111 2610,4114 2655,4114 2700,4114 2745,4114 2789,4114 2822,4105"/>
                <TextEquiv>
                    <Unicode>Maske einen als reichen Nubier verkleideten Kunstakademiker auf den Mund küßt um</Unicode>
                </TextEquiv>
            </TextLine>
            <TextLine id="tr_2_tl_21" custom="readingOrder {index:20;}">
                <Coords points="305,4194 2147,4204 2147,4112 305,4115"/>
                <Baseline points="322,4171 367,4168 411,4168 456,4168 501,4171 546,4171 590,4171 635,4174 680,4171 725,4171 769,4174 814,4171 859,4171 904,4171 948,4171 993,4174 1038,4171 1083,4171 1127,4174 1172,4174 1217,4174 1262,4174 1306,4174 1351,4174 1396,4177 1441,4177 1485,4177 1530,4177 1575,4177 1620,4177 1664,4177 1709,4177 1754,4177 1799,4180 1843,4177 1888,4177 1933,4177 1978,4177 2023,4177 2067,4177 2112,4177 2154,4177"/>
                <TextEquiv>
                    <Unicode>nachher sagt: „Ja, du bist's, und Keiner soll dich mir rauben!</Unicode>
                </TextEquiv>
            </TextLine>
        </TextRegion>
    </Page>
</PcGts>
