3176 4904
373 505 2882 665 solchen war mein Freund Ypsillon. Er ist verrückt geworden und gestorben. Nun, es haben
370 605 2863 734 ihn Wenige bei Lebzeiten gekannt und seine Werke werden ihm die Unsterblichkeit nicht
364 681 2879 797 verleihen. Sein Wahnsinn jedoch wird ihn manchem liebenswert erscheinen lassen, dessen
373 743 2867 900 Interesse von den traurigen Scherzen angeregt wird, an denen die Natur zuweilen Ge¬
376 856 731 960 fallen findet.
574 878 2863 997 Launische, goldene Phantasie! Dem einen nahst du schmeichelnd in duftender Freund¬
386 947 2879 1076 schaft und bildest ihn zum glücklichsten aller Narren, zum Dichter; wie einen Feind über¬
386 1010 2882 1167 fällst du den andern und machst ihn zum Bedauernswertesten der Poeten: zum Narren!
1477 1192 1775 1477 st.
1179 1581 2117 1737 Über Jules Vernes Leben.
721 1668 2550 1828 Aus der populär-wissenschaftlichen Wochenschrift „Das Wissen für Alle“.
555 1791 2910 1926 Der Dichter ist in Nantes geboren, und zwar wahrscheinlich im Jahre 1828, denn
395 1885 2882 2007 über sein Alter liebte "er zu schweigen: „Das interessiert niemanden“, pflegte er zu sagen
398 1954 2907 2073 „nicht einmal mich." Sein Vater, der Anwalt war, bestimmte ihn zum Eintritt in die
395 2010 2904 2136 Basoche, die Gilde der Pariser Parlamentsschreiber, und schickte ihn zum Studium nach
395 2095 2901 2199 Paris. Aber der junge Verne hatte mehr Interesse für das Theater und die Literatur
398 2164 2907 2296 Mit Alexander Dumas d. J. war er eng befreundet und mit dessen Hilfe gelang es ihm
398 2224 2910 2340 auch im Jahre 1850, einen Einakter in Versen, „Die zerbrochenen Strohalme“, am
398 2289 2907 2418 Théâtre Historique aufführen zu lassen, den er Dumas widmete. Das Werkchen war nicht
411 2355 2910 2481 ohne Erfolg und wurde auch gedruckt. 1854 war Verne Sekretär am Théâtre Lyrique,
405 2440 2901 2562 zu der Zeit, als Emile Perrin die Direktion der Opéra Comique und das Théâtre Lyrique
401 2500 2910 2619 in seiner Hand vereinigte. Er schrieb damals einige Bücher zusammen mit Michel Carré:
417 2569 2885 2688 „Collin-Maillard“, „Les Compagnons de la Morjolaine", „L'Auberge des Ardennes“
417 2647 2917 2754 daneben war er auch als Agent an der Börse tätig, da er mit dem Theater doch kein
423 2707 2907 2845 Glück hatte. Eines Tages erklärte er in einer Unterhaltung mit seinen Kameraden:
430 2769 2914 2904 „Kinder, ick glaube, ich werde euch verlassen. Ich habe eine Idee gehabt, wie sie nach
408 2841 2917 2967 dem Spruche des Dichters jeder Mensch haben muß, der sein Glück machen will. Ich
420 2923 2917 3033 werde einen Roman in einer ganz neuen originellen Form schreiben. Glückt es, dann bin
401 2983 2917 3102 ich sicher, ich habe eine Goldmine entdeckt. Dann schreibe ich immer weiter solche Romane
420 3061 2892 3171 und nur solche Romane und ihr könnt unterdessen weiter Wolle und Korn einkaufen.
420 3133 2898 3233 Als man ihn auslachte, fuhr er fort: „Lacht nur, wir werden sehen, wer zuletzt lacht.
417 3186 2910 3312 Nach einigen Wochen erschien in Hetzels „Magasin illustré d’éducation et de récréation
423 3246 2926 3387 der Roman „Fünf Wochen im Luftballon“ (1863). Kurz darauf kam er als Buch heraus
427 3343 2923 3447 und war ein großer Erfolg. Im Jahre 1872 ließ er als Feuilleton des „Temps“ einen
442 3403 2923 3513 seiner berühmtesten Romane „Die Reise um die Welt in 80 Tagen“ erscheinen. Einer
436 3466 2917 3597 seiner Freunde, Ed. Cadol, bat ihn, daraus ein Theaterstück machen zu dürfen. Cadol hatte
420 3541 2920 3660 aber mit derblaatralischen Bearbeitung keinen Erfolg, doch der Direktor von La Porte
427 3604 2936 3710 Saint-Martin, La Rochelle, sagte: „Daraus kann nur einer ein Stück machen und das ist
436 3685 2929 3792 d'Enney." Er brachte d'Ennery mit Verne zusammen und nun machte das Stück sein
427 3745 2936 3854 Glück; es wurde 400mal aufgeführt und brachte den Direktoren von Port Saint=Martin
420 3811 2929 3920 drei Millionen ein. Einen kaum geringeren Erfolg hatte der Roman „Michel Srogoff“
420 3886 2939 4002 in der Bühnenbeerbeitung von d'Ennery, der eine Einnahme von Mk. 1,400.000 erzielte.
1559 4099 1841 4234 We die
