4728 6072
3677 483 3981 619 2. Heft
1736 556 2737 701 An der schönen blauen Donau.
487 619 842 751 Seite 26
2401 613 3956 804 „Ich komme schon wieder!" Damit verschwand sie, und ich
573 743 2212 888 gemacht hatte. Mein rascher Blick nach der Thür mochte ihr die
2269 749 3352 884 ließ die Hände in den Schoß sinken....
2407 781 3952 930 Des andern Morgens besuchte ich Freund Ypsillon. Obzwar
573 812 2212 957 ungesprochene Frage klären, die auf meinen Lippen lag, und sie
2292 875 3950 1001 der helle Tag in's Zimmer schien, brannten auf seinem Schreib-
592 888 2214 1020 sagte, indem verhaltenes Weinen in ihrer Stimme zitterte: „Er
2298 930 3925 1072 tisch vier rothe Kerzen (er konnte nur bei rothen Kerzen arbeiten)
596 991 1339 1093 sitzt zu Hause und schreibt!"
2290 1016 3948 1144 und mit trüben Augen saß Ypsillon davor, während seine Feder
720 989 2223 1156 „Du kommst von ihm?" Dabei stand ich auf und lud sie ein,
583 1102 2237 1205 auf dem Divan Platz zu nehmen, zu dessen Seite ich mir einen
2292 1106 3106 1226 ruhelos über das Papier irrte.
2416 1156 3935 1266 Ich löschte die Lichter aus; beim letzten gewahrte er über
592 1207 938 1305 Sessel rückte.
728 1205 2116 1352 Kaum saß sie da, als sie heftig zu schluchzen begann.
2290 1217 3685 1343 haupt erst meine Anwesenheit. „Ach Du!" sagte er.
751 1284 2132 1421 Was ist Dir denn, Kleine?" fragte ich sie. „Nun?"
2418 1284 3960 1400 „Ypsilan," sagte ich ernst. „wirf augenblicklich das Zeug da
2317 1356 3952 1471 beiseite; geh' mit mir frühstücken, widrigenfalls ich Alles auf¬
728 1385 1488 1488 Sie aber gab keine Antwort.
2309 1417 3830 1566 bieten werde, Dich in den Narrenthurm stecken zu lassen.“
751 1412 2250 1559 Ich wartete geduldig. Dann fragte' ich nochmals, ganz
2441 1496 3801 1601 Er heftete seine großen glanzlosen Augen auf mich.
609 1522 1515 1624 ohne Unruhe im Ton: „Nun —?
745 1545 2252 1687 Sie nahm ihr Taschentuch und trocknete ihre Thränen.
2435 1559 3960 1675 „Die Kleine war gestern bei mir," erzählte ich ihm weiter
642 1627 2248 1765 Spielen Sie einen Walzer, irgend etwas Lustiges, dann werde
2325 1639 3169 1752 „Was hast Du denn angestellt?"
2424 1685 3965 1790 Er lächelte. „Rede mir nicht von diesem armseligen Menschen-
623 1725 1297 1847 ich's Ihnen erzählen... “
756 1759 2258 1887 Ich begab mich zum Piano und schlug die Tasten an. Schon
2323 1788 3438 1870 kind! Ich habe dieses Geschlecht übersatt.
2466 1813 3979 1939 „Ja, natürlich!" sagte ich. „Diese lebendigen Weiber! Sie
621 1832 2158 1941 bei den ersten Accorden hörte ich ihre Stimme neben mir:
2346 1887 3971 2009 sindnnutal genug, zu essen, gu trinken, pu lieben und mit einem
770 1920 1748 2023 „Er liebt mich nicht," sagte sie tonlos.
756 1952 2265 2086 Ich hielt im Spiele inne und sah sie mit einem überraschten
2334 1956 3965 2080 Riesenaufwand von wirklicher Existenz durch's Leben zu schreiten."
2466 2011 3983 2143 „Rede mir nicht von ihnen," unterbrach er mich. „Es gibt
630 2009 2273 2181 Blicke an, der eigentlich nicht so ganz aufrichtig war, da ich auf
2344 2084 3992 2210 nur Eine mehr für mich. Du wirst mich ihr nimmer entreißen!
632 2122 1710 2223 einen Bericht dieser Art vorbereitet war.
783 2187 1803 2292 „Spielen Sie weiter," sagte sie traurig.
2357 2187 3140 2292 Höre! Es war einmal —
762 2212 2286 2359 „Ja, aber einen Walzer kann ich jetzt nicht spielen," ent-
2464 2202 4002 2336 Nun begann er mir eine Geschichte zu erzählen, während
642 2309 2265 2426 gegnete ich, um uns Beide mit einem Scherze über den pein-
2340 2317 3994 2409 der er manchmal auf die Blätter schaute, die vor ihm lagen.
2346 2361 4000 2483 Es handelte sich da um irgend ein sonderbares Mägdelein, das
642 2376 2288 2485 lichen Moment hinwegzubringen — und intonirte einen Trauer-
644 2447 2248 2556 marsch. Ich wollte, ich hätte ihn damals nicht gespielt
2346 2428 4007 2550 auf einer Insel im indischen Ocean lebte, Türkisa hieß und das
2359 2506 3994 2619 Holbseligste war, das jemals von Menschen oder Göttern war
663 2489 2283 2636 heute quält mich der Gedanke daran in lächerlicher, aber-
2353 2577 4013 2688 erschaut worden. Ypsilon konnte nicht Worte genug finden, den
644 2607 1112 2724 gläubischer Weise
2351 2628 4007 2756 unendlichen Zauber, der von ihr ausging, zu beschreiben. Mit
789 2630 2273 2764 Die Kleine sprach weiter: „Er muß eine Andere haben,
2353 2691 4013 2812 verzückten Blicken erklärte er mir schließlich, daß er, seit Türkisa
655 2695 2286 2825 sagte sie, „denn ein- über's anderemal rief er heute aus: „Du
2365 2758 4017 2886 ihr Reich ihm in Kopf und Herzen aufgeschlagen, für nichts
657 2758 2292 2873 bist doch nicht wie sie — nichtt wie fie —" Und dann, als ich
657 2844 2277 2938 ihn ganz ängstlich küßte, sah er mich an — so von oben herab +
2365 2848 3843 2980 Anderes mehr das geringste Interesse empfinden könnte.
661 2884 2292 3016 und sagte: „Geh, siehst Du nicht, daß Du mich störst?" In
2550 2924 3297 3022 Ou liebst sie wol?" sagte ich.
2548 2945 4051 3091 oue sie an, sahre et'imr'une oes 'néfpten" Erfines.
670 2970 2313 3081 war erstarrt, er aber schrieb weiter, sein Gesicht war geröthet
684 3037 2349 3161 nmo seine nugen giänzien. Nach einer Wette schy er sich um
2407 3060 3148 3161 „Aber ach, sie muß sterben!"
693 3100 2355 3247 und sah mich noch dastehen. „Noch immer?" fragte er; da
2531 3096 3480 3217 Ich schüttelte ganz entsetzt den Kopf
2537 3146 4072 3282 „Da ist dann noch ein afrikanischer Prinz," setzte er seine
697 3209 961 3314 ging ich."
2418 3236 4059 3345 Geschichte fort, und berichtete ein Näheres von diesem Prinzen,
835 3228 1925 3356 „Was glaubst Du eigentlich?" fragte ich.
2401 3310 3858 3425 der eine unselige Leidenschaft für Türkisa gefaßt hatte.
827 3327 1532 3423 Sie zuckte nur die Achseln.
842 3375 2349 3499 „Ich will es Dir sagen," fuhr ich fort, „wenn Du mich
2558 3368 3553 3486 Du bist wol eifersüchtig?" fragte ich.
2565 3431 4059 3553 „Was hilft's," sagte er mit gepreßter Stimme, „sie liebt
714 3444 2334 3551 auch anfänglich nicht verstehen magst. Du hast keine Neben-
722 3509 2351 3618 buhlerin aus Fleisch und Bein — jene Andere, von der Du
2411 3532 2743 3633 ihn wieder."
2554 3549 4074 3698 „Aber Du Narr!" schrie ich ihn an. „Wach' doch auf, be¬
722 3570 2355 3694 sprichst — lebt gar nicht und ist nur eine Einbildung unseres
2424 3633 4059 3753 denke doch, daß Du den afrikanischen Prinzen von einem Tiger
722 3669 1207 3771 Freundes Ypsilon
2409 3715 4082 3811 kannst auffressen lassen, daß dann ein deutscher Dichter Namens
848 3732 1377 3830 Sie starrte mich an.
860 3776 2361 3893 „Ich kenne ihn," sagte ich, „und weiß, daß er verrückt ist!"
2432 3765 4080 3895 Ypsilan mit einer Barke an den Ufern dieser Insel landen
846 3845 2355 3969 Auf ihrem Antlitz las ich das Erstaunen über die Ruhe,
2424 3868 2838 3975 kann und..."
2592 3885 4086 4013 „Das kann er nicht,“ erwiderte Yps frn im Tone der
726 3916 2357 4053 mit welcher ich diese Wahrheit aussprach. „Es ist nicht das
726 3977 2349 4103 erstemal, daß er sich in seine eigenen Phantasiegebilde verliebt
2435 4009 3005 4109 tiefsten Ueberzeugung.
2579 4025 4099 4166 „Wie? — Warum nicht?“ rief ich aus. „Das liegt doch
747 4042 2374 4162 Laß ihn zu Ende kommen mit seinem Gedicht, laß es ihn in's
2439 4105 4086 4225 in Deiner Hand! Du leitest die Fäden, Deinem Schädel ist
747 4116 2141 4235 Pult werfen, und der Spuk ist wieder verschwunden."
2435 4164 4095 4284 doch dieser Wahnwitz entsprungen, diese Türkisa existirt doch
896 4185 2319 4296 Da muß man ja Angst vor ihm haben!" rief sie aus.
871 4250 2386 4372 „Das eben nicht," entgegnete ich, „aber schon ein- oder das
2432 4271 3138 4391 nur in Deiner Phantasie!"
751 4326 2384 4437 anderemal habe ich daran gedacht, wie sehr es seiner Liebe zu
2579 4292 4099 4439 „Gleichviel!" antwortete er ruhig, „es muß gehen, wie es
2447 4380 3973 4508 geht, die Dinge spielen sich ab, ich kann sie nicht ändern.
741 4393 2380 4493 Dir zu Statten käme, wenn Du ihm erklärtest: „Mein süßer
2590 4443 3950 4571 Ich sprang auf. „Du bist vollkommen wahnsinnig!"
751 4466 2388 4582 Öpsilon, ich existire ja eigentlich nicht, ick habe mich davon-
2573 4493 4116 4632 Er verzog die Lippen zu einem leichten Lächeln und sagte
768 4512 2390 4645 gestohlen aus einem Märchen, und diese holde Wirklichkeit in
756 4600 1778 4731 Deinen Armen ist nur ein Traum...“
2445 4605 3102 4716 nur ganz ruhig: „Nein.“
2592 4619 4122 4775 Ich ging im Zimmer hin und her und fühlte, wie eine
881 4642 2067 4777 „Wie?" fragte sie. Sie verstand mich kaum.
900 4710 2390 4846 „Nun, ich will Dir nur erklären, daß Du keinen vernünf-
2458 4728 3530 4880 heftige Erregung meiner Meister wurde.
764 4779 2405 4915 tigen Grund hast, eisersüchtig zu sein. Laß ihn arbeiten, noch
2592 4764 3918 4919 „Ich bitte Dich, gehe! Du störst mich!" sagte er.
2590 4852 4122 4978 Ich blieb vor ihm stehen, sah ihn mit einem erbitterten
768 4863 2399 4989 zwei, drei Tage, dann wird er selber zu Dir kommen und Dich
768 4928 2258 5060 bitten, wieder die Alte zu sein. Verlaß Dich auf mich!"
2472 4922 4122 5047 Blicke an und entgegnete: „Mittags komme ich wieder, um Dich
907 5003 2050 5121 „Er ist also ein halber Narr!" rief sie aus.
2470 5020 3287 5155 zu fragen, ob Du essen willst."
2590 5031 4122 5176 Während ich die Thür hinter mir zuschloß, sah ich, wie
913 5050 2416 5190 „Ein halber nonr? Ei halber Dichter, also wohl ein ganzer
2487 5117 4141 5264 Ypsilon seine rothen Kerzen wieder anzündete. Ich aber trat
777 5138 2199 5264 Narr! Aber beruhige Dich nur und weine jetzt nicht!
2487 5211 4149 5327 hinaus in's volle Licht, unter die Leute, die mit wuchtigen
907 5211 2346 5320 Wieder griff ich in die Tasten und spielte einen Walzer
2487 5251 4172 5419 Alltagsschritten durch die Straßen wandelten. Im ersten Augen-
913 5264 2409 5396 Währenddessen ging sie zur Thür, und als ich aufstehen wollte,
735 5306 2420 5480 sie zu geleiten, wehrte sie mit einer Handbewegung ab und sagte:
