4600 5928
1493 318 1937 490 Une
3874 368 4059 511 H
3711 498 4040 629 21. Heft
1826 529 2988 678 An' der schönen blauen Donau.
626 612 980 761 Seite 490
2483 682 4015 794 Ich stehe meist ein paar Schritte weit weg von dem Fleck
2363 746 4003 848 Erde, unter dem sie ruht... Wenn einmal das steinerne Grab¬
1272 751 1697 864 Der Andere.
2363 831 4017 920 mal aufgerichtet ist, so werde ich mich wol an die kalten Stufen
949 848 2020 961 Aus dem Tagebuche eines Hinterbliebenen.
2363 887 4011 974 lehnen können, werde mein Haupt herabbeugen, wurde knien;
2376 957 4011 1059 auf die Erde selbst stage ich mich nicht nieder. Mich schauert
2376 1030 3994 1127 vor dem Gedanken, daß Stücke von dem Staub unter mir weg
2376 1098 4009 1176 bröckeln, daß ich sie auf den Sarg aufschlagen höre.... Und doch
2376 1160 4025 1261 manchmal durchrast mich eine schier unbezwingliche Lust, mich
765 1015 2239 1342 Athür schachler,
2376 1226 4019 1315 niederzuwersen, mit den Händen in der Erde herumzuwühlen
2382 1290 4011 1379 Meine Trauer hat nichts Mildes ich bin zornig, ich
1892 1329 2268 1412 Nachdruck verboten
2392 1367 4027 1462 knirsche mit den Zähnen, ich hasse Alles und Alle... Vor
1044 1375 1681 1478 allein! — Ganz allein..
2388 1427 4025 1522 Allem diejenigen, die mit mir leiden... Alle diese Männer, Weiber,
682 1393 990 1536 T
1212 1433 2328 1530 Vor meinem Schreibpulte sitze ich; die Lichter
2400 1495 4017 1596 Kinder, unter denen ich umherwandle, sie sind mir widerwärtig,
1079 1501 2322 1606 brennen die Thür zu dem Zimmer, das einst
2386 1557 4038 1673 ich möchte sie davonjagen.... Besonders hat der Gedanke etwas
1088 1569 2330 1675 das ihre war, steht weit offen, und wie ich
2388 1621 4025 1730 unsäglich Erbitterndes für mich, daß irgend wer gestern zum
1104 1654 2330 1735 meinen Blick erhebe, versinkt er in den dunklen
2386 1689 4025 1790 letztenmal da war. Er hat sein Leid zu Ende gelitten. Er
728 1642 1050 1797 A
1088 1720 2336 1811 Raum. Glitzernd von den Häusern drüben spielen
2398 1749 4025 1869 hat gefühlt, daß es immer linder wurde.. er ist tagtäglich
748 1764 1025 1881 G.C.F.P.
1098 1772 2179 1886 Lichtreflexe an meine Fensterscheiben
2400 1828 4030 1933 befreiter von hinnen gegangen. Und eines Morgens erwacht
1096 1844 2320 1939 neu, wie brutal das ist... Sie hat die Vor-
2400 1898 4044 1987 er und kann wieder lächeln... Wie hasse ich die Leute, die
1102 1908 2324 2010 hänge in meinem Arbeitszimmer immer nieder
2407 1950 4030 2057 wieder lächeln können. Aber eines Morgens werde auch
1098 1966 2349 2078 gelassen, wenn der Abend kam; kein Lärm der
2400 2036 4044 2125 ich wieder lächeln!... Auch ich werde vergessen!.. In
1098 2039 2349 2138 Straße, kein Licht des Gegenüber durfte zu uns
2407 2090 4038 2202 mir taucht heute die Erinnerung an meine Jünglingszeit
1088 2134 1398 2216 herein
2400 2158 4054 2262 auf.. wie ich an der Seite der Süßen, Liebsten durch den
829 2177 2351 2264 Und die Stunden gingen hin. Ich bin auf und ab spaziert
2417 2218 4050 2326 Wald schritt und so unendlich glücklich hätte sein können....
724 2239 2330 2349 in meinem Zimmer; auch in dem ihren. Auf ihnen Divan hab
2421 2295 4056 2407 Ich war es ja auch. Es gibt Augenblicke, die Alles ver¬
734 2320 2328 2423 ich mich hingestreckt, bin da lang gelegen und habe in die über
2415 2367 4050 2471 schlingen, Vergangenheit, Zukunft, die eben die Ewigkeit selber
728 2380 2347 2487 flüssige Welt vor den Fenstern hinausgestarrt.... Vor ihren
2427 2429 4048 2541 sind...sch habe nie zu Jenen gehört, die geruhig ihres
728 2444 2355 2539 Schreibtisch hab' ich mich hingestellt, die Federstiele in den
2411 2500 4054 2601 Weges Seiten der Landstraße wandern, sich ab und zu
732 2520 2353 2630 Händen gehalten, an denen noch der Duft ihrer Fangerspitzen
2423 2553 4059 2669 tiefer die Wiesen und Wälder verirren, und sich ins Grüne
740 2574 2355 2710 haftet... Und vor dem Camin, dem ausgebrannten, bin ich
2427 2636 4067 2739 legen können, selig den Morgen eintrinkend. Auf die Bäume
738 2646 2347 2762 gestanden, habe mit der Ofengabel in der Asche herumgewühlt...
2429 2692 4003 2806 bin ich gestiegen und habe ins Weite hinausgesehen, dorth
740 2713 2353 2816 Und das zischelte und knirschte von zerstäubtem Papier und
2429 2779 4048 2882 wo die Landstraße im Grauen verschwindet
734 2810 1104 2901 Kohlenstücken.
2409 2824 4063 2957 Hier Nachricht. und hier... hier in diesem Zimmer, beim
2411 2909 4061 3023 Fenster, war es ja, als mein Weib einmal zärtlich meine Wangen
813 2888 2345 3035 Morgen für Morgen wandere ich auf den Friedhof hinaus.
2411 2973 4056 3081 küßte und mich ein so eisiger Schauer durchlief. Die Minuten,
728 2994 2347 3103 Es ist heuer ein Spätherbst mit einer kalten und frechen Sonne
2423 3043 4044 3151 Stuuden, Tage, Jahre tollten davon, unsere Zeit war um.
728 3068 2355 3157 und wenn ich die weiße Mauer von Weitem sehe, so brennen
2423 3110 4059 3215 Alt, Beide, das Ende, dass Ende!... So habe ich meine Liebe
746 3128 2367 3242 mir die Augen. Dann wandle ich durch die Gräberreihen und
2423 3161 4050 3283 entheiligt, weil ich dachte, daß sie verblassen mußte... Und
728 3205 2371 3310 betrachte mir die Leute, die da kommen, zu beten und zu weinen.
2429 3236 4069 3347 nun entheilige ich meinen Schmerz, indem ich daran denke, daß
738 3273 2369 3391 Ich fange an, einzelne zu kennen... Sonderbar an diesen
2433 3320 3387 3432 ich wieder einmal lächeln werde!...
740 3331 2353 3438 Gestalten berührt mich das Typische, das immer Wiederkehrende...
734 3403 2367 3494 Das Mädchen, das schluchzend vor jenes Kreuz nahe der Capelle
740 3467 2367 3573 hinsinkt, immer mit demselben Schluchzen, mit denselben Veilchen,
2543 3480 4073 3591 Wer ist jener Mann mit dem blonden Haar und den kla-
734 3546 2369 3635 die sie auf die feuchte Erde hinlegt, und wenn sie dann auf-
2460 3542 4075 3676 genden Augen? Um wen weint er? Die Ruhestätte, die er
740 3616 2361 3713 steht, immer der gefestigte Ausdruck im Antlitz, das rasche Weg-
2442 3633 4079 3730 Tag für Tag aufsucht, liegt wenige Schritte von dem Grabe
746 3670 2367 3788 gehen.... Sie beweint einen Jüngling; er starb im vierund-
2433 3695 4071 3808 meiner Gattin.... Der Mann ist mir aufgefallen, weil ich ihn
744 3738 2382 3862 zwanzigsten Jahre, gewiß, sie war seine Braut.... Immer packt
2446 3771 4071 3881 nicht so sehr hassen kann wie die Anderen. Er ist früher da
746 3819 2371 3910 mich der Gedanke: Ja, wie kann sie denn da wieder aufstehen,
2448 3829 4083 3928 als ich und bleibt noch, wenn ich mich entferne.... Vielleicht
746 3874 2390 3988 woher der getröstete Blick, mit dem sie von dannen geht?...
2448 3895 4085 4011 wäre icht nicht auf ihn ausmerksam geworden, wenn ich nicht
759 3943 2382 4050 Ich möchte ihr nacheilen: Es gibt keinen Trost, Närrin!...
2448 3957 4096 4065 einmal seine Blicke mit einem Glanz so tiefen Mitleids auf
757 4015 2392 4112 Und ich, der täglich da bin, was suche ich eigentlich?... Sie
2464 4046 4090 4141 mir ruhen gefühlt hätte, daß ich fast erbebte. Ich schaute ihn
759 4090 2388 4178 ärgern mich manchmal, die Leute da mit dem Flor um den
2464 4104 4083 4224 sest an; er wandte sich langsam um und schritt der Friedhofs-
753 4137 2402 4257 Hut, mit den dunkeln Handschuhen... Dabei sehe ich wol
2460 4174 4104 4271 mauer entlang... Ich muß ihn übrigens kennen... von früher
753 4222 2388 4315 auch so aus, wie all die Anderen, blaß und verweint... Oh,
2467 4253 4085 4350 her. Aber woher?... Haben wir uns auf einer Reise ge¬
753 4278 2400 4389 ich weiß es schon... ich bin eifersüchtig auf den Schmerz der
2460 4309 4106 4412 troffen?... Habe ich ihn im Theater gesehen?... Oder nur
751 4344 2390 4443 Anderen, es geht mir hier, wie es mir mit erhabenen und
2458 4377 4096 4478 auf der Straße?... Er muß mein Schicksal ahnen und ein
763 4412 2402 4517 entzückenden Dingen widerfuhr. Ich konnte den Ausdruck der
2467 4443 4112 4553 ähnliches erlebt haben wie ich; nur so erkläre ich mir jenen
765 4472 2388 4598 Begeisterung auf den Zügen Anderer nicht vertragen, wenn ich
2467 4505 4059 4635 Blick, der mir unvergeßlich bleiben wird.... Er ist schön und jung.
769 4548 2400 4658 mich an etwas Großem berauscht hatte.... Neidisch sah ich
771 4619 2415 4714 meinen Nachbarn an, den ein gleicher Schauer zu durchfließen
777 4679 2402 4797 schien, wie mich.... Etwas in mir lehnt sich dagegen auf, daß
2591 4697 4123 4813 Nun.. da ich wieder hier vor meinen Schreibtisch sitze
779 4755 2405 4867 alle diese da zwischen den Gräbern herumirren mit demselben
2471 4776 4106 4879 und das Conterfei der Theuren, die mein Weib, mein Alles
771 4823 2415 4927 unsäglichen, ewigen Schmerz.... Ach, es ist erbärmlich. Dasselbe
2469 4846 4129 4943 mein Glück, meine Welt war, von welken Blumen umrahmt
777 4892 2431 4993 empfinden sie Alle, und dann rollen die Tage weiter... mit
2471 4919 4110 5003 vor mir steht.. kehrt mir die Besinnung langsam wieder. Tage
788 4950 2415 5057 neuen Gedanken, frischeren Hoffnungen... am Ende kommt noch
2489 4997 4125 5082 wie die letzterlebten, rauben doch wahrlich jegliches klare Urtheil....
777 5026 2413 5121 trügerisch und weich der Frühling und blüht Einem zudringlich
2487 5038 4133 5150 Ich habe heute Großes vor... das erstemal wieder seit einem
782 5088 2425 5185 in's Gesicht.... Die Lüste wehen, und die Blumen duften, und
2483 5117 4121 5208 Monat will ich den Bücherschrank aufsperren, will wieder ver-
771 5156 2431 5258 die Frauen lachen, und wir sind wieder die Genarrten, sind um
2493 5189 3581 5313 suchen, zu lesen, zt sichten, zn denken...
777 5233 2065 5371 unsern großen und ewigen Schmerz betrogen...
631 5388 856 5514 A
