4616 6008
3815 379 4097 524 A. W.
3811 509 4099 619 2. Heft
1853 561 2875 700 An der schönen blauen Donau!
633 594 981 708 Seite 28
2515 667 4068 803 Eine warme Luft strömte jetzt von draußen in's Zimmer,
830 729 2343 871 „Nach House, nach Hause!" rief Ypsilan laut, doch wie
2414 768 4055 874 einer von den Leuchtern verlöschte, die anderen flackerten weiter,
2412 840 4061 942 mit unruhigem Schein, ich sah das Alles im Halbtraum, dann
687 834 948 934 stöhnend.
830 863 2335 1010 „Laß doch," beschwichtigte ich ihn, „wir kommen früh genug
2407 925 3221 1027 schlief ich vollends ein.
704 952 2349 1056 heim. Was willst Du auch daheim?.. Du darfst nicht mehr
2527 936 4063 1101 Es dämmerte, als ich aufwachte. Ypsilon war nicht mehr
687 1049 925 1141 arbeiten.
2401 1062 2749 1172 im Zimmer!
836 1068 2343 1178 Er sah mich an, ganz erstaunt. „Ich muß doch," sagte er.
2532 1095 4057 1217 Noch dachte ich an nichts und erhob mich, um zu dem
824 1153 2331 1263 Jetzt fuhren wir zwischen den ersten Laternen der Vorstadt
2407 1172 4063 1275 Tische zu gehen, wo ich im Dämmerlichte einen zusammen-
704 1223 2356 1323 Immer ruheloser wurde Ypsiton. Er fuhr mit den Händen hin
2407 1254 3144 1370 gefalteten Zettel liegen sah.
698 1290 2343 1416 und her, und seine Augen irrten; auch athmete er wie ein
2527 1294 4070 1401 Bevor ich ihn öffnete, trat ich zu dem Bette meines Freundes.
698 1381 1161 1476 Fieberkranker.
2407 1399 3211 1492 Es war nicht berührt worden.
824 1420 2349 1524 Erathmete so heftig, daß sich der Kutscher umwandte und
2527 1455 4061 1538 Ich schauderte und sah vor Allem, wie schon so die Ver-
696 1495 2333 1602 ihn mit Verwunderung betrachtete. Dann hieb er auf die Pferd
2407 1517 4055 1610 wirrung in solchen Augenblicken mit uns ihr Spiel treibt
698 1569 2335 1656 ein, und mit großer Geschwindigkeit rollten wir auf dem lärmen
2414 1590 4070 1685 nach den Kerzen. Sie standen nicht mehr auf dem Tisch, sie
698 1623 2343 1710 den Pflaster dem Wohnhause meines Freundes zu. Ein- oder
2407 1648 4068 1762 lagen sammt den Leuchtern in der Ecke neben dem Ofen. Ich
696 1697 2349 1791 das anderemal rief ich ihn noch an: „Ypsiton! Ypsilon!" Er
2407 1733 3939 1820 sah nach den Blättern, sie lagen zerstreut da, wie früher.
698 1764 2349 1840 aber hörte gar nicht auf mich; in unendlich hastiger Arbeit schien
2550 1799 3798 1898 Jetzt erst öffnete ich den Zettel. Darauf stand:
710 1817 2360 1923 sein Geist befangen, und meiner bemächtigte sich eine immer
2544 1865 3575 1956 „Türkisa ist todt! Alles ist vorüber!"
698 1921 1323 2002 trübseliger Stimmung.
2544 1931 4076 2035 Meine Zähne schlugen zusammen. Wo war er, wo war
830 1948 2347 2049 Ein Bild tauchte vor mir auf, als wir durch die schlecht
2416 2008 2790 2105 er denn nur?
698 2043 2349 2120 erleuchteten Gassen fuhren, das ich nimmer los werden konnte...
2527 2047 4080 2147 Ich eilte in's Vorzimmer - leer! Riß die Thür auf, trat
716 2095 2362 2198 Ich sah die Prinzessin Türkisa im Sarge liegen, der ganz von
2418 2136 4068 2213 in's Stiegenhaus — es war dunkel. Ich ging zurück, ent¬
710 2169 2366 2267 Glas war, und davor stand mein unseliger Dichter mit thränen¬
2418 2194 4068 2291 zündete eine von den in der Ecke liegenden Kerzen und trat in
704 2244 1422 2349 losen, schmerzlichen Augen.
2424 2260 4068 2347 den Flur. Dort lag etwas Schwarzes ganz unten! Ich hielt
830 2306 2362 2399 Da hielten wir vor dem Hause; Ypsilon sprang aus dem
2418 2323 4076 2409 das Licht über das Geländer, um besser zu sehen. Ein rother
710 2356 2360 2459 Wagen und stürmte über die Treppen. Als ich hinauf kam,
2418 2387 4076 2480 Wachstropfen fiel hinunter, ich rannte mit dem Lichte die Treppe
708 2424 2372 2544 saß er schon da vor seinem Schreibtisch mit den vier rothen
2430 2470 3486 2561 hinab — da lag sein Leichnam vor mir
696 2507 1971 2588 Kerzen — und hörte mich nicht, als ich eintrat
2538 2519 4070 2610 Dann kamen, wol durch meinen hastigen Lauf über die
830 2563 2356 2650 Eben begann er zu schreiben. Alles um ihn war versunken
2418 2585 4068 2689 Stiegen aufgeweckt, noch andere Leute dazu und erblickten den
704 2639 2008 2739 Die sterbende Türkisa bannte ihn in ihren Kreis
2418 2685 2627 2772 Körper.
830 2703 2347 2786 Ich legte mich auf den Divan und gedachte hier zu bleiben
2550 2705 4016 2832 „Was ist's?" fragte man. Einige schrien auch laut auf.
710 2770 1472 2863 da ich ernstlich unruhig war
2548 2803 4080 2894 Ich hielt mich zu einer Erklärung verpflichtet: „Er war
830 2799 2343 2906 Seine Feder hastete über's Papier, das Fenster war offen
716 2892 2352 2989 die Kerzenlichter flackerte, Die losen Blätter seiner Geschicht
2418 2877 2846 2973 wahnsinnig, sa
2418 2888 4080 3024 — 'Sine.
735 2977 2393 3078 ungen auf dem Tisch durch einander. Der Ausdruck seines
190 2915 635 3082 „ „ Bin
2418 3001 2908 3103 gezittert haben —
379 3039 640 3146 r. s.
720 3022 2314 3173 sichtes ward immer bewegter; dabei war er aber todtenblaß.
836 3076 2362 3200 In einem Augenblick hatte ich das deutliche Gefühl, daß
722 3163 2362 3271 Türkisa starb. Er schrieb plötzlich etwas langsamer, während er
720 3219 2366 3333 schwer athmete und mit stierem Blicke auf die vor ihm liegenden
729 3295 2360 3413 Zeilen starrte. Dann ließ er die Feder aus der Hand fallen
733 3355 2362 3484 sein Kopf sank herab, und er weinte bitterlich, herzbrechend
722 3434 2366 3529 Mir wurde wohler, freier. Ich dachte, jetzt sei es vorbei, der
722 3490 2362 3598 Bann gelöst, die schreckliche Phantasie, in der er Tage lang
733 3569 2372 3689 gelebt, sei zerstoben, verweht. Ja, mir war, als ginge in der
720 3641 2372 3745 ganzen Atmosphäre rings um uns her eine Veränderung vor
735 3707 2378 3807 Böse Geister rauschten durch's Fenster davon — und die rothen
741 3763 2385 3879 Lichter im Zimmer brannten ruhiger und heller. Auch die
735 3834 2366 3937 Blätter auf dem Tisch regten sich nicht mehr; der Friede wat
741 3900 2385 4001 wiedergekehrt. Und -mein armer Freund weinte, weinde still
696 3962 1029 4097 und stiller.
871 4039 2370 4148 Ich schlummerte auf dem Divan langsam ein.
853 4105 2387 4206 Es muß ziemlich lange gewesen sein, denn als ich wieder
741 4181 2383 4279 aufwachte, waren die Kerzen tief herabgebrannt. Ypsilon aber
739 4262 1865 4364 saß noch immer da mit gesenktem Haupte.
871 4316 2376 4419 Ich trat zu ihm. Er sah mich voll, mit einem ganz
735 4411 1304 4508 beruhigten Blicke an.
888 4461 1888 4560 „Geh' doch schlafen," sagte ich zu ihm
871 4515 2385 4622 Er erwiderte, und seine Stimme klang fest und gemäßigt
758 4593 2087 4697 „Geh' Du doch und sorge Dich um nichts weiter."
896 4641 2399 4775 „Nun, Ypsillon," rief ich freudig bewegt aus, „es ist doch
739 4744 1155 4856 Alles vorüber!
878 4759 2395 4906 „Alles vorüber," sagte er und küßte mich auf die Stirne.
878 4854 2412 4964 „Nun, so erlaube mir doch," sagte ich, „den Rest meiner
753 4912 2397 5047 Nachtruhe hier auf dem Sopha in Deinem Zimmer zu halten
747 5026 994 5125 Ypsilon.
896 5065 2337 5171 „Bleib' immerhin," erwiderte er mit freundlichem Blicke
878 5119 2412 5231 Er behielt mich im Auge, während ich mich auf das Lager
764 5200 2412 5314 streckte. Und als ich ihm zurief: „Also in's Bett!“ nickte er mir
753 5258 2412 5370 lächelnd zu. Ich fühlte sein Auge weiter auf mir ruhen, als
693 5339 1490 5483 ich zu schlummern begann.
660 5434 909 5595 Eem
2548 3161 4061 3285 Ich habe die letzte Erzählung meines Freundes Ypsilor
2449 3231 4078 3360 gelesen; sie ist ganz mißlungen, und es steckte kaum etwas
2430 3345 2807 3440 Talent darin.
2550 3360 4086 3484 Sicher ist das ein trübseliger Abschluß meiner Geschichte;
2436 3451 3856 3571 es gehört jedoch zur Vollständigkeit meines Berichtes.
2536 3629 2734 3745 Londrester,
2565 3683 4086 3803 Nichtsdestoweniger war Ypsillon ein wahrer Dichter, ja
2443 3763 4092 3873 ein großer Dichter! Denn welch eine Plantasie muß es sein,
2449 3834 4107 3939 die ein Wesen hervorzuzaubern vermag, in das sich der
2449 3887 4088 4012 Phantast selbst bis zum Wahnsinn verlieht. So sehr verliebt
2443 3956 4086 4076 daß er nicht weiterleben kann, wenn die eingebildete Gestalt
2443 4043 4090 4148 wieder durch andere Spiele der Plantasie ins Nichts her-
2455 4134 2780 4229 niedertaucht.
2579 4237 4092 4376 Die Muse hat zuweilen Launen... das Werkzeug einen
2455 4339 4097 4463 solchen war mein Freund Ypsillon. Er ist verrückt geworden
2461 4434 2896 4540 und gestorben.
2579 4548 4117 4668 Nun, es haben ihn Wenige bei Lebzeiten gekannt... seine
2467 4633 4115 4747 Werke werden ihm die Unsterblichkeit nicht verleihen. Sein
2467 4701 4126 4815 Wahnsinn jedoch wird ihn Manchem liebenswerth erscheinen
2465 4767 4111 4900 lassen, dessen Interesse von den traurigen Scherzen angeregt
2467 4840 3838 4947 wird, an denen die Natur zuweilen Gefallen findet.
2590 4896 4130 5016 Launische, goldene Plantasie! Dem Einen nahst Du
2467 4968 4117 5103 schmeichelnd in duftender Freundschaft und bildest ihn zum
2478 5032 4117 5165 glücklichsten aller Narren, zum Dichter; wie einen Feind
2478 5117 4128 5229 überfällst Du den Andern und machst ihn zum Bedauerns¬
2482 5194 3465 5330 werthesten der Poeten: zum Narren!
