4520 5976
2364 236 3703 530 1889, 23. Kgl.
3378 468 3701 596 Seite 489
1510 503 2518 674 An der schönen blauen Donau.
279 612 696 725 21. Heft:
2154 633 3715 793 Binnen drei Tagen war nicht nur die Partitur, sondern
2054 727 3686 869 waren auch die Abschriften vollendet. Die Proben konnten be
341 727 1974 844 der Gesellschaft der Musikfreunde und des Conservatoriums
2046 789 3686 920 ginnen, und bei der Aufführung erweckte das Werk des jugend¬
359 795 1976 939 nnd außerdem wohlconditionirter Professor des Contrabasses
2058 850 3699 988 lichen Mus!kers den größten Enthusiasmus. Glöppl selbst ver¬
351 869 1996 988 und der Posaune. Außerdem war er Haus-Administrator des
2060 914 3709 1064 legte das Werk, überselig, daß sein künstlerisch-patriotischer
351 937 1978 1062 Musikvereins-Gebäudes unter den Tuchlauben, Besitzer eine
2060 982 3709 1123 Gedanke eine solche Verwirklichung gefunden. Dasselbe erhielt
353 1006 2002 1121 Lottocollectur und Tabaktrafik, deren eifrigster Kunde als starker
2070 1054 3709 1206 den Namen Fest=Ouverture und erschien „den Bürgern Wiens
364 1072 1980 1195 Schnupfer er selber war, überdies Musikverleger und Musikalien
364 1132 2002 1277 händler; ein wegen seines Strebens und seines Charakters
2058 1171 2356 1271 gewidmet“
2185 1175 3721 1337 Das ist die Geschichte der Fest-Ouverture, die in Wien seit
380 1191 1998 1335 von Allen, die ihn kannten, respectirter Mann, dessen vielfache
2078 1271 3707 1394 vierzig Jahren fast alljährlich am 4. October als Einleitung
374 1265 2002 1382 Geschäfte höchstens noch durch seine Kinder an Zahl übertroffen
374 1321 2015 1468 wurden. Durch das Arrangement von Concerten und Musik-
2078 1325 3715 1440 der Festvorstellungen in den Wiener Vorstadttheatern mit sich
376 1401 2015 1512 aufführungen hat er sich um fremde und einheimische Künstler
2085 1417 3327 1553 stets gleich bleibendem Erfolge aufgeführt wird.
376 1456 2002 1583 vielfache Verdienste erworben. Dieser Mann nun erschien be
386 1526 2015 1649 meinem Vater, um demselben im Namen des Bürgermeisters
394 1604 2015 1719 Czapka den Wunsch auszusprechen, daß versuchsweise wieder
2526 1606 3268 1742 Einer armen Reichen.
388 1664 1877 1781 ein sogenanntes Bürger=Concert abgehalten werden sollte
507 1733 2025 1857 Diese Bürger-Concerte wurden in früheren besseren Zeiten
2395 1725 3233 1838 .Einsam weiß ich Dich jetzt lehnen
2501 1783 3292 1894 An dem Fenster, und Du weinst
407 1803 2009 1924 alljährlich im großen Redoutensaal zum Besten des Bürger
2411 1859 3118 1963 Tage, die sich endlos dehnen,
407 1875 2021 1998 spitalfonds veranstaltet und erfreuten sich der weitestgehender
2489 1906 3323 2017 Arm und freudlos hin; doch einst
398 1928 2017 2054 Begünstigungen seitens des Allerhöchsten Hofes und des Bürger
2423 1978 3134 2078 Warst Du so unendlich reich,
411 2004 2029 2132 standes. Im Jahre 1848 hatte keines stattgesunden. Die Er-
2487 2039 3157 2128 aß Du sahest ohne Thränen
417 2066 2023 2198 trägnisse dieser Concerte waren sehr bedeutende, die künstlerischen
2485 2111 3239 2185 Dinken in des Abgrunds Gähnen
411 2119 2043 2245 Erfolge große, meinem seligen Vater und mir brachten sie die
2415 2165 3035 2265 Uns'rer Liebe Königreich.
409 2191 2031 2352 höchsten bürgerlichen Ehren: die taxfreie Verleihung des Bürger
185 2216 359 2356 J
2561 2261 3259 2364 es jetzt nicht Stunden geben,
411 2298 1064 2411 rechtes der Stadt Wien.
2561 2329 3317 2440 da Dein Herz sich selbst besinnt,
542 2339 2050 2454 Glöppl forderte nun meinen Papa zur Uebernahme
2442 2403 3173 2501 Dich ein dämmerhaftes Weber
423 2403 2056 2514 der Leitung dieses projectirten Concertes und meinen Bruder
431 2462 2043 2629 Georg und mich zur Executirung eines Viin - Doppel
2532 2458 3194 2547 Der Erinnerung umspinnt;
2530 2520 3173 2621 ße Träume, Sehnsuchtsweh,
2530 2584 3146 2668 her Deine Seele schweben,
329 2582 793 2705 concertes auf
585 2604 2031 2744 „Aber," begann der eifrige Mann, „wieder die „amont"
2442 2645 3183 2738 Wie die gold'nen Lichter beben
435 2676 2054 2799 Ouverture oder „Figaro“-Onverture möchte ich nicht gern haben
2448 2701 3161 2801 Ueber einen dunklen See —
421 2748 2060 2863 Wir bringen etwas Neues, Packendes, etwas, was den Patriotis-
2543 2793 3298 2900 unden, da Dich kein Beschränken
454 2797 2062 2947 aus zum Ausdruck bringt. Wenn ich nur wüßt', wem ich's
3882 2820 4108 2992 7
2545 2871 3265 2972 Menschlicher Gerre schreibt.
460 2879 2068 3007 sagen soll von den Wiener Componisten, am Titl dem
2473 2941 3374 3044 Dir ein Duft, ein Klang das Denken
460 2957 1826 3066 Binder, dem Proch. Ich weiß nicht, wenn wenn
1875 2937 2085 3027 machen
2555 2996 3268 3091 An versunk'ne Himmel weckt;
466 3048 791 3146 lassen soll?"
2477 3070 3189 3155 Stöhnend Deine Lippe klagt;
598 3066 2062 3204 „Was denken Sie eigentlich, wie das Ding aussehen soll?
2471 3099 3245 3210 Thränenschwer sich niedersenken,
466 3177 1097 3282 gegenfragte mein Vater.
2477 3185 3159 3282 Lider, denen Götter schenken
591 3196 2080 3331 „Na, wie denn? I mein' halt: Als Einleitung müßt' si
2483 3245 3167 3344 Eine Labe, mir versagt —?
472 3284 2103 3403 eine Art Revolution gezeichnet werden, so aufgeregt, furchtbar,
460 3348 2099 3479 natürlich moll und presto. Das müßt' dann in ein Gebet, eine
2475 3341 3452 3461 All Dein Glück sind dann die Stunden,
460 3409 2091 3553 Preghiera übergehen, wo die Völker Gott bitten, daß er sie
2573 3411 3440 3510 — Längst vom Strome fortgewiegt -
472 3479 2097 3588 von allem Uebel erlöst. Dann hört man von der Ferne einen
2495 3483 3218 3565 Die in meinen Arm gefunden
2565 3532 3298 3633 Wortlos-selig Dich geschmiegt
472 3543 2103 3660 Militärmarsch, wo contrapunktisch in den Mittelstimmen die
2508 3606 3187 3682 Traulich kamen sie einher —
483 3625 2109 3734 Volkshymne angedeutet wird, bis dann zum Schluß von allen
2487 3662 3206 3760 Hättest Du sie leis’ gebunden,
487 3678 2122 3814 Instrumenten fortissimo — aber ohne Contrapunkt — die
2501 3723 3247 3810 Die uns jetzt dahingeschwunden
487 3740 2109 3880 Volkshymne voll angestimmt wird. Dann noch ein lautes Jubel
2501 3787 3268 3888 Wie die Schwäne über's Meer!
489 3828 1935 3945 geschrei und — na, dann ist halt die Ouverture fertig
606 3890 2122 3997 Das sprudelte der brave Mann eifrig heraus. Kaum war
2315 3908 2497 3997 Wien.
499 3964 2107 4083 er fertig, schlich mein Bruder Georg hinaus. Die beiden alter
2573 3886 3676 4091 hermann hange
505 4021 2122 4142 Herren blieben allein, um ihre Gedanken über diesen Vorschlag
495 4093 2134 4206 auszutauschen und über Musik, Politik und Zeiten manch patrio-
495 4161 2140 4290 tisches Wort zu wechseln. Nach einer Besuchsdauer von vier
513 4231 2140 4338 Stunden wollte sich Herr Glöppl entfernen. Da trat ihm im
513 4303 2148 4403 Vorzimmer mein Bruder Georg mit einigen frisch beschriebenen
2705 4296 3358 4432 Neues Leben.
513 4354 2068 4481 Bogen, tintentriefenden Fingern und den Worten entgegen:
657 4438 1928 4549 „Herr von Glöppl, die Ouverture wär' fertig."
2565 4424 3374 4535 Die Saat gesä’t an ihrem Grabe
633 4502 2156 4596 Der so Angesprochene stand starr. Er wußte nicht, ob der
2567 4494 3436 4615 Ging mir mit Deinem Lächeln auf!
518 4557 2146 4687 junge Mann ihn zum Besten halten wolle oder ob das Ernst
2561 4572 3354 4666 All’, was ich dort verloren habe,
530 4635 2158 4752 sein sollte. Selbst mein Vater runzelte ein wenig die Stirn, er
2573 4623 3440 4756 Beschwörst Du an das Licht herauf
520 4701 2167 4820 dachte im ersten Moment nicht anders, als sein Sohn erlaube
2561 4740 3508 4867 Wie aus der Himmel Dunstverhüllung
536 4765 2152 4890 sich einen unziemlichen Scherz mit dem Gaste. Doch Georg
538 4847 2156 4950 bestand auf seinen Noten. Er setzte sich ans Clavier und be-
2577 4830 3424 4921 Ein Sonnenspielen leuchtend brach,
538 4902 2175 5019 gann zu spielen, während ich, zum Umblättern berufen, mein
2573 4892 3440 5003 Bist Du die schöne Glückserfüllung,
2571 4956 3465 5083 Die meinem Leid der Tod versprach.
538 4978 2163 5077 Amt versah. Zu unserem allerhöchstem Erstaunen hatte Georg
530 5048 2165 5145 in der That die Ouverture nach dem Programm Glöppl's com¬
2358 5069 2555 5173 Wien.
542 5108 2175 5229 ponirt und zwar so vollendet, daß nichts zu thun übrig blieb,
530 5167 2171 5290 als sie zu instrumentiren. Glöppl, mein Vater und ich selbst
550 5247 2198 5364 waren entzückt von der Frische und Formvollendung des im
472 5297 1520 5444 Handumdrehen entstandenen Werkes.
458 5422 680 5570 n
