4392 5848
3792 355 3981 636 20
934 910 3912 1103 night on Tuesday, February 26, 1929 at the Cherry Lane Theater.
945 1099 3800 1254 But the Flayer's Cooperative did not make a very good job of
945 1215 4043 1377 their production. Robert Littell said, "It was finally performed.
945 1331 3954 1470 Liebelel is a good play, a tender, ready, rather observed play”,
930 1431 3946 1508 and J. brooks Etkinson said, They acted for a draggledussul.
949 1501 3939 1628 It was a kesitating and rather embarréeed per fomance. The play
949 1578 3869 1690 is a moving tragedy, which in 1896, when it was written, or in
937 1663 3962 1790 1906, when it was first played here, had a perfect right to fill
957 1732 2561 1875 the playgoing eye with teers. (2)
1161 1855 3830 2002 Meanwhile the publichers must have decided that if there
937 2025 3981 2187 was sufficient demand for a play to produce it twice within three
922 2187 3869 2330 years it might be reasonable to expect that many would like to
926 2334 3815 2484 read it. The result was that in 1914 A. P. McClurg of Chicago
926 2480 3815 2669 saiblished F. Worton Shand’s.translation Hlaying with Love and
910 2650 3842 2824 in 1929 Morgan’s translation which had originally appeared in
918 2793 3946 2974 the Drama of 1912 was edited by S. M. Tucker in Modern continent-
914 2955 3846 3113 al Plays. Thus Liebelei has a rather impressive history in the
930 3105 3800 3329 Dnited States as a stage production in German and in English,
910 3263 2639 3468 and as an entering play to read.
895 3468 2029 3672 5. Professor Bernhardi
1126 3722 3761 3919 although the year 1913 saw the publication of the first
887 3915 3915 4043 group of stories in English
887 4054 3896 4212 brak in the publication of the dramatic works. That very year a
887 4216 3792 4405 Beston company published Grumann's criaslation. Freo Came and
883 4374 3796 4533 P. Elder Co. of San Francisco published Mrs. Fohli's garbled
883 4521 3796 4683 version of Professor Bernhardi. I believe the fact that this
903 4675 3665 4833 translation appeared only one year after the play was pub-
880 4849 3823 5011 lished in German is an indication of the growing copularity of
880 4976 3815 5192 Schnitzler. Publishers began to want to print the latest work
1215 5262 3271 5466 York Evening Post. Feb. 27, 1929, page 10.
868 5292 1420 5563 2.) New York
1589 5400 2484 5547 nes. Feb. 27. 1929.
