4408 5800
2152 699 3557 903 Dec. 15, Review - Chroniole a
2122 804 3705 1023 signifficant as Moll Flanders, if
782 774 1790 1069 News (Mansfield, O.)
2137 948 2764 1065 not more so.
812 1023 3010 1352 Sun-Telegraph (Pittsburgh, Pa.) -Nov. 18, Review
2160 1106 3629 1405 Nov. 25, Review by H.S.Aronson
819 1269 1741 1469 News (Dallas, Tex.)
823 1386 3214 1639 Advocate (Baton Rouge, La.) Nov. 30, Brief Review
2194 1507 3674 1703 Dec. 1928, Cheerless book but a
838 1582 1371 1790 Plain Talk
2194 1650 2632 1794 good one
2194 1688 3757 1937 Dec. 2, Review - Book is another
2220 1824 3784 1998 Uncle Tom’s Cabinet in that the lot
853 1748 1911 2088 oude Times ( Ørooklyn, N.Y.)
2205 1907 3784 2058 of a poor slave is exposed in all
2209 1930 4014 2175 its horror. (Theessa a domestie slave)
869 2130 3206 2383 Knickerbocker Press (Albany, N.Y.) -Deo. 2. Review.
2217 2292 3168 2530 Dec. 2, Long Review
876 2356 1850 2534 Herald (Miami, Fle.)
876 2477 3180 2674 Public Ledger (Philadelphia, Pa.) -Dec. 8. Review
2236 2598 3818 2764 Dec. 30, Review by Marian Gerber-
895 2662 1998 2911 times (Asheville, N.C.)
2232 2723 3146 2908 Too minute realism
2236 2825 3610 3047 Dec. 23, Rather long review.
910 2893 1831 3100 Sun (Columbus, Ga.)
2273 3002 3942 3191 Jan. 3, 1929, Review by Arthur New-
910 3036 2017 3289 Evening Newe (Portland)
2262 3104 3104 3259 ton Leonard Ph.D.
914 3225 3950 3444 Evening Post (Chioago, 111.) Jan. 4, 1929, Review by Dorothy Dow
2288 3346 3350 3512 She never could learn.
2285 3357 3780 3701 Jan. 11, 1929, Review by E.J.F.
933 3523 2088 3712 Pres (Bloomfield, N.J.)
925 3625 3825 3871 Herald-Advertiser (Huntington, W.Va.)-Jan. 6, 1929, Review by
2277 3723 3357 3924 Walker Long (Portrait)
1469 3942 3304 4143 In College and University Publications
2281 4041 3806 4309 Feb. 18, 1929, Review by R.H.P.
948 4116 1722 4358 Harvard Grimson
2307 4211 3961 4418 Oct. 25, 1928, pl, continued on 3,
2334 4301 4090 4547 Review by Hedges MacDonald (Portrait)
944 4301 1967 4535 News-Yale University
2330 4482 3659 4686 Winter 1928 - Brief comment
952 4535 2077 4758 Review-Yale University
955 4569 3723 4920 The Campus--Oity College of New York-Oot. 29, Long Review
2341 4739 3863 4883 Presmnts such anomalies and con-
2371 4822 3859 4951 trasts that the reviewer wavers
2383 4902 3716 5038 between superlative praise an
2360 5019 3036 5196 tempered conde
