4392 5816
1876 716 2351 918 Littl
1555 760 2770 1045 All dates refer to 1929
2097 962 2826 1187 Nov. 24, p10-R
811 930 1702 1223 Ner York Amerieen
2113 1072 3894 1405 Nov. 9, pltä-M. Reviev by Edvin Seaver
843 1164 1896 1421 New York Evening Post
2121 1274 2339 1444 1320
2101 1369 3518 1579 Sept. 7, Review by S. Spewack
855 1389 2070 1603 New York Evening Telegram
851 1543 3566 1749 New York ISrald Tribune-Book Seotion-Aug. 25, p7, Review
2133 1587 3771 1848 Babette Deutsch (Portrait) (1000 w)
2129 1769 2913 1935 Sept. 9. Review
851 1816 1504 1991 New York Sun
2129 1836 3578 2090 Aug. 25, The nature Schnitsler
863 1923 1559 2153 New York World
867 2034 3847 2272 Beston Transcript Book Section-Nov. 13, p Brief Review (220 w)
2133 2224 3641 2442 Dec. 11, LX, no. 784 p76, Brief
875 2252 1500 2497 New Republie
2129 2351 2838 2509 Review by H.G.
2129 2458 3716 2644 Feb. 1930 XVII, no. 2 pp. 193,194
867 2505 1638 2687 Menorah Journal
2141 2644 3708 2774 Sept. 1929, 70, XIV, Sutton to be
879 2667 1262 2889 Bookman
2165 2731 3657 2845 congratulated on hisusslation
2157 2766 3839 2972 which fhithfully keep to the spirit
2153 2901 2917 3063 of the original.
898 2944 3863 3190 Outlock and Independent (New York) -Sept. 4, CLIII, no. 1, p28,29
2141 3122 3546 3269 Review by Mary Shirley (320 w
890 3217 2719 3479 Back of the Month Club Newe-Sept. 1929
2153 3364 3657 3554 Sept. 7. Review by Harry Hansen
902 3423 1805 3621 fa   imea   a ikke
2165 3558 3708 3756 Sept. 15. Review by Fred. Daniel
898 3562 1670 3764 Atlanta Journal
2169 3677 2655 3839 (Portrait)
898 3712 4076 3965 Enickerbocker Press (Albany, N.Y.)-Sept. 15, Review by H.E.Christman
898 3958 3435 4151 Flein Desler (Cleveland, O.) -Sept. 8, Review by G.R.S.
2208 4076 3961 4310 Sept. 26, p10. Review by Frank Astron
898 4144 1670 4333 Cinsinnati Post
2224 4211 4068 4464 Sept. 29, p4. Review by McCready Huston
914 4294 1959 4456 South Send news-oude
2181 4409 3585 4599 Dec. 7. Review by John Bright
910 4421 1888 4638 Post-Pasadena, Cal.)
2181 4567 3724 4753 Nov. 17, Revien by Fred.R. Meyer
914 4579 1725 4789 Pitteburgh Press
902 4713 3950 4919 M.S.-A Magasine for Studento of Greative Nriting-Deo. 1929, p6-7
2177 4844 3107 5030 Review by L. Gilkes
2181 4895 3570 5216 July 28, Reviow and Portrait
886 4990 2066 5228 Seacon (Wiehita, Kansas)
