4296 5320
3585 190 3783 359 37.
861 312 1117 494 Mikkelinen
1090 932 3739 1082 A chronological bibliography of Schnitzler's works first
1090 1046 3120 1200 published in the Neue Rundschau, 1892-1914.
940 1303 2875 1465 Der Sohn. Aus den Parieren eines Arztes.
1062 1402 3056 1536 Die Freie Bühne, III. 89ff., January 1892.
936 1465 2713 1631 Sterben. Neue Deutsche Rundschau, V.
2756 1497 3664 1670 969-988; 1073-1101;
1090 1595 3183 1686 1179-1191, Detober, November, December 1894.
940 1635 3708 1793 Die Kleine Komödie. Neue Deutsche Rundschau, VI, 779-198.
1090 1749 1658 1844 August 1895.
932 1785 4087 1951 Ein Abschied. Neue Deutsche Rundschau, VII, 115-24, February 1696.
940 1903 3510 2018 Der Grüne Kakadu. Neue Deutsche Rundschau, X, 282-308,
1066 1966 1603 2069 March 1899.
928 2022 1793 2180 Frau Berta Garlan.
1860 2026 3988 2215 Neue Deutsche Rundschau, XII, 41-64; 181-206;
1094 2120 2851 2231 p37-72, January, February, March 1901.
928 2196 1789 2314 Lebendige Stunden.
1860 2184 3439 2322 Neue Deutsche Rundschau, XII, 129
3807 2192 4079 2322 1901.
932 2294 3005 2425 Der Tapiere Cassian. Die Neue Rundschau, XV
3084 2274 4107 2409 227-47, February 1904.
932 2369 2962 2492 Das Schicksal des Freiherrn von Leisenbohg.
3021 2346 4107 2519 Die Neue Rundschau, XV,
1070 2421 1927 2555 829-42, July 1904.
928 2511 3743 2669 Der Weg inn Freie, Die Neue Rundschau, XIX, 31-71; 183-221;
1070 2571 2962 2697 327-61; 471-515; 643-93; 801-57, January
3056 2602 3546 2709 June 1908.
924 2610 3029 2819 Vorspiel zu einem Drama: Der Junge Medardus.
3100 2654 4004 2819 Die Neue Rundschau,
1058 2733 2436 2839 XXI, 1385-1415, October 1910.
924 2815 4103 2950 Die Hirtenflöte. Die Neue Rundschau, XXII, 1849-73, September 1911.
920 2890 4008 3029 Frau Beate und Ihr Sohn. Die Neue Rundschau, XXIV, 30P-82; 50P-16;
1046 2989 2752 3092 303-28, February, March, April 1913.
900 3155 3882 3333 The final scene in the last act of Das Weite Land was represented
904 3297 2839 3428 in Kunstwart, XV, 259-69, November 1911.
916 3380 4032 3582 Das Tagebuch der Redegonds was published in the Süddeutsche Monats-
904 3510 2097 3613 hefte. 1-7. October 1911.
3609 3562 3941 3708 Alfred
904 3660 4032 3799 The only time that Schnitzler expressed a personal opinion in these
920 3743 3980 3897 periodicals was in a letter to Maximilian Harden, which the latter
916 3822 4075 3961 publiched in his periodical. Die Zukunft. XIVI. 101-04, December 17,
912 3905 3972 4047 1904. Schnitzler defended Siegfried Jacobsohn against a charge of
904 3968 1445 4115 plagiarism.
2875 4194 3301 4320 er die Gr
1508 4225 1982 4383 d. p. 514.
