4440 5496
2306 388 2534 601 „ „
3635 328 3856 593 11.
905 941 3780 1221 ler, mit unerschöpflicher Wahrnehmung -- dargestellt." (37)
1257 1121 3880 1385 Four yearsielapsed between this long novel and the next
925 1277 3860 1529 collection of novelettes, Masken und Wunder. Carl Busse was,
925 1465 3808 1686 as usual, derogatory: Wir wollen das warme Leben fühlen und
917 1577 3848 1830 stossen doch nur auf eine kalte Maske, hinter der es sich ver-
913 1750 3631 1966 bergen soll." (38) Ernst Heilborn again pointed out that
913 1958 3800 2142 Schnitzler was a master at bæring the emotions: "Ein Meister
913 2054 3784 2358 der Seelenanalyse, übt Schnitzler die Kunst, dem Menschen die
893 2194 2014 2390 Maske abzureissen.“ ( 39)
1229 2394 4060 2602 Frau Beate und ihr Sohn, the first in the series of Schnitz-
905 2502 4112 2763 ler's later master pieces in the field of the novelette, was received
881 2650 3928 2923 with laried enthusiasm. The question of Freudian influence was
889 2839 4004 3087 reised, as Reik (40) had done before in his study. It was felt by
877 2983 4004 3227 some that Schnitzler had tried to draw the character to _sharply.
869 3147 4000 3403 Heinrich Lautensack wrote: "Keine grössere Verführung gibt es für
869 3283 3836 3523 den psychologischen Roman- und Novellen Schriftsteller als die
885 3463 3828 3699 Versuchung, die Probleme seiner Kunst immer noch feiner, immer
865 3603 2959 3852 noch diffiziler und aparter zu nehmen. (41)
3023 3695 3952 3880 of s latent dramatio-
1185 3780 3896 3976 The reception of Schnitzler, the dramatist, in Berlin was
853 3916 3948 4184 not always as favorable as the reception of Schnitzler, the prose
849 4056 4064 4372 written. One might coin a proverb that would exactly fit the case and
921 4212 1197 4364 landed
2703 4300 3631 4460 ter ertränkt. (44)
853 4348 1013 4516 37.
1073 4324 3579 4564 Die Deutsche Rundschau, CXXXVII, 314, February 1909.
833 4496 1005 4596 38.
1089 4544 3800 4676 Velhagen und Klassings Monatshefte. XXVI. 472. July 1912.
841 4572 1005 4672 39.
1077 4576 3479 4776 Das Literarische Scho. EIV. 1738, September 1912.
841 4656 1009 4784 40.
1085 4680 3447 4813 Dr. Theodor Reik. Arthur Schnitzler als Psycholog.
1077 4744 2843 4865 Winden. (Westfalen), no date, (1913).
809 4764 1033 4969 41.
1061 4821 3443 5037 Westermanns Monatshefte, CXV, 156. September 1913.
