4376 5880
907 987 3979 1130 I believe that M. C. has a better understanding of the situation.
903 1138 3943 1277 He defende Bestrice against theoritios who object to the sudden
923 1313 4023 1416 change in her, by explaining "Schnitzler does not contend Beatrice
915 1389 4074 1496 hasbergone a radical change. She perceives herself as she really
903 1468 4102 1595 is, and foresoeing a future that she will not bring herself too spe-
915 1560 3967 1679 eifically to realize, she dies." (1) Yet, one isels the truth of
923 1647 4015 1810 this statement: “rechnically and paychologically it isn’t half so
915 1782 3983 1882 clever as Else. Beatrice's son's leaving of her affair seems to
915 1862 4106 1977 be what brings on the catastrophe, but doesn’t, in all circumstances
923 1946 3828 2065 seem enough. Can the ending be tamed down, as Englished?" (2)
915 2069 4015 2228 Here Agnes Jacques is free from all built since I believe even the
915 2224 4106 2367 diasual reader of the German version would be struck by this weakness
907 2359 4098 2530 Helen Chadviok argued, “Agnes Jacques is so adequate an interpreten
915 2475 4015 2582 that the book retains the author’s own graceful,leherming and aro-
903 2570 3776 2670 matic style.” Ellery Rand’s review of “Aorspanion volume to
915 2630 3975 2733 Schnitzler's Also stated, "Beatrice remains only a character in a
915 2714 4003 2817 book, a woman whose fall from grace inspires in us & mild interest
923 2805 4007 2897 tingled feintly with August. There is real dramatic stuff in the
903 2873 3911 2988 ie of Bestrice." (3) He also attempta to account for the in¬
903 2992 3931 3139 feriority of this story by drawing attention to the fact that it
907 3147 4007 3310 antedates else by some thirteen years. The Boston Transcript oen-
907 3310 3927 3446 suresaiplightly - "Schnitzler is harsh and cruel and often almost
907 3426 3911 3541 revolting in his cold sensuality. nevertheless, it would not be
907 3505 3851 3597 unfair to class this book with the great (emitional) sex classio
903 3593 3863 3680 of the age." (4) The New Yorker considered it "Another tabloid
2443 3652 4003 3788 (5) "which makes up with brilli-
907 3660 2359 3764 psychological study of a woman,
903 3752 3963 3847 ancy for any lack of heavy conviction" (6) and "Proves that good
915 3820 3995 3919 fiction can be got out of the mother-son situation without writing
907 3903 3987 4019 either in gibberish or at intolerable length." (7) On May 8, 1920
895 4023 3895 4186 it was listed by the Evening Sun of Baltimore as one of the six
907 4202 3887 4333 best sellers and by May 30,�1926, when Fraulein Eise was in its
2045 4333 2519 4492 näyttäjän
1082 4476 3386 4655 Commereial Appeal (Memphis, Teun.), June 6, 1926.
1643 4623 1914 4699 May 6
1305 4623 1508 4707 Von
1950 4607 2216 4699 1926.
1488 4667 3064 4810 dann (Baltimore, Md.). May 8,�1926.
1619 4771 2825 4906 script. May 22,oc26. p 2.
1476 4834 2312 4965 ex. July 31, le 26.
1647 4930 2312 5049 June 26,faß6.
1572 5005 2316 5149 , July 10, 23d.
