4344 5832
837 897 3034 1134 2. Earliest translations of playe 1904-1911.
1100 1074 3879 1378 The Lady with the Dagger was the very first of Schnitzler's
864 1284 3879 1528 works to appear in.translation in the.States. It appeared
879 1427 3845 1611 in 1904 in Poet Lore and was followed the next year by a trans-
875 1585 3808 1791 lation in Current Literature of "Die Gefährtin" (translated as
909 1757 3841 1923 "The Wife"). in 1906, 1910 and 1911 Post Lore continued to inc-
886 1934 3841 2099 lude tranalations of Schnitzler's works, beleoting respectively
924 2058 3781 2249 "Living Houre" (translated by Helen T. Porter), "The Duke and
886 2170 3838 2429 the Actress" (translated by Hans Weyez from "Der grüne Lakadu")
875 2362 3552 2553 and "The Legacy" (translated by Mary L. Stephenson). (1)
2369 4645 2550 4840 ====--
897 4791 3590 5002 1. ) For volume, pages, etc. refer to bibliography, under
1352 4930 2854 5137 Transletions - "Dramatic Works".
