4392 5864
3531 377 3751 585 26
880 864 4014 1060 spoke of the decision as being significant in the world of letters.
880 998 3971 1214 Mr. J. S. Sumner's retort came in the form of another open letter,
884 1198 3908 1375 written on November 11, to the New York Herald Tribune, and pub-
892 1339 3939 1524 lished on Sunday, November 16, 1930. In it he declared, "There is
892 1453 3900 1602 nothing sacred about the writings of Mr. Arthur Schnitzler, nor,
895 1536 3908 1685 in fact, about the author himself,” and he immediately brings up
892 1646 3821 1873 again the question of Hands Around. Anyone following the news-
880 1826 3998 2038 paper write-upa will find that Sumner apparently stood practically
899 1968 3935 2180 alone in his fight and that the newspapers, whether conservative
907 2117 3975 2345 or radical, were in sympathy with Casanova. Sumner was said to be
958 2282 3963 2521 "true to form" and Magistrate Gottlieb was referred to as a "just
927 2466 3900 2659 judge" who Lismissed the "ridiculous charges." (1) A statement
923 2604 3935 2796 by A.B.H. in the New York University obily news of October.2 can
923 2757 3731 2997 be taken, I believe, as quite indicative of public opinion -
950 2930 3896 3071 "It is a true service to literature to bring this book back for
923 3052 1708 3244 general reading.
1143 3107 3975 3374 Naturally the New York City papers had contained regular re-
923 3323 3990 3531 ports of the court proceedings and out-of-town papers had quickly
935 3476 3841 3684 relayed the news to their readers, often poking fun at Sumner,
939 3621 3869 3786 calling him "the official Encoper for New York City." (2) and
947 3770 4096 3986 exclaiming, "Now, of all things, Schnitzler's Casanova's Homecoming
939 3892 3786 4037 has been spied by Sumner." (3) John Elair Minot has put an
943 4010 3935 4206 tional touch of humor into the whole incident bywerking that
982 4183 4065 4328 "broad-minded Boston has not censored or questioned the book which
947 4265 4061 4418 puritanical New York, after due deliberation by its Courts, is now
950 4352 3924 4528 permitted to read, (4) but this was no more humorous than the
947 4438 4022 4662 incident in court when Magistrate Gottlieb requested Mr. Sumner's
950 4638 3924 4894 marked copy for his private liberty in order that he might not
1638 4964 2749 5149 elegram, Sept. 27, 1930.
1512 5019 2851 5196 (Slouk City), Aug. 19, 1930.
1430 5121 3374 5353 (Columbis, South Carolina), Aug. 17, 1930.
1147 5275 2549 5475 Herald (Baton), Oot. 4, 1930.
