4232 5320
3393 277 3725 465 40.
2363 968 2589 1097 G.H.F.P.
863 1043 3925 1222 L.E. X. 1712, September 15, 1908. notice of two more articles on
843 1160 1777 1293 “Der Weg ins Freie“:
1179 1214 3585 1359 Brof. Alfred Klaar (Königsberger Allg. Ztg. 391).
1156 1324 3155 1449 Wilhelm v. Wynetal (Brünn Tagesbote, 394).
851 1433 3858 1609 L.E.XI, 58, October 1. 1906. notice of a review of “Der Weg ins
851 1562 3327 1695 Freie by Dr. Hugo Bergmann (Ost und West. VIII. 8/9
843 1652 3983 1808 L.E. XI, 61, October 1, 1908. notice of a study of Arthur Schnitz-
843 1788 3534 1917 ler by Maurice Muret in "Nouvelle Revue", August 1, 1908.
840 1906 3749 2062 L.E.XI. 127, October 15, 1908. „Der Weg ins Freie“ kriticised
851 2027 3971 2148 Franz Servnes - "Schnitzlers Wiener Roman (Das Blaubuch. III, 37),
843 2159 3741 2288 L.E. XI. 731, February 15, 1909. notice of an article on "Der
836 2245 3472 2398 Weg ins Freie“ by August Hauschner (Die Hilfe, XVII, 3).
2499 2355 3885 2534 "Der Weg ins Freie " kritieised
843 2363 2409 2523 L.L. XI. 1674, September 1, 1909.
843 2476 3319 2601 by Ernst Tonnelat ("Revue de Paris", July 15, 1909.)
832 2593 3776 2749 L.E. XI. 1554, August 1, 1909. One exlumn on Arthur Schnitzler
832 2694 3554 2866 In France based on a study of Andre Tibal (Revue de Paris,
847 2780 1578 2921 June 15, 1909).
2511 2870 3757 3065 „A. Schnitzler und die Jung
851 2886 1511 3062 L.E. XII. 130.
1589 2886 2425 3042 October 15, 1909.
843 3019 3776 3116 Wiener-Schule by F. O. Schmid, (Berner Rundschau, Bern, IV,37.
832 3112 3776 3280 L.E. XII. 962, April 1, 1910. One paragraph on Schnitzler, who
832 3261 3788 3390 (according to C. Levi, Nuova Antologia, March 1, 1910) among all
836 3319 2773 3464 German author s is most like the Italians.
832 3448 2370 3597 L.E. XIII, 529-31, January 1911.
2413 3432 3823 3600 Review of the premiere of "Der
832 3546 3835 3698 Junge Medardus“ in the Burgtheater, Vienna, November 24, 1910 by
824 3624 1632 3757 Camill Hoffmann.
824 3757 3835 3913 L.E. XIV. 1280, June 15. 1912. Summery of reviews of Schnitzler
836 3858 1644 3983 at the age of 50.
1132 3925 2925 4049 Ludwig Bauer (Die Zeit, Wien, 3461)
1285 3999 3643 4120 Je kleiner der Spiegel, desto bewunderungswürdiger
1136 4065 3702 4241 die Kunst, in ihm unsere ganze seele zu seigen is the
1144 4174 2980 4268 essence of the above mentioned article.
1148 4225 3948 4358 Hermine Hanol (Münchener N. Nachr. 246) A review of Schnitz-
1144 4323 2612 4409 ler’s more personal activities.
1148 4397 3956 4514 H. Kienzel (N. Tageblatt, Stuttgart, 120) Review of Schnitz-
1148 4479 2648 4581 ler’s artistic characteristics.
1148 4510 3651 4670 Felix Salten. (Wiener Fremdenblatt, 129) Schnitzler's
1132 4647 3776 4756 Sevelopment from voithful simplicity to the portrayer of
1132 4717 1726 4854 human fates.
