4232 5336
3536 203 3715 362 41.
2701 406 2876 549 11
1146 959 2796 1098 Also articles not characterized by:
1146 1018 3397 1185 Raoul Auernheimer, (N. Fr. Presse, Wien, 17140).
1142 1169 2975 1253 Ludwig Steiner, (Tageblatt, Prag, 133).
1146 1229 2824 1332 V. Fred, (Hannover Courier, 29386),
1142 1253 3130 1412 Robert Hirschfeld, (N. Tagebl.. Wien. 132)
1153 1344 3202 1480 Alexander von Weilen (Abendpost, Wien, 111).
1146 1460 2705 1551 Willi Handl, (Bohemia, Prag, 133).
1142 1484 2880 1643 Fritz Droop, (Danziger Zeitung, 227)
2955 1579 3214 1718 113).
1142 1619 2896 1714 Hans Wantoch. (Generalanz., Frankfurt
1142 1655 2955 1786 Marie, Holger, (Magdeburger Ztg.. 247)
3126 1698 3397 1885 224).
1153 1778 3063 1877 Gustav Werner Peters, (E. Bad, Landesztg)
1142 1794 3214 1925 Stefen Grossmann. (Berliner Tageblatt. 243)
1165 1933 2414 2017 (Wiener Allg. Ztg.. 10229).
1153 2001 2426 2100 (Wiener Mittagsztg, 15-5).
1142 2056 2617 2180 (Oester. Volksztg., Wien. 1327.
1153 2148 2486 2283 (N. Fr. Jresse, Wien 17143).
839 2235 3683 2446 L.A. XIV. 1282, June 15, 1912. One paragraph on Schnitzler's
843 2371 3814 2506 "Masken und Wunder" from Jaul Zifferer's article (N. Fr. Tresse,
831 2458 1464 2573 Wien, 17147).
963 2526 3942 2633 Favorable comment on above by Julius Heergesell (Hamb. Corresp.)
831 2593 3814 2733 248). Also mentions reviews on the same by Alfred Klaar, (Voss,
831 2681 3739 2844 2tg.. 246); Norbert Folk. (B. Ztg. a. Mittag, 113); and Robert
831 2768 2478 2900 Sandeck. (N. Wiener Journal, 6666).
2311 2864 3898 3007 One plo-graph.mentioning  Alexander
843 2884 2267 3063 L.E. XIV. 1282, June 15. 1912.
835 2975 3958 3146 v. Weilen’s article on Schnitzler's 50th birthday (Oesterreichische
831 3079 1782 3222 Rundschau, XXXI, 4).
835 3162 3958 3341 L.A. XIV, 1356, July 1, 1912. notice of an article on Schnitzler’s
859 3301 3902 3437 prose by Karl Fr. Nowak. (Leipzig. J. Nachrichten. Lit. Rundschau
831 3405 1054 3500 30).
2267 3452 3918 3616 Table of contents of the edition of
1078 3540 2211 3655 XIV 1356, July 1, 1912.
839 3516 1038 3671 L.E.
855 3620 3906 3723 "Der Merker" (III, 9) devoterd to Schnitzler in honor of his birth-
843 3703 1070 3818 day.
847 3799 4045 3981 L.A. XIV. 1646. September 1. 1912. Note on an evolution of Schnitz-
847 3934 3966 4041 Ter, the narrator, by Hermann Bogusche. (Heidelberg N. Nachr. 174).
847 4009 3834 4196 L.E. XIV, 1718, September 15, 1912. notice of article on the
847 4137 3886 4272 ^chsracteristies of Schnitzler's epie creation (Anhang Staate-Inz.
843 4240 1102 4371 193).
