4680 6168
2906 544 3260 789 7 „ „ —„
2303 590 2530 848 -5-
742 1054 4057 1337 Geschichte der anderen abgeschlossen ist. Ein hoher Reiz geht von der
734 1329 4019 1472 Sprache aus, von diesen klaren Sätzen, diesen immer in den Kern tref-
742 1463 4057 1674 fenden Adjoktiven, aber das Beste ist doch, dass, wie bei Fontane, die
759 1598 4049 1788 Gestalt des Dichters durchleuchtet, klug, klar, weich und bescheiden."
978 1746 3804 1957 Schnitzler's play Professor Bernhardi (1912) created a wild
755 1915 4074 2083 sensation throughout the whole of Austria and Germany. It is believed
746 2050 4066 2248 that some of the author's own or his father's experiences have entered
751 2223 4028 2417 directly into the situation dramatized. The chief figure of the play
759 2362 3889 2556 is the noble minded dew, Professor Bernhardi, head of a large hos-
772 2556 3973 2720 pital and a specialist of world-wide reputation. One of Bernhardi's
763 2691 3926 2885 patients, a young girl of the people is dying from the consequence
772 2876 3893 3037 of a criminal operation. But she does not know that her hours are
763 3028 3931 3180 numbered. She imagines that she is getting well and that her lower
784 3134 3905 3357 is coming to take her away. Professor Bernhardi, who considers it
772 3311 3956 3492 his duty as a physical to make her last hours on earth as happy as
784 3441 3821 3695 possible, bara the priest who has come to administer the supreme
776 3593 3990 3817 unction from the sick room in order not to disturb the dying sinner.
772 3762 3872 3973 The patient, however, dies of night when the priest is announced
789 3952 4087 4116 to her without receiving the supreme unction. The incident grows into
784 4087 3948 4315 a scandel. The church takes a hand in the matter. Intrigues among
784 4243 3994 4433 the faculty and politics and society are brought into play. Finally
776 4412 3969 4622 Dr. Bernhardi is actused of having inturrupted a religious ceremony
793 4521 4180 4749 and sentenced to two months in fail. He accepta the tragic consequence
789 4740 3990 4875 of his deed asisevitable in such a society and refuses to make use
789 4875 3964 5095 of political or social pull to save himself. He goes to prison for
776 4964 4112 5217 his principles insisting that the consequences are  absolutely without
793 5179 3855 5386 effect upon his real self. Even after his release he refuses to
784 5352 3880 5550 avail himself of the Hrportunities that the press and IJn-palticians
