4376 5864
3764 402 3962 580 12
828 727 3946 1010 Productions of Schnitzler's Pleys in the United States (continued)
1838 917 2898 1126 In English Translation
863 1052 3942 1331 The Green Cockatoo, at The Triangle Theater (7th Ave and 11th St.)
1095 1157 3726 1350 in New York City; opening Jan. 2,1926. (Translation and
1083 1269 3339 1424 Prologue by Grace I, Colbren) (By Subscription).
867 1393 3640 1629 Reigen, a series of ten comedies adopted from the German by
1106 1482 3582 1648 Kathleen Kirkwood; at the Triangle Theater, beginning
1114 1509 3772 1725 Oct. 23,1926. (still on on Nov. 5th). (By Subscription),
886 1691 3846 1927 The Bridal Veil, & Schnitzler pantomine in three acts requiring
1137 1776 3710 1981 one hour to perform; at the America ïsboratory Theater
1118 1861 3799 2070 22ß East 54th Street, in New York City; during the season
1141 1965 3099 2120 (1927) -1928. Music by Ernst van Dohnanyi.
1137 2062 2963 2190 Staged by Elizabeth Enderson-Ivantzoff.
1130 2132 3010 2317 Sittinge and Costumes by James Reynolds.
2108 2213 2867 2325 as The Scolptor
1223 2244 1807 2372 Harold Hecht
2302 2290 2758 2437 The Bride
1238 2329 1811 2476 Anne Schmidt
921 2391 3408 2646 Playing with Lovo (Liebelei), produced by Theouyers
1153 2491 3598 2681 Cooperative, at the Cherry Lane Theater in New York,
1161 2619 2383 2786 on Tuesday, Feb. 26, 1929.
1134 2708 3849 2936 Creen Cockatoo, at the Civie Repertory Theater in New York
1164 2805 3768 3002 on Thursday, Oct. 9, 1930. (Curtain-reiser for The LadK
928 2797 1103 2956 The
1172 2948 1927 3103 from Alfaqueque)
2325 2963 2592 3095 Henri
1261 3033 1900 3141 Jacob Ben-amt
2329 3002 3261 3211 Prespere, the Rost.
1257 3110 1865 3265 Egon Brecher
2399 3157 3640 3343 to be opened at the Lyceum
956 3219 2360 3435 Anatol, produced by Bela Blau,
1184 3288 3296 3478 Theater in New York on Friday. Jan. 16, 1931.
1281 3377 2658 3532 Joseph Schildkraut as Anatol
2344 3474 2522 3555 laux.
1284 3501 2004 3606 Walter Connolly
2348 3524 2577 3644 Mimi
1273 3579 1969 3691 Miriam Hopkins
2360 3629 2557 3714 Lona
1292 3644 2066 3760 Ruthelma. stevens
2368 3671 2801 3803 Gabrielle
1292 3733 2097 3846 Patricia College
2368 3772 2623 3892 Kmi Ly
1304 3807 1876 3927 Anne Forrest
1284 3861 2012 4024 Elena Mirlamova
2027 3826 3946 4051 New York Timea. Sunday, Jan. 11, 1931, x,2.
1958 4155 2666 4329 Moving Pieture
975 4221 3923 4507 The affairs of Anatol,ervilie by Jeunie Macpherson, adopted
1215 4383 3350 4600 from the play by Schnitzler; September, 1921.
1675 4588 2886 4786 Movina Pieture of a story
987 4766 3169 5010 Daybreak, to be filmed by "Metro-Goldwyn-Mayer,
1207 4875 2952 5026 with Ramon Navarre playing the lead.
