4440 5496
3503 387 3696 588 22.
898 789 3881 1043 Der Schleier der Beatrice, was the third of Schnitzler's works
914 1015 3877 1196 to be set to music. Oscar Straus had proposed a banal operetta
922 1188 3909 1349 from Der tapfere Cassian, and Franz Naumann had set Liebelei to
914 1333 3837 1518 music. Both were failures. Der Schleier der Pierette was the
914 1490 3829 1655 only one of the three that was connected on in this periodical
922 1615 3857 1808 literature. In general the reception was unfavorable. Specht,
910 1820 3970 1973 who is primarily a Viennes'e music eritie, and hence in a position
914 1945 3930 2126 to judge the work intelligently,says of both the musical version
914 2086 3934 2267 of Liebelei and Der Schleier der Pierette: „Beide sind unwiener
910 2263 3845 2440 isch, unschnitzlerisch - der eine weichlich, verschwommen, der
914 2420 3909 2581 andere überpfeffert und absichtvoll parfümiert."(88) Friederich
902 2549 4058 2750 Dusel feplored the change from the original version of Der Schleier
914 2730 3813 2895 der Beatrice: "Damals eine Dichtung, ganz durchtränkt mit Re-
914 2883 3736 3052 naissancelust, behängt mit verwirrenden Enzelschönheiten der
914 3016 3897 3185 Phantasie und der Wortkunst, überstättigt mit schmerzlich-senti-
914 3169 3789 3354 mentaler Synbolik vom evig trugerischen, stets zerflatternden
898 3338 3877 3515 Spiel dieses Daseins, eine strotzende dramatische Erfindung, in
902 3503 3918 3676 der Narren und Bettler sich mit grossen Künstlern und glänzenden
898 3636 3853 3837 Herzogen begegneten - jetzt eine simple bürgerliche Geschichte,
898 3801 3821 3990 der die alten Figurenbezeichnungen der commedia dell' arte vie
902 3958 3801 4127 Pierrot, Pierrette und Arlechino die Atmosphäre einer fatalen
902 4107 4010 4292 Modernität nicht nehmen können, handfest und gruselig, mit Motiven
3934 4167 4123 4304 (89
898 4268 4135 4477 und Mitteln, die bedenklich zu der Technik des Kinos hindberschielen.
1482 4445 2231 4606 Nore insulting wt
3169 4425 3426 4662 de mes
910 4566 1763 4739 88. Op. cit. 52.
894 4626 2621 4815 89. Kunstwart. XXVI. 284. May 1913.
1143 4783 3092 4968 he Germanio RevianA VI, 185. No.2. April
