4408 5816
2783 690 3130 912 Theater
1152 719 2676 1016 4ä preduged in 1910 at the Lre
2028 862 3463 1088 April 23, 1910, LXIII, 7 (1/8)
809 916 1102 1077 Dranz
2021 1009 3148 1206 May, 1910, XI, 29 (1/8)
823 1027 1198 1231 Theater
1055 1102 3438 1410 As produced in 1930 at the Civie Repertory Theater
2036 1342 3585 1488 Oct. 10,1930, p.10 - Long Review
812 1345 1853 1574 New York Evening Post
2039 1427 3781 1610 John Mason Brown (Liet of cast given)
2028 1556 3781 1710 Friday, Oct. 10, 1930, Long Review bis
787 1567 1674 1835 New York Telegram
2036 1671 3764 1882 Robert Garland (Portrait of the star-
2039 1764 3177 1914 Jacob Ben-Ami as Henri.)
2043 1892 3080 2129 Oct, 10, 1930, Meview
823 1921 1556 2104 New York Tines
2969 2089 3656 2361 of   urde and
2401 2104 2923 2300 see Comodii
1299 2143 1996 2286 r "Hia Helpmate"
823 2132 1309 2383 Hotel Fon
1299 2222 2443 2422 "Hour of Recognition")
2629 2250 2898 2368 Uther —
1152 2350 3331 2615 For "Intermesse" see The Lonely way: Intermess
2182 2472 2880 2658 Countese Missive
1156 2672 2569 2919 Concerning Der Junge Medardus
2064 2798 3960 3016 Jan. 1, 1911 - "Plays that please Vienna
841 2873 1467 3109 New York Sun
2053 2941 3595 3105 1) Reporte the success of The Young
2057 3019 3220 3188 Medardus at the Hofburg.
841 3127 3696 3431 Hotel For "The Lady with the Dagger" see The woman with the
1163 3370 2637 3642 For "Lieht o'Love see Liebelei
1513 3595 2540 3842 Concerning Tho Legaay
859 3717 3731 4028 New York Dramatie Hervn March 22, 1912, IV, 26 (1/6) Skotch
862 3889 3352 4200 Hotel For "Die letzten Masken" see Der grüne Lakain
1742 4157 2687 4393 Concerning Liebelei
1009 4325 3531 4586 As produced at the Erving Place Theater in Nov. 1912.
841 4497 3492 4765 Neu York Dromatie Mirrer led. 4, 1912, LXVIII, 7 (1/8)
812 4669 2515 4930 New Yorker Staats Zeitung Nov. 29,
2129 4669 3034 4951 Nov. 50, 1912, P. 10
