4424 5848
978 885 3903 1071 of as immoral, hence they are quick to attempt to do away with
970 1051 3845 1222 any ministerpretation. Winifred Smith explains, "Over all his
974 1160 3888 1300 work, or at least over all of it that has been translated into
970 1238 3911 1393 English there hangs what oar populer crities are sure to inter-
970 1327 3880 1459 pret [?] poisonous misam from a very morbid kind of life,
962 1428 3892 1544 it is so difficult for most of us to see into an artist’s pre-
970 1467 3861 1606 occupation with Arotie psychology and with other forms of ner-
962 1568 3833 1696 vosity, anything but an unhealthy dwelling on unpressant sub-
958 1614 3927 1781 jects, (1) and Helen McKfee admits, "lichrericans will doubtless
958 1723 3899 1870 be repeled by the moral tmosphere of Schnitsler's work", but
962 1812 3969 1928 adds. "Intermeszo' is perhaps the finest moderneeentation of
970 1866 3919 2045 temperümmel genus under the conjagal yoke that we have." (t)
958 1979 3965 2196 These reviewers had nothing but prise for the three playes. This
954 2138 4000 2351 was not always the case. Yet, no review contained all destructive
943 2305 3876 2475 criticism and whenever any did appear it was lccompanied by an
943 2468 3857 2650 overbalaneing amount of constructive criticism as for example:
947 2588 3919 2817 "The English translation though somewhat outward andPrtificiel
939 2712 3659 2860 in places, reflects enough of the spirit and manner of the
943 2790 3981 2949 original to show theousommon literary merit of the dialecte, the
943 2879 3899 3019 keen sense of characterization possessed by the author, and his
927 2964 4043 3166 intimate lequaintance with that particular phesse of modern society
927 3046 3888 3182 which he so minutely, skillfully and often brilliantly depicts.
931 3100 3841 3244 Dramatically, the playe are weak, not so much because they are
927 3201 3802 3356 deficiert in plot or action, xxx because there is so little in
912 3275 2902 3418 them to excite honest human interest." (3)
904 3488 3310 3702 9. Other plays published or produced: - 1916-1928.
1125 3690 4012 3950 In 1916, one year after the date of their German publication,
900 3864 3822 4074 the International published "The hour of Recognition" and "The
892 4024 3833 4202 Festival of Bacchus", two translations by P.Looing, which were
889 4187 3872 4404 included in 1917 in the translator's own edition of Comedies of
889 4291 3826 4532 Words and Other Plays. "Comedies of words" covers three playes,
881 4516 3989 4683 two of which have been mentioned, the third being "The Big Scene".
877 4672 3981 4842 The translation was generally considered a poor one and I believe,
1540 4796 1835 4931 imme.
869 4920 2479 5129 1. ) Tho Diel. Sept. 30, 1915, LIX.
881 4974 3092 5188 i.) Yäle Review. new series. Oct. 1915. v. 194.
873 5137 3655 5323 3.) The Nation, Oct. 7, 1915, Cl. 442. Review by J.R.Towse.
