4360 5784
801 733 2869 1050 Hote: For The Reckoning see under Liebelei
1652 1036 2474 1239 Concerning Reigent
787 1164 1513 1442 New York World
2029 1185 2624 1374 Oct. 9, 1929
2029 1299 2944 1467 Dec. 10, 1929. p. 11
2022 1420 2720 1638 Oct. 24, 1930,
790 1410 1659 1645 New York Telegram
2026 1595 2720 1823 Oct. 25, 1930.
808 1591 1520 1801 New York Time
2019 1748 3393 1965 Dec. 14, 1929, pp. 2758-2759.
805 1762 1855 1983 Theö Publishers' déekly
808 1937 1613 2104 —A Memorandum—
2040 1926 3677 2051 Submitted by Morris L. Ernst to the
2033 2036 3738 2125 Court of Appeals of the State of New
2033 2100 3047 2296 York, New York, 1930.
1232 2261 2812 2517 Concerning Rhapsojy-A. I heam.Novel
954 2478 3282 2634 A review of the Berlin publication - Traumnovelle
797 2613 3660 2809 New York Times Book Review-July 4,oc26 - by Gabriele Reuter
901 2787 2837 2958 Reviews concerning the 1927 publication by
2916 2787 3788 3019 Simon and Schuster
1759 2844 2930 3005 (All dates refer to 1927
805 2969 3143 3119 New York Evening Post Literary Review-April 2, p4
2040 3065 3058 3250 Conrad Aiken (1000 w)
2029 3172 3813 3364 Nov. 26, H.E.Daunce likea this second
2040 3300 3507 3396 best of the five publications by
2022 3375 3514 3556 Simon & Schuster up to Daybreak
787 3407 3603 3685 New York Herald Tribune Books-March 6, p. 2 Review by Babette
2029 3617 2599 3795 Deutsch (880)
797 3695 1428 3944 New York Sun
2029 3702 3692 3952 March 19, p10. Review by L.S.Morris
797 3920 3047 4069 New York Time¬ Book Review-March 27, p5 (1780 w)
790 4051 1047 4229 Dial
2022 4055 3791 4272 July 1927, LXXXIII, no. 1, 76, Review
2040 4158 2339 4293 (90 n)
787 4219 1709 4475 Independent-Boston
2029 4272 3350 4489 March 19, CXVIII, 320 (90 v)
797 4425 1132 4639 National
2015 4400 3136 4642 April 20. OXXIV, 456.45
2022 4543 2577 4717 Review by X
787 4674 1890 4867 New Republie (New York)
2008 4667 4009 4874 April 6. L, 203,204. Review by P.L. (720w)
790 4817 1663 5055 Living Age-Beston
2008 4834 3410 5045 May 15, COCXXXII, 747 (250 v)
787 5009 1691 5180 Outlook (New York)
2022 5034 3318 5223 April 27, CXLV, 537 (300 w)
