4392 5864
3811 559 3971 704 24
798 888 3725 1119 more poignant"; (1) Laurence Stallings - "As anbringing of
810 974 3928 1193 one girl’s thoughts, as an approach to death with the last falling
810 1080 3787 1268 recollection of one suspended over the abyss of death, Fraulein
818 1182 3697 1389 ölse is literature of the first water", (2) and Rose Lee who
810 1295 3736 1502 head her review with the words "Bisarre, eloudy brilliance of
810 1350 3795 1585 Schnitzler" and continuen, "His Frauleinird resembles an opal
1628 1463 3834 1628 There is one corsion of the same story in Oscar
1632 1553 3830 1725 The story adheres perfectly to the three drama¬
826 1553 1588 1667 flawlessly out.
845 1632 3709 1827 tic unities - the action laste four hours.” (3) J. W. Krulch
826 1632 1522 1757 Wilde's Salomé
833 1753 3689 2038 was the only one who was absolutely opposed to the story and
845 1901 3905 2124 even he was forced to concede that it was skillfully told. among
837 2042 3862 2293 his other oomments were: - "Schnitzler's somewhat lurid novelette
861 2168 3725 2367 is in nood a littleikloser to the sentimental scabrousness of
884 2214 3869 2434 'True Etories' than is le'grateful to my taste. It's rather taarful
861 2332 3862 2539 picture seems to me quite unconvincing and itsieborate paycho-
861 2394 3862 2598 logy false. Undoubtedly there is still in the telling and every
869 2469 3928 2692 procaution is taken to keguise the banality of the incident, but
865 2559 3635 2782 it remains, however dressed or undressed, a silly story."
857 2696 3924 2934 Once again when an adverse criticism was given the redewer could
872 2864 3893 3071 not honestly withhold a kind word - "We may be wrong, but we be-
869 2950 3842 3142 lieve very strongly the success of Mr. Schnitzler - and in part
880 3024 3803 3236 he is very successful - does not overcome the natural distaste
872 3091 3952 3306 for his trite and unnecessarily gross fable." (5) frequently one
896 3251 3858 3466 sentence suffices to give the jist of the resction to the book:
923 3388 3779 3603 "An old them in a new setting, but exquisitely done from all
904 3486 3905 3705 points" (6) and "Fraulein3lse 1s at once an extremly difficult
904 3556 3940 3783 technical tour do force and an exciting, often moving story." (7)
904 3717 3963 3936 The same delicacies which P. loving had pointed out in his review
923 3881 4061 4092 of the German book - "the skill and address which are both engaging
927 3971 4026 4159 and remerkable, and the rhythm of the monologue which is quite be-
904 4042 3889 4261 yond reproof" (8) - are again pointed out in the reviews of the
912 4249 1945 4433 contre la nouvelle de la guerre
1663 4511 3682 4742 Tiew of Literature. Nov. 28, 1025, II, 335.
1119 4554 1530 4750 Saturday
1866 4640 2700 4777 Nov. I. gls. pöm.
1718 4636 3983 4855 aa, Sept. 6,1925, p 12. (steok Review Section).
1671 4773 2895 4938 Nov. 18,1925, CXXI,öeö.
1811 4879 2876 5012 Ant. Nov. 21, 1925, p 8
1714 4969 2840 5102 (Oosten), Nov. 28, 1925.
1710 5012 2946 5176 „ Nov. 11, 25, xLIV, 812.
1772 5094 3556 5298 ng Post Literary Reviev, May 9,1925.
