4408 5848
2856 394 3042 595 1
808 696 3560 1005 tionery and Transitional, another group of playa edited by
816 870 3784 1109 Moses, contained "The Lonely way". "The Gallant Cassian" trans¬
812 1020 3842 1283 lated by M.A.Jagendorf in 1912, and "The Vast Domain" tranolated
839 1198 3892 1442 be E.Wotichy and 4.Caro in 1923 were the last playe by Schnitzler
835 1360 3718 1604 that Poet Lore printed. The only play to be published in 1025
850 1534 3861 1747 was "The Festival of Beechus" which had twice before appesred in
850 1666 3877 1913 point (1) and was now ablected for shay's volume of Twenty-five
846 1824 3741 2114 klep¬ Flays. "The Vast Domain" (1923) was the last play to be
881 1983 3865 2215 translated. The playe published after 1923 were reprints of for-
862 2203 1701 2408 mer translations.
1125 2276 3908 2528 There are four dramatic productions which have not yet been
870 2443 3857 2717 mentioned. Back in 1910, the year of Mrs. Fiske's production of
904 2613 3795 2879 The Green Sockatoo, the Schuberts gave Märchen at the Garrick
916 2698 3869 2988 Theater in Chicago. The English version was by Hina Lewton, and
893 2937 3842 3162 Mme. Nazimove played the role of Fanny, Äshton Stevens said in
2945 3057 3730 3196 "This boldest and
928 3077 2887 3316 the Chicago Examiner (September 13, 1910),
920 3119 3850 3347 best of Schnitzler's playe is human nature without alloy." And
920 3316 3830 3517 Percy Hemmond reported in the Chicago Tribune of the same day.
931 3475 3861 3645 "As a play it was rather well done, save in the last act, when
951 3556 3799 3761 the discussion is wordy and about things Inconsequontial. The
947 3622 3861 3853 audience was very receptive.” For seven years after 1910, when
943 3784 3965 4012 Playing with love was at the Lyceum, no word of Schnitzler's was
931 3935 4020 4213 heard from the America stage. Then on Saturday, January 20, 1923
966 4078 3942 4306 the Triangle Theater, a small jxperimental Theater in Greenwich
978 4197 4085 4518 Village, opened and gave as its very first performance The Gallant
982 4387 3819 4638 Cassian. Schnitzler admirers must have felt a bit proud that
970 4557 3892 4831 their favorite was chosen for the first performand of the new
978 4677 3896 4986 theater. Naturally, every (i)rector coosiders many plays before
986 4851 3911 5110 he makes his final choice, but how much more carefully must he
2141 5075 2412 5253 ======
982 5140 1801 5492 1.) See page 13.
