4376 5496
3721 277 3900 493 e.
826 741 3917 1120 This enthusiasm is echoed in Das Literarische Scho: "Nie hat die
826 965 3794 1266 aristokratische Kunst Schnitzlers so unmittelbar zum Herzen ge-
818 1156 3758 1458 sprochen, wie in dieser schlichten, aber mit reicher, epischer
814 1319 2610 1498 Fülle vorgetragenen Geschichte.“ (27)
1124 1445 3847 1714 1900 was a prove year for Schnitzler. In addition to the
814 1604 3888 1877 two novellettes just mentioned, he published his first long from
802 1775 3819 1979 work that was really more novel than novellette, although it did
806 1926 3701 2150 contain the characteristics of the latter as set doan by Paul
790 2076 3811 2280 Heyse in his "falcon-theory".oritics, in general, approved this
790 2239 3676 2475 work, too, although some were derogatory. Max Kampff asserts
794 2390 4063 2618 that Berta Garlan interests us less than some of the minor character
786 2528 3803 2756 To him she is merely an automaton. He also accuses her of being
778 2724 3872 2944 a "süsses Mädel". (28) a criticism that is entirely wrong. Arthur
778 2850 3823 3053 Eloesser recognized in this work Schnitzler's ability to lay bare
778 2968 3847 3245 with a few derft strokes a persons innermost feeling and Hnotions
778 3127 3847 3412 "Wie in seinen Novellen und Diologen bewährt der Dichter auch hier
761 3318 3847 3579 eine subtile, psychologische Kleinkunst, die scharfäugig und fein-
737 3465 3912 3746 hörig die Menschen in ihren geheimsten, uneingestandensten Regungen
741 3615 1543 3762 überrascht. (29)
1030 3758 3790 4026 It was six years before any more prose works of Schnitzler
3847 3823 4059 4035 The
733 3900 3656 4136 appeared. ering these years he busied himself primarily with
721 4047 3632 4344 the drama. Lebendige Stunden. Der Schleier der Beatrice. Der
712 4246 3729 4507 einsame Weg, Zwischenspiel, and Der Ruf des Lebens were all pub-
700 4377 3912 4617 lished in Berlin and played on the Berlin stage during this interim.
672 4662 875 4808 27.
940 4686 2675 4906 Op. cit., VIII, 13. October 1, 1905.
688 4792 875 4902 28.
3143 4755 3831 4979 October 1906
928 4808 2426 4967 Gegenwart, IX, 11, July 6, 1901.
684 4886 2825 5118 29. Die Neue Rundschau, XII. 656. July 1901.
