4200 5320
3529 229 3722 375 43.
319 386 520 536 1
3249 903 3769 1045 Schnitzler.
879 1021 3832 1167 L.E. XVI, 213-14, December 15, 1913. Exeerpts from a review of
867 1139 3726 1230 Schnitzler in the Freudian style by Karl Furtmüller (Zentral-
875 1206 3781 1309 blatt für Beychoanalyse und asychotherapie, IV, 1 2). The re-
887 1277 3174 1380 viewer calls Schnitzler "den Dichter der Libido".
867 1384 3824 1534 L.S. XVI, 661-7, February 15, 1914. Essay by Joachim Benn "Die
875 1522 3828 1648 neue Iegende ” in which the Hovelle Die Fremde is called a good
879 1593 2681 1680 exemple of the new Eigend about women.
875 1699 3722 1861 L.E. XVI, 922, April 1914. notice of aontical review of
859 1821 3942 1955 Th. Reik's bock Arthur Schnitzler als asycholog by Prof. Max Koch.
859 1952 3852 2062 L.E. XVI. 108. May 1. 1914. Reviev of a book Arthur Schnitzler.
887 2038 4049 2141 by Robert Roseen. (Berlin, Verlag Neues Leben, Wm. Borngräber, 57 S.
875 2121 3899 2228 The reviewer, W.M. Südel, does not agree with the author in all his
875 2204 3828 2326 views about the single works, but lands the author's attempt to
879 2275 3678 2413 point out the beauty that lies hidden in Schnitzler’s works.
2314 4140 2894 4325 11.37.80
