4120 5288
3220 217 3472 435 51.
877 1077 2813 1270 Der Junge Medardus (Berlin performance)
1073 1242 2617 1368 J. Bab: Gegenwart, LXXXV, 691-3.
1059 1343 2802 1494 S. Jacobsohn: Schaubühne, X. 314-16.
877 1708 3690 1838 Essaytrollections in which one or more of Schnitzler's works
880 1820 1508 1957 is discussed.
1056 1922 3711 2076 Aus dem dramatischen Irrgarten. Polomische Aufsätze über
1066 2048 3315 2150 Beriner Theaterauführungen, von Paul Goldmann.
1203 2062 3778 2241 literarische Anstalt Ruütten & Loening, Frankfurt a.M.
1203 2203 1470 2325 1905.
1515 2301 3679 2490 Zum Wiener Theater (1903-06) von Hermann Bahr.
1066 2315 1470 2490 Glossen.
1186 2424 2708 2567 3. Fischer Verlag, Berlin, 1907.
1056 2532 1817 2711 Die Vierte Wand.
1894 2539 3739 2673 Theatralische Eindrücke und Studien von
1193 2662 3900 2767 Heinrich Stumoke. Verlag von Georg Vigand, Leipzig, 1904.
1049 2757 1869 2939 Modernes Theater.
1936 2771 3949 2943 Studien und Eindrücke von Heinrich Stümoke
1221 2911 3034 3027 Verlag Deutsche Bücherei, Berlin, 1907.
1056 3013 1726 3178 Vor der Rampe.
1789 2995 3690 3146 Neue Dramaturgische Blätter von Heinrich
1186 3129 3806 3241 Stüncke. Schulzesche Hof-Buchdruckerei und Verlagsbuch-
1186 3188 2988 3339 handlung, Oldenburg und Leipzig, 1915.
1056 3364 3771 3500 Gestalten und Erscheinungen von Felix Salten. S. Fischer
1210 3430 2182 3557 Verlag, Berlin, 1913.
1049 3560 3767 3700 Das Neue Drama I, Alfred Kerr, Gesammelte Schriften, erste
1186 3634 3946 3806 Reihe. Die Welt im Drama. S. Fischer Verlag, Berlin, 1917.
