4472 5656
2055 409 2757 652 shirner
1859 613 2734 810 ARTHUR SCHNITLLER
1010 563 1508 872 trock
3525 540 3891 902 Au
1704 825 2962 1033 Transwillons into English
1870 1091 2603 1273 Dramatic Works
2965 1246 3683 1408 New York, 1911.
783 1292 2796 1531 “Anatol”. Paraphrased by Granville Barker.
2750 1330 4007 1523 Ooston, 1917. Little, Brown
1315 1616 3575 1863 Translated by Grace Israel Colbron. (In "Anatol,
802 1681 1246 1928 "Anatol".
1346 1782 2904 1901 Irving Hours,The Green CockatooI
1342 1824 3845 2009 The modern February, Boni & Liveright. New York, 1917.
1342 2040 3151 2252 “AÖChristmas Present” and “An Episode”.
1450 2179 3062 2329 In International. New York, 1911.
1346 2240 4080 2449 "questioning the Irrevocable" (Die Frage an das Schicksal)
1319 2372 3756 2572 Translated by W.H.H Chambers in A.Bates; "The Drama"
2642 2468 3259 2599 London, 1903.
845 2645 3914 2884 "Light-o'.-Love". Translated by B.Q. Morgan in Drama. Chicago, 1912.
2873 2765 3636 2935 No. 7, pp.14-77.
802 2938 3127 3170 "Playing with Love". Translated by P.Morton Shand.
2198 3058 3744 3189 Chicago, 1914. A.P.Mc Clurg & Co.
2186 3166 2823 3347 London, 1914.
856 3309 3957 3636 "Free game". Translated by P.H.Grumman in Poet Lore. Boston, 1913.
864 3594 3575 3798 "Hands Ground". Translated by D.L.Glaser. New York, 1920.
868 3806 3652 4010 "The Legacy". Translated by Mary L. Stephenson in Poet Lore
2013 3930 3679 4076 Boston, 1911. Vol. 22, pp. 241- Bl8.
868 4099 3640 4373 "Paracelsus". Translated by H. B. Samuel. Chicago, no date.
1620 4226 3552 4442 (In "The Green Cockatoo and Other Plays")
883 4458 3675 4670 "His Helpmeet" (Die Gefährtin). Translated by Pierre Loving,
2603 4543 3328 4716 New York, 1915.
1666 4577 2553 4743 In International.
887 4670 3640 4855 "The Mate". Translated by H. B. Samuel, Chicago, no date,
1782 4770 3640 4894 (In "The Green Cockatoo and Other Plays"
879 4870 3895 5137 "His Helpmate". Translated by Pierre Loving. Cincinnatti, 1917.
1874 5025 3019 5179 (In "Comedies of words")
