4376 5816
2121 673 3367 855 July 1925, vol. 79, pp. 68-71
752 748 1021 957 Dial
2117 847 3363 981 Review by Cuthbert weight.
2105 918 3640 1211 Feb. 27, 1974, VIII, 996 (1350 w)
752 926 1673 1219 Freeman (New York)
2128 1076 2924 1222 Review by Edwin
2125 1203 3794 1389 Nov. 26,1923, Long Review by C.G.B.
771 1195 1939 1401 Fort Wayne, Ind. Journal
2136 1317 3442 1559 Jan. 29, 1924, p. 8 (200 w)
771 1361 1863 1575 Springfield Repablican
1207 1519 3252 1681 As published in 1930 by Simon and Schuster
2132 1646 3936 1836 May 16, 1930, p9M. Review by G.Diamont
783 1673 2101 1859 New York World Book Section
791 1800 3375 1986 ie Saturday Review of Literature-June 16,1930,VI, 49 p1156
2188 1891 3525 2109 Reviev by Thoodore PHedy Jr.
803 2026 3980 2267 Outlook and lndependent (New York) -April 23,1930, CLIV, 17pp.66,66
2204 2152 3252 2283 Review by F.L. Robbins
791 2208 3822 2441 Besten Transcript Book Section-June 28,1930, p.4, Review by P.L.
2192 2409 4004 2619 June 22,1930, Review by Gretchen Mount
791 2441 1784 2639 Free Press (Detroit)
2204 2568 3319 2746 July 1930, Brief Review
807 2615 1590 2793 Ameriean Mercury
2212 2682 3913 2924 June 14,1930, Review by O.P.St.Clair
815 2758 1844 3007 Baltimore Evening Sun
2212 2864 3956 3074 May 24, 1930, Review by Lionel Houser
819 2955 1713 3125 San Francisco Newes
2212 3038 3857 3252 April 27,1930, Review by G.Holland
819 3082 1836 3284 South Benl News-Times
2216 3216 3877 3462 April 20,1930, Review by C.Fritchey
807 3256 1642 3482 Pitteburgh Press
2310 3398 3818 3675 see Comedies of Worde and other
807 3446 2275 3703 Note: For "Testival of Bacchus"
1080 3600 1404 3747 Plays.
1084 3695 2532 3964 For "Flirtation" see Liebelei
1226 3905 2837 4126 Principal Reviem of Fraulein else
803 4107 3086 4344 New York Evening Post Literary Review-May 9,1921
2243 4079 3667 4332 Review by Pierre Loving-of the
2235 4289 2983 4447 German version.
2227 4387 3913 4585 Nov. 7,1925, p.4, Roview by W.Yust
2223 4534 3917 4759 Nov. 26,1927, M.R. Dounee likee this
2386 4676 3541 4846 of the five translation
2247 4767 2469 4926 "Dey
2516 4759 2805 4878 roak“.
2223 4882 3996 5115 Nov. 1,1925, påm, Reviev by Stallings
827 4886 1567 5131 New York World
