4456 5512
3649 323 3848 494 20.
3239 462 3434 665 11/4
860 872 3896 1084 tion "süsses Mädel" was still a stock-in-trade among oritics was
872 1096 3976 1279 evidence by Paul Höcker, who said: "Die fünf Episoden zeigen das
860 1279 3944 1470 gemütvolle Lebemännchen Anstol bei fünf verschiedenen Begegnungen
860 1374 2900 1546 mit fünf verschiedenen süssen Mädeln." (81)
1175 1526 3900 1705 Das weite Land, which received the plaudits of thebringing
864 1689 3856 1916 public in Vienna, did not find favor at all in Berlin. Not only
789 1840 3812 2020 the north German city was cold toward the drama, but the public
3629 2000 3789 2091 a de
853 2040 4055 2183 in other German cities was onresponsive. Ludwig Hirschfeld, writing
849 2143 3765 2311 from Vienna about the reception of the play in that city said:
884 2307 3952 2506 "Schnitzler ist jetzt auf dem Höhepunkt seiner Beliebtheit, und so
849 2466 3860 2705 hatte Das weite Land eine zwangigfach ausverkaufte Premiere und
845 2609 3912 2852 wurde ein Repertoirstück für Monate.” (82) This remark was signi¬
849 2757 3904 2952 ficant because Schnitzler's dramatic powers seemed to reach their
849 2944 3844 3171 peak in this pre-war period. Arthur Eloesse disapproved of the
849 3060 3765 3243 'Fruher ging es bei Schnitzler ruhiger zu, und so viele
845 3219 3940 3406 Exemplare aus dem zoologischen Garten des Menschlichen hat er noch
841 3382 3984 3585 nie zum Vergnügen des Publikums zusammengebracht." (83) Alfred Kerr
841 3538 3944 3721 das not accuse Schnitzler of presenting zoological speciemens, but
837 3685 3800 3860 condemns the work as being "ein hingezogenes, nicht geschicktes
833 3844 3705 4044 Drama mit halbtoten Strecken - von einem Bodengewinner. (84)
1147 4036 4087 4203 Ludwig Hirschfeld's statement (85) that Schnitzler had reached
829 4159 3820 4410 the pinnacle of his dramatic copularity and power was echoed in
3307 4314 3514 4406 Iohn!
825 4310 3932 4577 criticisms of Professor Bernhardi which had its premiere in Berlin
2422 4462 3020 4625 von Dohnani
3095 4561 3474 4725 renajesen
825 4621 992 4777 81.
1068 4573 3896 4816 Velhagen und Klassings Honatshefte, XXV, 330, February 1911.
833 4761 988 4860 82.
1064 4749 3800 4876 Velhagen und Klassings Monatshefte. XXVI. 439. March 1912.
829 4840 992 4932 83.
1064 4852 3414 4964 Das Literarische Scho, XIV, 204, November 1. 1911.
829 4920 996 5024 84.
1068 4952 3215 5051 Die Neue Rundschau. XXII. 1775. December 1911.
813 4996 1044 5139 85.
1076 5000 3904 5195 Velhagen und Klassings Monatshefte, XXVI, 439, March 1912.
1139 5107 1621 5231 Con January
1809 5115 2072 5219 1910.
