4504 5624
1918 508 2793 770 ARTHUR SCHNITZLER
1769 721 3014 927 Transwillons into English
2023 959 2615 1136 Prose Works
3297 1193 3615 1318 Edited
802 1177 3220 1354 "The Jest" (Der Ehrentag). In "Rejections of 1927"
1531 1282 4115 1415 by Charles H. Baker. Doubleday, Doran, New York, 1928
806 1423 3808 1693 " Cone But the brave" (Leutnant Gustl). Tranelated by Richard L.
1769 1600 3381 1781 Simon. Simon & Schuster, New York,
1721 1753 3051 1886 Translated by Kenneth voirke.
1914 1846 2301 1983 In Dial,
737 1979 3796 2156 Viennese Idylls (Flovers, The Sage's Wife, Blind Geronimo and his
1511 2063 4030 2257 Brother, Andreas Thameyer s Last Letter, The Farowell,
737 2196 1745 2370 The Dead are Silent.)
1584 2261 2817 2430 Translated by F. Eisemann.
1725 2382 3252 2515 John W. Luce & Co., Boston, 1913.
766 2495 1455 2672 "Bertha Galan".
1632 2458 2958 2640 Translated by Agnes Jacques.
1596 2587 3812 2757 The pebend Library, Boni & Liveright, New York.
774 2724 4010 2857 "The Shepherd’s Piper and Over Stories". (Contains also "The Murderer
1596 2837 3571 2958 and "The blind Geronimo and his Brother").
1596 2902 2861 3031 Translated by O. F. Theiss.
1781 2950 3099 3111 N. L. Brown, New York, 1922.
774 3111 1866 3280 "The Road to the Open".
1922 3095 3212 3276 Translated by H. B. Samuel.
1991 3220 2591 3325 London, 1913.
1971 3240 3720 3413 New York, 1923, Alfred A. Knopf, Inc.
1709 3357 2321 3554 Translated by
782 3369 1596 3595 "Doktor Gräsler".
1685 3466 3160 3683 Thomas Seitzer, New York, 1922.
1979 3623 3571 3792 Translated by Eden and Cedar Paul.
778 3639 1870 3816 "Casanova's Homecoming."
1693 3744 3160 3909 Thomas Seltzer, New York, 1922.
717 3824 2740 4030 "Beatrice". Translated by Agnes Jacques.
1878 3929 3490 4143 Simon and Schuster. New York,I926
774 4062 1523 4264 "Fräulein Else".
1749 4115 3143 4260 Translated by Robert A. Simon.
1830 4179 3385 4369 Simon & Schuster, New York, 1925.
742 4324 3522 4481 "Rhapsody" (Traumnovelle). Translated by Otto P. Schinnerer.
1842 4441 3393 4554 Simon & Schuster, New York, 1927.
1874 4514 3180 4626 Translated by Erich Posselt
1842 4590 2603 4723 (In Vanity Fair,
754 4671 3917 4864 "Daybreak" (Spiel im Morgengrauen). Translated by William A. Drake.
1834 4828 3393 4977 Simon & Schuster, New York, 1927.
778 4933 1229 5122 "Theresa".
1705 4929 3172 5082 Translated by William A. Drake.
1773 5029 3345 5227 Simon & Schuster, New York, 1928.
