4440 5480
774 320 1016 529 16 j'a
844 656 2794 971 and Frau Berta Garlan (16) "süsse Mädel".
1155 832 3913 1106 In general Schnitzler's prose works were received with en-
910 987 1074 1115 min
844 1000 4147 1225 thusissm. The hashest orities had to admit that Schnitzler possessed
844 1160 3848 1389 qualities that few otherluthors in Germany or Austria had, As
844 1278 3889 1573 Josef Körner remarked in the concluding chapter of his excellent
832 1451 3958 1709 work: "Zarte Stimmungen zu erzeugen, ist auch das Geheimnis seiner
836 1610 3962 1840 sammetweichen Sprache und seiner unnachahmlichen Kunst der Dialog-
856 1758 4032 2012 führung, die ihn auch der strengste Kritiker nicht antasten dürfte.
840 1914 3823 2192 In der Technik des Andeutens, in der Verteilung verhaltener Ge-
860 2073 3462 2307 bärden und Töne ist er undbertrefflicher Meister." (17)
1176 2209 3868 2491 Schnitzler's first collection of novellettes was entitled
856 2409 3856 2635 Die Frau des Weisen. (1898). Sterben had been published in book
860 2553 3897 2782 form by 3. Fischer in 1895, it first having appeared as a serial
860 2692 3934 2934 in the Neue Deutsche Rundschau.(18) Schnitzler's first two works
856 2852 3856 3098 Anatol and Märchen had to be published by the author at his own
848 3024 3889 3262 expense,the former by the Bibliographisches Bureau in Berlin and
860 3159 3852 3385 the latter by Fierson in Dresden. (19) However, with but one or
873 3290 3954 3540 two exceptions, notably Reigen, all of Schnitzler's works in book
860 3466 3298 3741 form vere published in Berlin by S. Fischer Verlag.
1201 3598 3864 3864 This collection of novellettes was favorably received in
881 3741 1065 3876 Oct.
860 3798 3884 4016 Berlin. Albert Geiger, a disciple of the talented zmil Strauss,
877 3950 3766 4216 writing in Die Nation, says in summation of a review of these
2729 4065 4036 4257 mass sie selber lesen.“(26)
2270 4098 2495 4212 nnen.
1123 4229 2643 4454 Gegenwart, IX. 11. July 6, 1901.
885 4302 1069 4433 16.
1110 4335 3692 4515 Josef Körner. Arthur Sohnitzlers Gestalten und Problen
889 4417 1074 4585 17.
1110 4425 3905 4593 Amalthee-Bücherei, XXIII.Band, Zürich, Leipsig, Wien, 1921,
1110 4565 1713 4675 pp. 224-222.
1143 4556 3889 4790 Neue Deutsche Rundschau, V. 969-988. 1073-1101, 1179-1191,
869 4634 1041 4769 18.
1119 4712 2245 4819 Oct., Nov., Dec. 1894.
1110 4765 4007 4987 Specht, op.oit., 44, mistakenly places the Bibliographisches
873 4782 1045 4950 19.
1110 4876 2032 5060 Bureau in Leipsig.
881 5015 1045 5142 26.
1119 5011 1774 5146 Op. cit., 220.
