4696 6184
2883 625 3217 775 ....
2270 647 2442 758 -2-
673 1152 1187 1281 and playes.
921 1161 3710 1405 The work which first attracted the attention of the German
673 1397 4117 1564 literary world was Anatol (1892), a cycle of seven one-act playe written
698 1564 3808 1735 around a central character appearing in each and presenting seven
694 1722 3958 1876 different seenes of the love Adventurers of the same able philanderer.
698 1876 3924 2048 The essential immorality of some of the Anatol scenes is, of course,
703 2030 3988 2189 oblicus. Yet, they are depicted with such subtle irony and humor and
703 2176 3937 2347 such delicate art that they scarcely offend. Few German author are
703 2377 3748 2497 able to express themselves as gracefully and artistically as he.
711 2497 4057 2652 Not since Heine have the Germans produced such a wit couple with such
724 2639 3817 2819 a rare sense of form and artistic sensibleness. In the words of
733 2819 3954 2986 Alfred Kerr: "Dass man doch in Deutschland noch immer zu wenig Ehr-
724 2960 3765 3119 furcht vor den Grazien hat, die so oft leider ausgeblieben sind.
741 3114 4022 3273 Von der besonderen Art der Schnitzlerschen Grazie, von der besorderen
745 3281 4022 3444 Art entzückender Feinfühlsamkeit haben Gewaltigere unter den Heutigen
758 3427 3735 3590 keine Ahnung. Was niemand erwerben kann, erhielt er im Schlaf,
745 3585 3937 3744 Jawohl, es gibt Tiefere: aber sie können nicht, was er kann.“ And
763 3744 3791 3915 Gerhart Hauptmann: "Arthur Schnitzlers warme und feine Begabung
750 3898 3855 4052 besitzt einen Zug, der in Deutschland selten ist, Grazie. Es ist
750 3984 4164 4241 deutsche Grazie, keine französische... Den Sinn für Schnitzler besitzen,
758 4237 3843 4391 heisst Kultur besitzen, und sich von Schnitzler angezogen fühlen,
763 4382 3902 4528 heisst die Kultur suchen." Schnitzler is an unsurpassed master in
758 4528 3855 4686 manipculating delicate,shades of feeling, in revealing the diepest
771 4609 3907 4875 recesses of the soul, and in reportiing his Cicoveries lightly and
788 4849 1332 5029 gracefully.
1020 4858 3885 5175 Liebelei (1895) made the author fameus throughout the world.
780 5149 3950 5350 Here he uses the same material as in Anatol in creating a play of
780 5209 4070 5539 deepost tragic significance, one that hold the stage both in Austria
