4392 5768
2124 710 3201 888 Oot. 17,oc26. A Mind
809 733 1889 1020 Hess (St. Paul, Minn.)
2105 862 3371 1024 Dissection a la Schnitzler
794 967 3465 1243 The San Franciscan (San Franciseo, Calf.) -Feb. 1927 p81
2124 1092 3102 1258 Under "The Bookstall"
809 1183 3843 1436 Tines (los Angeles, Galif.) April 10,1927, Schni taler interprets
2112 1349 3692 1553 Jan. 2. 1927. Review by F.D.Smith
809 1372 1814 1583 Newa (Dallas, Texas)
2777 1527 3117 1666 Revien
812 1553 2649 1761 Evening Post (hicago,111.) Nov. 19, 19,
2105 1606 3503 1802 Frank H. Pettee (Full Column)
812 1859 2830 2093 Note: For playing with Lovo see Liebelei
1572 2078 3004 2313 Concerning Professor Bernhardi
1243 2252 2932 2475 An Articles on the Berlin production
2135 2426 3178 2554 Sept. 1918, XII, 148-9
828 2407 1315 2653 Smart Set
2116 2486 3382 2668 Review by George J. Nahthan
1243 2573 2879 2823 A Reviev of the Berlin Publication
2135 2804 3027 2970 Oct. S. 1913, p517
820 2770 1553 2989 New York Time
922 2955 3767 3133 Concerning the 1913 publication by P.Elder Co. San Franciseo
831 3106 3197 3276 Current Opinion (New York) March 1914, LVI, 193-4
2127 3197 3261 3314 Review and illustration
2158 3269 3711 3480 "Schnitsler writes a play without
2146 3367 2868 3510 a woman in it".
2139 3476 2675 3658 March 1914,
831 3465 1508 3722 mirm¬
2135 3465 3155 3760 Review by J.B. Retley
2184 3730 3454 4024 tion in Simon and Schuster
930 3722 2010 3994 Concerning the 1929 puh.
1742 3869 2165 4028 tes refer-
2097 3945 3518 4210 Aug. 21, Revlew by Bruce Oould
809 3971 1878 4168 New York Evening Post
820 4142 2845 4304 New York Herald Tribune Books-Sept. 9, p19
2086 4244 2861 4463 Aug. 21, Revier
824 4262 1451 4489 New York Sun
2093 4372 3726 4625 Aug. 26, p7M. Roview by H. Salpeter
828 4425 1538 4621 New York World
828 4516 3715 4799 Besten Transcript. Book Section-Sept. 8. p6. Revlew by R.B.C.
839 4773 3726 4980 Evening Post (Chicago, 111) Aug. 84, Review by Llewellyn Jones
812 4924 2641 5173 die Sich nicht kurz bezahlt, die ich
2630 4916 3291 5166 se 1. 349,350.
2226 5033 2596 5192 Wiew by /
828 5135 3858 5351 Journal (Milwankes, Wis.) Oct. 27, Rather long Review (Portrait)
