4344 5832
916 837 3467 1131 Hr RECAPTION OF AYTHUR SCANITELER IN TAN UNITED STATES
1436 1168 2589 1345 Part I. Dramatic Works
1097 1432 3810 1613 Arthur Schnitzler, one of the greatest author living to-
882 1530 3746 1741 day, is desmous in Austria and Germany and is also well-known
878 1711 3810 1896 and well-liked in the United States, if one is to judge by the
874 1869 3908 2088 number of his playa produced here and by the number of his days
882 2009 3822 2197 and Ctories translated and published here. Schnitzler w s born
882 2220 3618 2378 in Vienna on May 10, 1662, passed his examinations at the
874 2344 3863 2514 Gymnasium in 1877, whereupon he began the study of medicine and
886 2476 3810 2687 gradulated from the University in May, 1865. For a few years he
897 2665 3648 2834 was connected with various elinies, and during this period
893 2811 3822 2981 Wrote numerous reviess and articles for medical journale. From
886 2955 3735 3173 his (hilihod [Schnitzler] had written poems and compositions.
886 3139 3780 3294 Some of his works were later published in periodicals such as
886 3294 3833 3501 An der schönen blauen Donau, but it was not until 1692 when he
897 3399 3791 3618 published Anatol, that he really became known as a write. In
897 3573 3837 3761 the United States too it was not until the publication in 1911
904 3769 3889 3916 of Granville Larker's.translation of Anatol that Schnitzler at-
912 3882 2578 4104 tracted any considerable attention.
