4424 5496
3618 361 3829 576 5.
1691 410 2012 564 V. U+2114,
722 377 1002 673 1/10
925 827 3841 1160 basis for criticiem. He says: "Hichts anderes gilt, als die
905 1071 3793 1286 Entscheidung, ob er gekonnt, was er wollte und ob er jedesmal
921 1229 3951 1440 Vollkommenheiten der Gestaltung seiner Intention vollbracht hat.
900 1339 3687 1635 Alles andre ist kritischer Unfug. (11) Thus, when Heinrich
892 1533 3634 1728 Stümke writes of Der Schleier der Beatrice: "Schnitzlers
3643 1627 3894 1829 Malos
892 1704 3748 1927 Können hat sich in diesem Schauspiel dem grossen Wollen noch
896 1846 3655 2077 nicht adüquat erwiesen,” (1e) he is juiging this work on a
905 1996 3890 2174 sound basis. On the other hand, Maximilian Harden, who general-
876 2150 3894 2373 ly kritieises Schnitzler rather harghly, says of the same drama
921 2312 3801 2523 "Dennoch ist das Drama nicht nur das beste, was diesem Dichter
876 2462 3626 2697 gelang: es magt auch über fast alles hin, was seit langen
868 2608 3740 2827 Jahren in deutschen Sprachgebiet reifte.“ (13) Such great di-
872 2762 3821 2994 vergence of opinion is to be found in all this Leitical litera¬
868 2957 3829 3176 ture, and the more one Etudes it the more ome becomes confused
860 3079 3326 3314 as to the actual reception of any one specific work.
1176 3265 3675 3464 Specht says that if one reads what was written and is
860 3241 1047 3395 2 he
856 3423 3764 3610 still being written about Schnitzler - even by people who pro-
844 3545 3829 3801 fess to know him - one would think that he never got beyond the
832 3687 3926 3926 stage of Anatol and the susses Mädel. In reality he created only
836 3845 4044 4060 two analogous character, namely Fritz and waistine in Liebelei.(14)
819 4032 4077 4259 Therefore one has to
815 4287 2008 4511 11. Specht, op. eit, 63.
815 4308 2665 4563 12. Bühne und Welt, V. 571. April 1903.
823 4478 2856 4624 13. Die Zukunft, ALII, 529, March 28. 1903.
791 4563 2117 4677 14. Specht, op. eit.. 53-54.
2953 4575 3144 4794 73-3
815 4653 2815 4839 15. Bühne und Welt. XI. 347. January 1909.
2117 4750 3399 4989 mistekenly placed the Fisk-
1590 4815 1858 4932 .Oie.
892 4786 1051 4945 29.
1590 4892 1984 5042 eipsig.
