4200 5320
3362 216 3758 524 44.
917 917 3784 1049 The following general bibliographical material on Schnitzler,
924 1016 3732 1137 cironologically arranged, wasisoned in the preparation of
928 1085 3879 1243 this essay, chiefly from the Jahresberichte für neuere deutsche
928 1195 1888 1331 literaturgeschichte.
752 1393 968 1558 1895
917 1496 3578 1661 L. Speidel: Neue Freie Presse, no. 11184. Praises Liebe
924 1620 3655 1796 R. Weitbrecht: Blätter für Literarische Unterhaltung, p.
1071 1738 1928 1826 Reviev of Sterben.
1705 1745 3644 1899 „Moderne Erzählungen“. Beilage der Allge-
1067 1807 1595 1906 von Weilen:
1052 1862 2229 2013 meinen Zeitung, no. 307.
737 2082 975 2247 1896
1067 2225 3787 2368 Neumann-Hofer: "Drei Magazin für Litteratur des In- und
1078 2321 3652 2427 Auslandes, IXV, p. 1407-11. In Schnitzler, Dreyer, and
1078 2409 3751 2541 Hartleben Neumann-Hofer sees three promising young men in
1078 2493 2163 2588 the field of the drama.
1063 2526 3868 2662 Reichmann: "Arthur Schnitzler", Die Gesellschaft II, 22-33.
1078 2618 3754 2731 A longer study in which the Student calls Schnitzler "den
1085 2702 3835 2871 Prinzen, der das Dornröschen der neuen Kunst aus dem Schlaf
1089 2805 1543 2911 erweckte“.
1071 2812 3736 2966 Osborn: "Stücke zum Thema 'Ehre'“, Monatsschrift für neue
1089 2944 3762 3058 Litteratur und Kunst, I, 223-8. A comparison of Freiwild
1071 3039 3223 3149 with other works that treat the there honor.
744 3230 983 3399 1898
935 3388 2515 3553 Criticisms of Die Frau des Weisen
1210 3516 2728 3688 Übell: Zeit (Wien) XVII, 41-2.
1210 3641 3736 3769 The rediewer hopes that Schnitzler will not forget the
1210 3725 3025 3813 more happy side of the Viennes nature.
1210 3806 3626 3919 Lothar: Wege 1, 39-40. Lother says: "Schnitzlers
1214 3875 3190 3971 Weltanschauung ist seine Frauensachauung.
1221 3912 3703 4048 von Weilen: Allgemeine Zeitung (Berlin) no. 221.
1214 4015 3714 4180 Schnitzler is one of the leading talent in the field
1228 4117 2288 4235 of the German novelle
1203 4165 2929 4286 W. Blum: Zeit und Geist II. 377-80.
1969 4271 2145 4389 ste
2236 4257 2445 4396 e de
2797 4264 2970 4418 S:O:S
2075 4370 3116 4495 der Tageblatt no. 63.
