4392 5848
2905 363 3449 594 „ 4 „ „ —: —: „
880 768 3746 1034 bat when in November, 1915 the Washington Square Players pro-
891 961 3927 1265 duoed it at the Band box Theater it was "hereon to art". (1)
876 1157 3391 1477 8. The Lonely way: Intermazzo: Countess Mizzie - 1915.
1111 1458 3784 1651 From 1910 till 1917 not a year went by but that at least
895 1574 3773 1805 one of Schnitzler's playe was published in translation in the
910 1771 3734 1933 Dnited States. Buring this period 1911..the year of |Barker's
910 1921 3888 2160 famous Anatolische. and 1917 seem to be outstanding. Yet
922 2037 4016 2299 every one of those years had contributed towards making Schnitzler
918 2206 3888 2450 just a little better known. We have covered the first six years
926 2342 3788 2565 of this period completely, so far as playe are concerned, ex-
937 2519 3823 2727 cept that no mention has been made of a volume of three days
930 2700 4004 2928 The Lonely Way: Intermezzo: Gountess Mizzie, translated by Björkman
945 2866 3726 3074 and published in 1915. This book called forth oomments from
949 2997 4050 3260 some of the most reliableoritics, representing some of the finest
941 3186 3746 3371 periodicals of our country. George Soule expressed what was
961 3294 3803 3572 more and more becoming the conviction of those who know good
968 3445 3915 3657 literature. He said, "Schnitzler is not a write whose work one
964 3568 3850 3734 has the power to appreise on short acquaintance. America must
968 3645 3888 3819 know him better before it can decide for itself. But this book
976 3749 3892 3923 should make it plain that America must at all events know him.
991 3869 3927 4027 "He has taken middle-elass life in the gayest capital of Europe
988 3969 3888 4128 and sprad it before us. not as a theoret, but as one who ob-
988 4031 3923 4212 serves minutely and is not 18eceived. His play are parts of the
991 4097 3985 4297 grest drama of life deflected by a lense of keen intellectuality
995 4193 3939 4367 upon the stage of our emotions and played by each man according
999 4270 3761 4444 to his perception,” is the judgment of anotheroritie. (3)
984 4401 4012 4610 Here, just as later in the case of Anatol: Livinq Hours! The Green
988 4536 4062 4814 Cockatoo the crities are afraid that these playe might be thought
1674 4779 2365 4945 x=========
1011 4833 3776 5115 1. )introduction to Comedies of words, edited by P.Loving,
2781 4999 2974 5100 XXI.
1852 5038 2642 5142 Cincinnätl, 1917.
1898 5096 2986 5211 Oct. 16, 1916, IV, 290.
1647 5092 3136 5358 Réviewa. Aug., 1915, LII. 245.
988 5076 1624 5370 L.I.S.
