4360 5832
849 853 3762 1154 ance is that the play was fictionised by Gladys Hall and pub-
849 1111 3886 1273 lished in motion picture classio in June, 1921. At various times
857 1277 3731 1516 acensa from the play were reprinted in Magazines, as for ex-
861 1455 3731 1628 emple: "4 Christmas Present" and "An Episode" in Internationale
868 1598 3589 1798 of lull, and some seenes from Anatol in The Green Book of
868 1794 3839 1937 November 1912. In 1917 the entire play was included in a volume
868 1910 3843 2107 of the peodem Library Series cntitlod Anatol: Livins Kours: The
872 2064 3847 2246 Graen Gockatoe. In the reviews of this last publication we find
872 2254 3766 2435 special guess on the fact that the playe are not immoral but
880 2377 3836 2554 rether. "Unmoral as the playe are, ringing their s[l]ight changes
872 2508 3751 2605 on one eternal thome, they are saved from coarseness by their
888 2574 3666 2759 light touch, their wit, a gey artistry that keeps them from
891 2666 1609 2832 ugliness." (1)
861 2871 2207 3087 4. The history of Liebele###
1023 3075 3897 3261 In August 1912 Light-o' -Leve, that play which was the first of
880 3276 3832 3438 Schnitzler's playe to be given in English in the Waited States
3785 471 4002 648 in
884 3450 3982 3623 and was also most frequently produced, was published in The Cram¬
891 3562 3743 3739 Ihree months later, as we already know, it was produced in
888 3751 3874 3905 German at the Irving Place Theater, but by this time it had al-
880 3905 3866 4067 ready been presented twice in English, once in 1905 when, under
891 4052 3681 4225 the name Flirtation, it was played by theoudressive Stego
880 4191 3878 4380 Society in New York City, and once in 1907 when, under the name
888 4376 3913 4519 The Leekoning, it was produced by Kathorina Grey at the Berkey
880 4515 3839 4677 Lyceum. This play was hastined to be produced teice again, but
911 4669 3917 4874 with the name Elayins with love. The first of these performances
911 4816 3886 5043 was in March, 1916 at the Lyceum and the second had its opening
1574 4970 2319 5167 ʼincomptoirsiaa
903 5105 3045 5310 1. New York Timee. xxill, 66, March 3, 1918.
888 5279 1636 5445 2.) See page 3.
