4520 5640
3806 425 3996 726 vrij
2015 511 2878 722 Arhtur Schnitzler
1529 670 3428 859 Works not included in Collected Edition
748 915 3222 1220 Wandernde Musikanten (Prager Tageblatt, 9. Mai 1926)
1272 1108 2586 1242 Geschrieben am 16. Juli 1877
752 1181 3764 1418 Ueber den Patriotismus (Der freie Landesbote, 15. November 1880)
735 1396 3751 1551 Aphorismen (Deutsche Wochenschrift, IV. Jahrg., Nummer 49, Wien,
1302 1482 2462 1615 5. Dez. 1886, Seite 625)
735 1590 3678 1783 Er wartet auf den vazierenden Gott (Deutsche Wochenschrift,
717 1804 3927 2079 Mein Freund Ypsillon (An der schönen blauen Donau, IV, 1889, Seite 25)
726 1963 1877 2170 Amerika (ibid.Seite 197)
717 2127 3871 2359 Lieder eines Nervösen: I. Landpartie. II. Apathie. III. Beim Souper.
1792 2260 3596 2402 IV. Moderne Erfahrung und Philosophie.
980 2268 2646 2483 Signed: Anatol. (ibid. Seite 297)
696 2397 3300 2642 Liebesgeständnisz. Signed: Anatol. (ibid. Seite 374)
696 2569 1409 2750 Der Blasierte.
1684 2586 3308 2814 Signed: Anatol. (ibid. Seite 449)
683 2702 4137 2943 Der Andere. Aus dem Tagebuche eines Hinterbliebenen. (ibid. Seite A90-42
683 2874 3201 3123 Am Flügel. Signed: Anatol. (ibid. V, 1890, Seite 12)
692 3012 3012 3265 An die Alten. Signed: Anatol. (ibid. Seite 132)
683 3184 2964 3385 Wildenstein. Signed: Anatol. (ibid. Seite232)
675 3360 2994 3566 Der And're. Signed: Anatol. (ibid. Seite 302)
666 3471 2045 3721 Intermezzo. Signed: Anatol.
2165 3536 3012 3742 (ibid. Seite 273)
662 3660 4021 3871 Alkandis Lied. Dramatisches Gedicht in einem Aufzuge. (ibid. Seite 398)
670 3824 2909 4004 An gar Manche. Signed: Anatol. (ibid., 520)
666 3948 2934 4146 Sprüche in Versen. (ibid., VI, 1891, Seite 39)
636 4077 3239 4301 Tagebuchblatt. (Moderne Rundschau, III, 1891, Seite 58)
1413 4236 3721 4404 (reprinted in Der Merker, III, 1912, Seite 321f.)
610 4322 3768 4558 Pour Book Reviews. (Moderne Rundschau, III. 1891, pp. 84, 86, 243)
623 4520 3145 4713 Reichtum. (Moderne Rundschau, III, 1891, pp. 385ff.)
614 4657 2445 4850 Halb Zwei. (Die Gesellschaft, XIII, 4)
