4344 5480
3454 209 3652 400 31.
299 397 497 591 11
2426 400 2679 573 1 1 1 1
851 833 3702 1063 Bibliography of literature on Arthur Schnitzler in the afore-
851 981 3345 1132 mentioned periodicals, 1893-1914, according to works.
714 1316 1128 1478 Liebelei
1107 1363 2711 1568 Zukunft, XIV, 528, March 14, 1896.
1100 1536 2707 1676 Kunstvert, IX. 168-9, March. 1896.
2862 1550 3587 1691 September 1896
1107 1593 2776 1723 Preussische Jahrbücher. LXXXV. 168-9
1125 1662 3436 1799 Das Literarische Scho, I, 4745, January 15, 1899,
1107 1723 3958 1972 Phobus (München), T. 1. 47. 1914. wend version of Liebelei.
732 1929 1164 2095 Freiwild
1121 2012 2729 2206 Kunstwart. X. 58-9. November 1896.
1114 2109 4012 2296 Das Magazin für Litteratur, IXVII, 1408-10, November 14, 1896.
1121 2195 3598 2376 Neue Deutsche Rundschau, VII. 1228-32. December 1896.
761 2361 1327 2556 Vermächtnis
2444 2473 3879 2650 IXVII, 977-8, October 15, 1898.
1143 2484 2387 2679 Das Magazin für Litteratur.
1150 2617 2819 2740 Nation. XVI, 41-2, October 15, 1898,
1136 2632 3068 2823 Bühne und Welt, I. 138-144, October 1888.
2354 2743 3014 2870 291, May 1899.
1143 2776 2314 2895 Deutsche Rundschau, XClX,
2390 2772 3381 2942 95, November 1, 1898
1143 2866 2311 2999 Das Literarische Echo, I.
2570 2870 3475 3017 November 15, 1898.
1143 2945 2210 3068 Das Literarische Scho,
1139 2916 3558 3151 Preussische Jahrbücher. XClV. 358-61. November 1898.
1143 3061 3436 3226 Neue Deutsche Ründschau, IX. 1319. December 1898.
1132 3154 2520 3317 Kunstwart, XII. 153-04 (1898)
768 3309 1709 3504 Die Frau des Weisen
1154 3407 2981 3605 National, XVI, 111-12, November 19, 1898.
1150 3450 3378 3681 Neue Deutsche Rundschau, IX. 818-9. August 1898
1150 3544 3854 3767 Das Magazin für Litteratur, IXVII, 775-6, August 20, 1898.
782 3724 2841 3929 Die Gefährtin, Paracelsus, der grüne Kakadu
2040 3886 2855 4027 805-08, May 1898.
1150 3922 1994 4059 Bühne und Welt. I.
1146 3973 3367 4157 Des Literarische Scho, I. 114-15, June 1, 1899.
1961 4059 3500 4196 Ech o. II, 227, November 15, 1899,
1168 4106 1900 4225 Das Literarische
1168 4124 3547 4304 Preussische Jahrbücher, 30VII, 498, September 1899.
1925 4196 3457 4319 bücher, XXVII, 564. October 1899.
1161 4265 1864 4373 Preussische Jahre.
1997 4243 3702 4434 supplement to Das Magazin für
1164 4348 1835 4456 Dramaturgische
1179 4366 3079 4506 Litteratur, EXVIII), 65-87. May 18, 1899.
1921 4438 3583 4596 Litteratur, LXX, 508, May 25, 1901.
1186 4474 1860 4596 Das Magazin für
1161 4557 3118 4705 Bühne und Welt, XII, 50-51. October 1910.
