4424 5496
3225 338 3507 556 1°  7
2231 326 2512 548 1 1
882 741 4026 974 novellettes: "Schnitzler ist ein hervorragender Stilist; ein fein-
882 974 4087 1168 sinniger, alle Abtönungen der Natur- und Seelenstimmungen beherrsch-
898 1107 3958 1276 ender Schilderer.-(20) Arthur Eloesser who, with Alfred Kerr, was
894 1292 4022 1417 the most important critic on the Neue Deutsche Rundschau said that
882 1441 4071 1615 those little works were "bewunderungswürdig erzählt, in einer anmut-
878 1590 4111 1796 ig fliessenden Sprache, die auch über den Tiefen durchsichtig bleibt,
882 1739 4038 1888 die träumerische flüstern und kosen kann, die sich aber auch an der
874 1908 3575 2078 Klarheit des Gedankens zu stählerner Schärfe härtet.“ (21)
1180 2041 4135 2227 The little novellette Leutnant Gustl created quite a sensation
882 2206 3885 2363 in 1900, because of the fact that it brought Schnitzler into ac-
870 2367 3877 2577 tual conflict with the military powers. (22) Echoes of the pro-
874 2528 3889 2714 oeedings in Viennen were heard in Berlin in 1901(23). little was
882 2641 3877 2879 mitten in Berlin periodicals about this work. Friederich Düsel
874 2790 3978 3024 classified it in one sentence: "Wenn irgend etwas, so, danke ich,
874 2947 3877 3177 gehört diese so ganz im Charakter der Person und ihres individu-
874 3136 3897 3342 ellen Gefühls- und Gedankenkreises verharrende Charakteristik zu
862 3302 3918 3495 dem, was man Kunst nennt. Menschendarstellungskunst." (24) In the
874 3459 3801 3644 same yeer. 1900, Schnitzler vrote Der blinde Geronimo und sein
862 3612 3922 3752 Bruder, which Specht places on a per with the best novellettes of
862 3769 3938 3958 Gottfried Keller. (25) He goes on to say: "Es gibt Werke, die so
882 3922 3696 4107 vollkommen sind, dass man nichts über sie'sagen' kann. Der
886 4050 4010 4284 „blinde Geronimo' gehört zu ihnen. Man muss sie selber lesen.“ (26)
1969 4236 3149 4445 1. und Der Ruf des Lebens
3438 4304 3769 4469 all pub¬
858 4381 2996 4493 20. Die Nation, XVI, 112, November 19, 1898.
874 4437 3841 4590 21. Neue Deutsche Rundschau, IX. 618. August 1898.
837 4554 3777 4650 22. See Schnitzler and the stIitary Cens kolp. Unpublished
1107 4642 3970 4787 Correspondence, by Otto P. Schinnerer. The Germanic Review. V
1095 4707 2331 4819 No. 3, July 1930, pp238ff.
862 4763 1047 4880 23.
1095 4763 4038 4904 See Das Literarische Echo, III, 650 and 1445, February and July
854 4864 3342 5061 24. Westermanns Monatshefte. 101. 157. October 1901.
3829 4892 4143 5081 1901
858 4932 1772 5069 25. Op. cit.. 217.
858 5021 1055 5190 26.
1087 5021 1776 5162 Op. cit. 220.
