4392 5864
827 796 3781 1012 to have become a moron. Bestrice is not worth] mentioning in the
838 915 3642 1150 Lariat." (1) Fortunately no one is very esrongly affected by
827 1054 3854 1273 what the Larist thinks and certainly Schnitzler need not only on
838 1169 3808 1408 the Lariat to establish or destroy his reputation in the United
842 1304 3819 1581 States. In the West there was nothing but prise for the novel:
862 1473 3862 1700 "The telling of the story is a triumph in economical expression.
850 1612 3765 1808 How perfect the workmanship that carries each impolling missive
869 1673 3958 1873 through to its logical conclusion! The interest does not once lag.
869 1762 3635 1977 The novel is marked by an air of breathless suspense.” (2)
915 1873 3789 2112 The novel is short and done in auift, telling lines which no-
873 1981 3931 2185 where permit one's interest to flag, nor for that matter, believe
885 2096 3635 2273 thebringing dramatic quality of the story. It is a swift,
892 2135 3919 2362 dramatic story, done with the sharp clear strokes of Schnitzler -
881 2223 3935 2431 a manner which involves no useless words, no Halting movement - a
873 2312 3846 2508 manner in which even the descriptions are fraught with dramatio
873 2381 3846 2577 significance." (3) Theseler admits "Hugo is unconvincing and
881 2454 3950 2681 unreal" but, in direct contrediction to the Ealtindre Evening Sun
896 2604 3769 2831 which believes, "Bestrice is only character in a book,” (4)
912 2769 3919 2962 the Leado rmaintains, "The character of Bentrice and the détails
892 2877 3689 3054 of her struggle lack not an lots of reality and conviction.
938 2965 3965 3223 another illustration of difference of opinion can be found in two
919 3162 3869 3396 other conflicting statemente: the Post intelligence of Seattle,
923 3308 3892 3504 Washington hold, "Bestrice is a work of art, not merely a case
927 3385 3977 3612 history.” (5) and the Brocklyn obily wlle is equally sure it is
927 3542 3973 3769 mere "Clinion.” (6) Max A. Egloff has attempted "to see
931 3677 4000 3900 both sides of the story.” In his opinion “Herr Schnitzler does in
946 3792 4000 4004 Beatrice precisely what he has done for thirty-four years through
935 3889 3962 4073 a list of playe and novels long as Gargantua's arm, namely, per-
938 3931 3989 4158 forns a laboratory experiment in crotic psychology which will ti-
965 4031 3942 4215 tillate the entire congregation of repressed äumanity. His works
958 4092 4004 4300 beer the imprint of a scientifie rather than an crotic mind." (7)
1965 4189 4004 4308 "The tragedy to which the radical change in
965 4262 4008 4458 Bestrice's character leads seems nothing more than a melodramatic
958 4265 1942 4377 He (Egloff) believes,
958 4354 3896 4565 finish for a fairly insipid story.” I found the next paragraph
1892 4531 2181 4689 c.a.
981 4650 3158 4854 1. ) The Lariat (Salem, Gregon), Aug. 26,ctb.
965 4777 2808 4942 2. ) Journal (Milwankee), June 18,oc1926.
977 4885 2692 5062 3. ) Leäder (Milwaukee), May 8,den,
981 5004 2369 5166 4. ) See page 26, reference 3.
1538 5031 3715 5235 telligence (Seattle, Washington), May 30,fa-1926.
981 5142 1392 5269 5.) Post
1765 5169 2823 5323 ly Wägle, May 15,�1926.
1723 5173 3677 5408 view of Literature. May 15,1926, 11, 785.
1238 5308 1662 5450 a turday xxx
1000 5316 1169 5427 7.
