4408 5880
920 793 3805 967 advised "Do not overleok Theresz if you have like Schnitzler
932 959 3671 1058 before.” Bruce Gould asserted, “We never read anything by
943 1030 3774 1161 Schnitzler which didn't seem good. In Theresa Schnitzler has
932 1086 3916 1216 surpassed himself,” (1) others claimed; "It is a strong, pain-
943 1168 3948 1291 ful and most artistically distinguished novel, a book which will
951 1263 3833 1397 eventually add even to Herr Schnitzler's high reputation as a
940 1267 3963 1453 leader of continental novelists;” (2) „It is an excellent book;
943 1421 3999 1543 WIt is a.translation from abroad which none of the disorim ging
2515 1496 3951 1630 ’t splendid novel.” (5) But we
928 1500 2412 1650 readers will care to miss;” (4)
2641 1603 3995 1776 "Theresa bored us hofoundly,
940 1626 2594 1765 must face such statements as these:
940 1749 3415 1832 but we aren’t a Schnitzler fan and never were, (6)
3470 1721 3951 1816 "Schnitzler
932 1800 3916 1903 has an unlovely nood. Theresa is a tale of sordid underourrents
951 1883 3825 1993 in whichRity is harohly absent. The pattern of the chapters
940 1946 3865 2080 hold to one (gloomy), morose fora - Theresa loses a position and
943 2009 3983 2187 gains another lower. Schnitzler has floundered with his theories.
943 2120 4003 2282 The novel does not create reality.” (7) Let us compare this last
951 2246 4125 2412 strument with this one, "Skilfully told story, notable for reality
943 2349 4062 2491 of all Capacters, yet possesins a certain monotony of tone,” (8)
951 2451 3951 2621 with this one, "Weile Theresa is often dull and repetitious, de-
943 2590 3924 2696 spite its economy of detail, no one can read it without feeling
959 2676 3940 2775 that the portrait is true to type without being harrowing or en-
3351 2736 3869 2846 "Too minute
963 2747 3304 2866 certaining." (9) and with Marian Gerber’s review,
951 2815 4011 2941 realism. It belong to the category of good reporting rather than
3509 2894 3880 2992 "It is a
967 2905 3450 3016 that of fine literature." (10) To this C.B. replies,
955 2969 4034 3107 morbid depressing tale, but it is to be commended for its literary
3470 3051 4026 3146 "nothing can
959 3075 3387 3174 ouslity." (11) Ludwig Levisohn writes from Germany,
963 3154 4042 3272 exceed tho smouth firm beauty of Schnitzler's style and technique,
959 3284 4074 3422 and in answer to all Hjections G.L. declares, "Schnitzler has not
959 3383 3959 3478 cluttered this powerful novel with one line that is uneasental.
951 3454 3967 3553 It is (xquisitely human and it is pathetically real. Seedom have
963 3533 3841 3640 I ever read a novel that has made so laating an impression on
951 3600 3979 3758 me. (13) Œefore Theresa appearedoritios had compared each new
963 3726 4007 3908 work of Schnitzler's with a preceding one but now Theresa is com-
959 3900 3888 4082 pared not only with other works by Schnitzler himself but also
1141 4188 2921 4354 New York Evening Post. Sept. 26, 1928
951 4212 1105 4358 1.
1172 4287 3087 4437 Courant (Kartford, Sonn.), Oct. 14, 1928.
1176 4378 3233 4512 Vindientor (Youngstown, Ohio), Nov. 3, 1928,
1165 4480 2984 4603 World-Herald (Omaha, Nebraska), Oct. 7,
3024 4461 3276 4571 1928.
1165 4540 3936 4670 Newe (Detroit, Mich.), Oct. 21, 1928, by Father D.McIntyre.
1417 4626 2917 4749 ter (Des Moines), Oct. 10. 1928.
1141 4638 1374 4765 Regimung des Königl.
1161 4658 3470 4867 Frooklyn Lägle. Oct. 10, 1928, by Ailan K. Keller.
1149 4788 3276 4938 Imerican Mercury (New York City), Dec., 1929.
947 4804 1109 4923 8.
1165 4859 1409 5001 firmés
1441 4855 3087 5013 (Los Angeles, Cal.), Oct. 28, 1928.
1168 4978 1386 5088 Fluch
1445 4942 2953 5061 (Ashville, N.C.), Dec. 30, 1928.
908 4962 1101 5080 10.
1196 5049 2901 5171 Gews (St. Paul, Minn.), Oct. 26, 1928.
908 5057 1101 5151 11.
1184 5104 3257 5266 dew York Herald Tribune, Aug. 19, 1928, p 7.
908 5132 1086 5230 12.
904 5199 2874 5321 13.) Press (Savannah, Gä.7, Oct. 6, 1928.
