4488 5544
3737 375 3945 586 25.
2626 391 2866 708 1
1262 993 4051 1213 öuch personal attacks were never found in Berlin. Even the
932 1181 4124 1388 novel, Der Weg ins Freie, which did concern itself with the Semitio
945 1335 4128 1551 question to some extent did not bring forth such denunciatory criti-
949 1486 4112 1661 oiens as those just mentioned. On the contrary, the question, when
945 1641 4104 1799 reised at all, was treated in a favorable manner, as shown by Erich
932 1763 2646 1987 Schmidt’s review quoted above. (94)
1250 1979 4124 2146 In the case of Professor Bernhardi again, the subject matter
920 2109 4051 2272 itself might perceivably have called forth more personal.reactions
949 2235 4026 2435 of an unfavorable nature, but instead most of the orities were ob-
932 2431 4006 2581 jective andinened. Thus onedenewer vrote in the following
949 2569 4039 2748 vein: "Mehrere getaufte wie ungetaufste Juden gelingen ihm, so wie
945 2699 4035 2915 ein paar Arier, -- schlechterdings famos. Nur der Titelheld ist,
945 2846 4047 3110 genau wie sein Name, bei weitem nicht jüdisch genug geraten. (95)
1254 3037 4047 3220 The Berlin oritios generallyarrignized andauspreciated the
928 3167 4165 3351 outstanding qualities of Schnitzler's simple pet forceful style and
920 3359 4140 3534 his ability to lay bare human emotions. Perhaps because of the fact
940 3465 3957 3689 that they vrote for periodical publications instead of for daily
928 3636 4039 3811 newspapers, they seem to have felt the obligation to be impersonal
928 3786 4120 3961 and objective in their judgment. On the basis of the material util-
912 3957 4181 4181 ized for this study, it seems safe to say that Schnitzler's reception
916 4128 3990 4340 in Berlin was more lniformly favorable than in his notice vienna.
2182 4242 2536 4442 Verlag
928 4377 3721 4674 94. Die Deutsche Rundschau, CXXXVII, 314, February, 1909.
904 4609 3395 4808 95. Die Schöne Literatur, XIV. 9. October 28. 1912.
