4360 5496
3697 361 3878 493 28.
956 1024 3818 1269 watters of essays, reviews or Iriticisme on Schnitzler in the
956 1107 3946 1340 aforementioned periodical literature from 1895 to 1914, the num-
930 1190 3946 1446 ber of times these men wrote, and the periodicals for which they
941 1258 1258 1367 wrote.
919 1506 2605 1792 Aram. Kurt - Das Literarische Schö.
926 1638 2063 1792 Bab, Julius - Gegenwart.
911 1690 2511 1867 Berg. Leo - Das Literarische Acho,
911 1803 2214 1939 Bie, Oskar (2) - Kunstwart.
900 1879 3388 2108 Busse, Carl (5) - Velhagen und Klassings Monatshefte.
1743 1984 2786 2150 Das Literarische Escho.
889 2003 2349 2176 Detleff, Ernst (4) - Kunstvart
889 2105 3196 2334 Düsel, Friederich (9) - Westermanns Monatsheft e.
2007 2229 2500 2349 Kunstwart.
877 2263 2971 2455 Eloesser, Arthur (4) - Das Literarische Scho
1935 2376 3272 2571 Die Neue Deutsche Rundschau.
877 2402 3038 2658 Ettlinger, Joseph (2) - Das Literarische Scho.
866 2466 2474 2677 Franzos, Karl - Deutsche Dichtung.
866 2545 1909 2700 Fred, V. (2) - Nation.
1540 2658 2828 2824 Das Magazin für Litteratur.
840 2662 2741 2948 Frenzel, Karl (11) - Deutsche Rundschau.
847 2786 2643 2971 Freund, Erich - Das Literarische Escho.
836 2843 2989 3125 Gaulke, Johannes - Das Magazin für Litteratur.
843 2933 1969 3076 Geiger, Albert - Nation.
828 3023 2116 3170 Goldbeck, Eduard - Zukunft.
832 3099 2571 3279 Greiner, Leo - Das Literarische Echo.
813 3185 2251 3332 Handl. Willi - Neue Rundschau.
813 3242 2387 3426 Harden, Maximilian (5) - Zukunft.
798 3328 2184 3483 Heilborn, Ernst (9) - Nation.
798 3404 2828 3622 Herrmann, Helene - Westermanns Monatshefte.
787 3483 3821 3757 Hirschfeld, Leo (2) Dramaturgische Blätter (Beiblatt zum Magazin
1724 3607 2451 3731 für Litteratur)
1739 3690 3377 3893 Velhagen und Klassings Monatshefte.
776 3693 3370 3942 Höcker, Paul Oskar - Velhagen und Klassngs Monatshefte.
779 3776 2737 4025 Hofmiller, Joseph - Das Literarische scho
776 3863 2244 4059 Kulkschmidt, Erich - Kunstwart.
764 3942 1849 4081 Kempf, Max - Gegenwart.
749 4010 2971 4239 Kerr. Alfred (8) - Die Neue Deutsche Rundschau.
753 4085 2733 4296 Kienzl, Hermann (3) Das Literarische Echo.
1683 4224 2406 4360 Bühne und Welt,
738 4224 2760 4443 Kleinenberger, Ludwig (2) - Bühne und Welt.
734 4311 1611 4469 Klemperer, Victor,
1721 4379 2440 4522 Bühlen und Welt.
715 4405 2165 4608 Krause, August - Nord und Süd.
