4424 5880
1569 468 1932 636 "    "  ' "
3841 461 4013 632 11
2514 496 2752 652 10 15
820 796 3958 1105 Productions of Schnitzler's Flays in the United States (continued)
1620 1085 2725 1257 In Englleh Translation
2354 1179 3798 1382 "The progressive Stage Society'
851 1167 2299 1401 Flirtation (Liebelei). siven by
1081 1316 2838 1464 In New York City, in 1905. (February)
839 1409 3752 1632 The Reekoning, (Liebelei) at the Berkey Lyceum, in New York
1101 1562 2565 1733 Oity by Katherine Grey in 1907.
863 1698 3654 1858 The Green Cockatoo, at the Lyceum Theater in New York City.
1109 1776 3143 1909 (Krs. Fiske's production) on April 11, 1910.
1101 1827 3833 1987 (With Hannele’s Himmelfahrt) (Translated by P. Littell and
1144 1964 1690 2108 C. Rublee).
851 2030 3677 2268 Märchen, produced by the Shaberts at the Garriok Theater in
1105 2186 2334 2307 Schleage on Sept. 12, 1910.
1120 2194 3662 2401 (In English version by Nina Lewton: with Mme. Nazimova
1144 2362 1601 2498 as Fanny)
1159 2440 4087 2608 ffairs of Anatol, five scenes; in addition "A Christians Present
871 2506 1113 2651 The A
1120 2549 3541 2686 (Weihnachtseinkaufe"). und "An Episode" (Denksteine
1105 2623 3752 2776 at the Little Theater in New York City on Mar. 12, 1911.
1113 2713 3552 2834 John Barrymore as Anatol; the five ladies-Gail Kane,
1105 2768 3978 2951 Doris Keane, Marguerite Clark, Katharina Emmet, Isabelle Lee.
1116 2893 3716 3103 ffairs of Anatol, (five Episodes) at the little Theater
863 2928 1038 3146 The
1128 3018 3513 3162 in New York, October 14. 1912. (Barker
1120 3127 2116 3264 Barrymore as Anstol).
1116 3217 3771 3424 affairs of Anatol, by a New York Company at The Five Arts
1136 3353 2737 3529 Theater in Chicago, Dec. 17, 1912.
878 3447 3759 3646 The Affairs of Anatol, a different performance by the Chioage
1132 3572 3486 3712 Littie Theater Company, also on December 17. 1912.
878 3728 3498 3904 literature, at the Bandbox Theater in New York City, by
1132 3837 3123 3954 Washington Square Players on Nov. 8, 1915.
890 3943 3705 4118 Pleying with love, (Liebelei), at the Lyceum Theater in New
1132 4064 2381 4208 York City. in March, 1916.
882 4185 3607 4357 In the Marionette Theater - "The Gallant Gassian", at the
1140 4239 3927 4403 Triangle Theater in New York City on Saturday, Jan. 20,1923
1632 4333 3974 4489 at Program of thislieater. (Bv aubscription only)
1144 4400 1519 4497 as the
1136 4454 3502 4567 Directed by Remo Bufano, Manager Florence Koehler.
894 4524 3580 4763 The Call of Life, produced by the Actors' Theater at the
1171 4681 3463 4813 Comedy Thestre In New York City in October, 1915.
1167 4755 3861 4934 (English version by Dorothy Donnelly; Eva Le Gallienne in
1206 4852 1690 5001 the cast).
