4328 5832
2689 490 2859 715 1
3870 636 4036 790 20
1354 865 2646 1165 Part 11. Narentive Works
1090 1117 3755 1327 The next decede divides quite naturally into two period,
849 1307 3755 1485 1920-1924 and1925-1930. It will be remembered that there had
857 1473 3822 1631 been a considerable falling off with regard to Schnitzler's re-
857 1643 3814 1864 ception on the United States in 1919. From 1919-1923 there were
849 1828 3657 1994 no books which spoke of Schnitzler. Consequently, the whole
861 1947 3858 2109 burden of restering Schnitzler to his one-time pourlarity seemed
861 2089 3811 2290 to rest on the publisheders. Everyone knows the publichers may be
849 2271 3728 2456 relied on to print what theirspaders demand, and fortunately
869 2389 3779 2590 theyarrignized "what the people wanted". The first five years
849 2555 3558 2717 of this last lecede, 1920-1930, may be viewed as a second
881 2721 4047 2890 "warming-up period", as a period during which the name of Schnitzler
833 2910 3834 3072 pieked up so much momentum that it has sped straight ahead, not
833 3048 3822 3246 even being halted by Mr. Sumner. Ever since 1915 when Simon and
845 3210 3866 3376 Schuster became the chief America publishers for Schnitzler his
825 3388 2689 3542 reputation has been family established.
1070 3526 3897 3672 The entire decide is marked by private performances and pri-
845 3664 3826 3834 vate printings for subsoribers only. In some cases this was ob-
845 3838 3775 3976 viously done because of fear of suppression. This is not quite
845 3961 3822 4126 so necessary now, since Casanova's Homecoming, one of the books
825 4134 3791 4308 originally printed for subscribers only, has been vindicated by
845 4273 3625 4430 theAourts; but, it is still a violation of the law to sell
853 4454 3771 4632 Hands Around. Another distinguishing future of this deonde is
817 4596 3905 4770 that more and more one play or one story by Schnitsler is singled
817 4754 3818 4995 out to take its place in a collection, inside the best that has
813 4889 3301 5133 been offered by kontemporary author the world over.
