4344 5880
3496 416 3702 579 26
813 821 3865 996 spell of its romanoe and beauty,” (1) “Schnitzler hasestualised
813 926 3854 1058 superbly the moment when Casanova was defeated. It is practically
813 988 3893 1124 a tract on the unity of human wishes,” (2) and “The novel should
813 1077 3873 1217 be read, not because Mr. Sumner disapproves of it, but because it
813 1147 3865 1311 is a thrilling narrative of that human tragedy, the duitterness of
836 1237 3862 1381 senescence. Casanova's Homecoming is a work of serious importance
817 1318 3858 1482 and rare artistry." (3) Two publication* of no great importance,
832 1404 3955 1625 which had never before troubles themselves about Schnitzler sudden-
821 1614 3648 1800 ly developed sufficient interest to express their renctions:
848 1750 3827 1913 "There is a hasoinating, highly-polished finish to all his work.
836 1867 3725 1987 There is a touch of degeneracy in the Casanova of Schnitzler's
836 1925 3916 2108 imagination, (4) and in the Newark Evening news of September 13,
836 2061 3830 2224 we read a perculiar misonception, "This humorous masterpiece may
856 2139 3889 2318 posibly be regarded as immoral, but isowdoubtedly an adroit bit
844 2252 3760 2384 of story-elling - a first-rate yarn of high humorous quality."
848 2372 3842 2578 It is scarcely necessary to quote a defending statement such as,
875 2539 3795 2683 "It might with reason be classes as a highly moral book, for it
844 2644 3663 2777 is a book the purpose of which is to show the disintegrating
856 2726 3671 2870 quality of immortality and a life of libertinism.” (5) In an
848 2819 3675 3025 open letter to the Nation Sadakichi Hartmann (complained that
875 2990 3722 3150 "the main event is highly improbable." (6) With reference to
856 3130 3784 3321 the translation we read it is "excellent." (7) When comparing
867 3313 3869 3504 this work with others by Schnitzler the conclusions are somewhat
848 3453 3745 3636 as follows: "Casanova's Homecoming is beyond a doubt the best
2442 3570 3780 3729 (8) and finally we reach the
875 3628 2341 3749 thing Schnitzler has ever done,
863 3722 3865 3877 grand flimax: "Daybreak is a much better book than the vague and
863 3823 3819 4025 foggily nystic Rhepsody but it is without the grasp and convic-
875 3897 3523 4056 tion and oompelling atmosphere of Casanova's Homecoming.
1101 4243 3208 4441 Oost Dispatch. (Houston, Texas), Nov. 9, 1930.
1089 4340 3508 4507 New York World, Aug. 8, 1930, p 11. by Harry Hansen.
1447 4464 3200 4593 Vincetonian, Nov. 15, 1930, by W.P. Jr.
1077 4499 1404 4604 barly?
1225 4488 3881 4674 onsut, (Moscow, Idaho), Aug. 30, 1930, by Whouton Brewer.
1194 4632 2983 4725 blichers' Weekly, Oct. 4, 1930, p 1615.
1108 4659 3189 4841 Lation, Sept. 17, 1930, CXXXI, no. 3402, 297.
1081 4771 2380 4908 Posten Globe, Aug. 23, 1930.
887 4806 1042 4896 7.
1089 4841 3325 4997 Telegram. (Salt Lake Oity, Utah), Jan. 18, 1928.
898 4966 3049 5098 9.) Record. (Philadelphia, Pa.), Deo. 3, 1927.
