4680 6184
3797 527 3963 705 6.
2357 595 2786 849 -3- 18
722 1058 3933 1266 and Germany to this day, A young man of means makes love to a girl
731 1228 3988 1414 of lower station. She is happy and devoted to him with all her soul.
726 1389 3920 1589 But when she learns that he has died in a duel on behalf of another
731 1499 4005 1767 Coman, she realized what a trial part she played in the life of him
735 1707 3878 1907 to whom she gave iherself and commits suicide. Commonplace as this
739 1843 4056 2060 little tragedy may seem, it is a very serious study of modern life and
748 2022 4052 2200 possesses high esthetic reflexment. The laps of the heroine exhibits
731 2145 3797 2379 nothing gross or sensual. It ishnoreover carefully motivated by
752 2336 3916 2523 the absence of a mother, the extreme leniency of the father and the
739 2502 4014 2672 attitude of various character of her environment who indirectly help
756 2638 4022 2842 to shape her life. The tragedylaises from the fact that the heroine
735 2808 2374 2994 cannot play the love game lightly.
985 2944 4065 3135 To account the plots of the long list of Schnitzler's works would
752 3071 4022 3309 be quiteDutile. neither his playe nor his stories are distinguished
752 3237 4065 3445 by any powerful or olever action. There is little plot in the strict-
756 3419 3857 3598 est sense of the term in his works. His strength lies chiefly in
756 3559 4031 3742 subtle characterization, in the creation of an atmosphere rather than
756 3734 4014 3908 In the manifestation of violently dramatic situations. Schnitzler is
756 3891 3993 4061 primarily a voet of the soul. He brings the most hidden Houden omtions to
765 4039 4090 4239 light and he does it with infinite delicacy. Details of circumstances
756 4188 4112 4354 mean little to him,»roods everything. He is not interested in problem
748 4345 4065 4541 as such, although he most effectively satirizes and ridicules dueling,
756 4528 3899 4706 militarism, semitism, anti-semitsm, the government, revolutionary
756 4664 4175 4834 parties etc. in his works. Only in Professor Bernhardi does a political
756 4812 3929 5016 intrigue really condition the plot, and even here it is well subor-
765 4953 4107 5161 ddaated to the chief interest, -- the character of Professor Bernhardi.
994 5118 3912 5348 Two works of Schnitzler in particular have created a storm of
777 5165 956 5331 gros
752 5288 4022 5467 discussion, although neither is exactly representative of the author.
765 5441 3916 5641 One is his only full-lized novel so far, Der Weg ins Freie. It is
