4248 5320
3279 254 3463 391 42.
849 935 3807 1127 L.S. XIV. 1505, August 1, 1912. Note on an article by Th. Reik
849 1041 3138 1182 Arthur Schnitzler vor dem Anatol"). Pan II, 3P.
3001 1127 3310 1221 peuil lui
822 1189 3709 1322 L.E. XV. 188, November 1, 1912. Note on an article "Das Werk
837 1299 3689 1385 Arthur Schnitzlers by Gertrud Bäumer, (Die Hilfe; 1912, 40).
826 1401 3756 1573 L.E. XV, 502, January 1, 1913. notice of an article on Arthur
837 1514 3506 1671 Schnitzler by J. Ratislav, (Heingarten, Graz. XXXII. 3).
833 1647 3830 1796 L.B. XV. 556, January 15, 1913. notice of a study of Schnitzler
837 1737 3603 1890 by Archibald—Henderson. (North meview. Nov. 1912).
833 1886 3842 2019 L.E. XV. 280-1. November 15, 1912. Review of a "Schnitzler-Moder"
826 1984 3744 2128 in America. Mentions production of or translations of Anatol,
822 2066 3603 2171 Zwischenspiel, Vermächtnis, Grüner Kakadu. Die Frau mit dem
837 2121 3924 2265 Dolche. Gebendige Stunden. And Liebelei. the last being considered
833 2214 3126 2351 the best drama in an article by Bayard 4. Morgan.
833 2340 2207 2484 L.E. XV. 852, March 15, 1913.
2246 2340 3889 2473 ice of an article on Schnit zler
833 2453 3130 2551 by Jary Wesely, (Neues Frauenleben, Wien; XV, 2).
826 2559 2211 2700 L.X. XV. 844, March 15, 1913.
2254 2559 3912 2719 Note on an article on the political
826 2676 3678 2782 background of Prof. Bernhardi by E. Fernerstorffer. (Arbeiter
814 2731 1714 2884 Zeitung, Wien, 36).
833 2856 3776 3048 L.E. XV, 1057, May 1, 1913. Mentions a discussion of Professor
826 2942 3337 3118 Bernhardi by W.M. von Wymetal. (März. München. XI. 15).
810 3118 3529 3232 L.E. XV. 1490, August 1, 1913. Pointe out a study of the
833 3216 3768 3310 parallel between Thomas Mann's Tod in Venedig and Schnitzler's
818 3286 3337 3416 Frau Beste und Ihr Sohn. (N. Fr. Presse. Wien. 17539).
806 3400 3470 3568 L.E. XV. 1497. August 1, 1913. notice of an article "Die
802 3521 3709 3689 Notivgestaltung bei Schnitzler" von Hanns Sachs, (Imago, Wien;
802 3588 1142 3701 II, 3).
802 3697 2281 3862 L.E. XV. 1567, August 15, 1913.
2320 3705 3768 3897 One plnograph from a reviev of
814 3819 2915 3956 Frau Beate und Ihr Sohn. (Hamb. Nachr., 316).
802 3952 3901 4081 L.E. XVI. 347, December 1, 1913. Mentions a study of Schnitzler's
802 4073 3948 4186 dramatic works by Gabriel Marcel, (Grande Revue, October 10, 1913),
802 4147 3772 4296 in which the author picks Lebendige Stunden and Der Einsame Weg
790 4214 1655 4351 as the best works.
