4424 5864
3542 402 3761 569 2b
3877 517 4048 693 44
836 804 3709 1039 miss any of the immoral passages. Sumner lenied the request,
856 1031 3853 1234 since he would need the book for the Grand Jury trial. The very
852 1166 3801 1385 fact that this attitude was taken proves unmistakably that re-
868 1301 4020 1508 viewers upheld the book. Theyagennted for the attack on the book,
1274 1437 3996 1644 "It must have been Casanova's reputation which quesered the
880 1564 3849 1739 book in the eyes of the watch-and-warders, for the story itself
880 1556 1254 1680 saying,
880 1628 3928 1843 isn’t in the least objectionable.” (1)ietrover reviewers arged,
915 1783 3869 1962 "Vice is not made attractive. The dregs of the sensualist's cup
2050 1890 3813 2046 "It is difficult to discern what there
884 1930 2002 2070 are dregs indeed,” (2)
3120 1962 3916 2074 (3) "Schnitzler
896 2034 3104 2121 was about the book that so roused the censors,
896 2046 3773 2217 has touched on this theme of senescence before but it reached
892 2093 3880 2292 magnificent heights in Casanova's Homecoming, an [exquisite] work
888 2181 3916 2372 of art. No one of intelligence could call it an obscene book. It
892 2245 4091 2432 is Schnitzler's best book. Here he realizes all his great powers (4)
888 2360 4008 2523 and the result is an tutstanding achievement in modern literature,
892 2507 3745 2686 and the New York Herald Tribune of September 26, 1930 quotes
907 2663 4000 2834 Roy W. Howard as saying, "It is hard to believe that any sensible
907 2742 3988 2921 elean-minded person could find anything offensive in the book. It
919 2834 3833 3001 is difficult to believe that its circulation would be anything
915 2897 3845 3077 other than a service to art and understanding.” The style and
919 3025 3841 3224 technique were frequently kremarked upon: "It is an exquisitely
927 3124 3980 3303 ironio observation of the great lower in his advanced years, (5)
951 3224 3717 3371 "Schnitzler's Casanova is an hispiration. This episode is a
927 3276 3920 3459 literary gem of consummate brilliance, (6) "written with that
927 3355 3936 3554 masterful insight into human nature wnich Schnitzler so uniquely
927 3463 3936 3622 possesses, Casanova's Homecoming is a document worthy of preser-
1592 3546 3709 3674 "The beauty of the novel lies in its writing.
935 3586 1552 3697 vation." (7)
939 3586 3916 3781 Schnitzler, as always, is a prose master. Immaculate perfection
943 3682 3948 3853 marks his literary creation, no matter how maculate its subject.
939 3761 3908 3944 No one who is subject to the charm of limpid fluid prose should
3061 3825 4024 3956 The story is written
2750 3865 2933 3964 (8)
927 3880 2702 3996 neglect this imagine work of art,
943 3924 3877 4091 in the scintillating style of the eighteenth century and might
939 4012 3721 4175 well be an adventure taken from the memoirs themselves. Mr.
951 4064 3908 4247 Schnitzler's book is a work of art capturing us in the delicate
1990 4251 2316 4402 c.
1564 4354 2889 4529 (Sioux City), Aug. 19, 1930.
1138 4422 1485 4589 Journal
939 4450 1094 4581 1.
1492 4422 3447 4613 1/4 Columbia, South Carolina), Aug. 17, 1930.
1512 4509 3944 4740 sen. (South Band, Ind.), Nov. 23, 1930, by W. Willey.
1190 4609 1393 4740 lower.
1652 4653 2726 4796 lly Sun. Nov. 26, 1930.
1174 4716 1437 4812 Lornel
1465 4676 3088 4856 Vineinnäti, Ohio), Sept. 23, 1930.
1401 4780 3280 4971 Neus. (St. Paul, Minn.), Sept. 7, 1930.
3025 4832 3765 5027 1930, by A.B.H.
1548 4891 2973 5047 University daily Newa. Oct. 7
1290 4951 1485 5051 w. 101
963 4959 3065 5142 s.) Kines. (Louleville, Ky.). Kug. 30. 1930.
