4184 5304
3463 217 3687 434 47.
318 253 531 459 1,1
900 1001 2812 1153 Lebendige Stunden discussed or reviewed.
1084 1150 2498 1298 M. Burokhard: Zeit XXI, 901.
1113 1272 2093 1403 H. Hart: Tag. no. 9
1095 1301 3134 1460 P. Goldmann: Neue Freie Presse, no. 13438.
1110 1424 3131 1544 H. Bahr: Neues Wiener Tageblatt, no. 125.
1095 1497 2762 1583 F. Poppenberg: Türmer IV, 555-61.
1092 1562 3695 1706 H. Benkmann: Generalanzeiger für das Judentum, no. 11.
766 1768 1005 1941 1903
889 1930 1276 2093 General
1084 2064 3828 2202 W. Wela: Schnitzler als Epiker: Badisches Museum, no. 80.
1084 2194 3749 2306 A. Halbert, A. Schnitzlers Lebenskunst: Das Magazin für
1247 2259 2426 2350 Litteratur, LXXII, 534-5.
1084 2277 3774 2440 A. Klaar, A. Schnitzler: Königsberger Anz. Nos. 398,399.
1092 2429 3586 2556 K. Kraus, A. Schnitzler und der Bauernfeldpreis: Die
1229 2509 2296 2643 Fackel (Wien) no. 133.
897 2606 1236 2787 Reigen
1081 2765 3084 2899 F. Törnsee: Neue Bahnen (Wien), III, 245.
1095 2899 4002 3011 A. Danegger, A. Schnitzlers Reigen und die Kritik: Freistatt,
1258 2957 1710 3066 V. 549-50.
1240 3004 3734 3138 G. Conrad: ibid. pp. He3-4, "Der Staatsanvalt und die
1229 3105 1565 3210 Kultur
1092 3131 3962 3326 A. Kausen, Akademisch-dramatische "Sauspiele". Wahrheit, IX,
1225 3264 1536 3362 331-4.
1215 3290 3904 3460 Salten, Schnitzler und sein Reigen: Zeit (Wien), Nov. 7,
1276 3420 3915 3517 the most decision book in Schnit zler’s development. The
1229 3503 3000 3629 end of an epoch beginning vith Anatol
1074 3539 3575 3705 R. Strauss, Der Jornograph Schnitzler: Wage, no. 27.
886 3684 2118 3890 Der Schleier der Beatrice
1081 3857 3539 3984 J. Fränkel: Neue Züricher Ztg., (1901), nos. 361-2.
1092 3966 2176 4056 A. Kerr: Tag. no. 115.
1092 4023 2798 4143 P. Mahn: Téliche Rundschau, no. 58.
2274 4114 2588 4226 -, 71-2.
1084 4110 2205 4251 F. Poppenberg: Türmer
1081 4150 2787 4342 K. Strecker: Deutschland I, 259-63.
1833 4360 2249 4504 Der Umsel
3254 4374 3763 4493 no. 15600.
3546 4468 3716 4609 11.
1251 4555 2176 4703 Seitung, 130, p. 90.
