4488 5672
2098 407 2316 535 — j—
703 539 3690 765 Arthur Schnitzler - Dramatic Works - Transnuions into English.
720 790 3464 1041 "Last Maaks". Translated by Grace I. Colbron. (In "Anatol,
1411 942 2937 1041 Irving hours, The Green Cockatoo
1411 983 3916 1172 The Modern February, Boni & [L]iveright, New York, 1917.
716 1152 2917 1296 "The Last Macks". Translated by P. H. Grumman.
1781 1226 3077 1407 In Poet Lore, Boston, 1913.
740 1444 3781 1604 "Literature". Translated by Grace I. Colbron. (In "Anatol, living
1316 1551 4007 1728 Hours, The Green Cockatoo). Boni & Liveright, N. Y.,1917.
736 1674 3871 1872 "selberature". Translated by Pierre Loving. (In "Comedies of Worda")
1970 1789 2838 1950 Cincinnatti, 1917.
724 1896 2682 2061 "Diterature". Translated by Pierre Loving.
1728 1979 3863 2172 In International, New York, 1915, pp. 330-336.
2908 2102 3262 2246 Vol. 9.
3262 2201 3772 2365 Fifty Con-
728 2205 3221 2337 ’Literature”. aving Translation in thay and loving's
1497 2328 3571 2456 temporary One-Act Plays“. Cincinnatti, 1920.
773 2472 2682 2608 Literature". Translated by P. H. Grumman.
1683 2509 2962 2732 In Poet Lore, Boston, 1913.
716 2695 2945 2818 "Lietrature". Translated by A. I. du P. Coleman.
1901 2785 4097 2937 In "German Classics", Vol. XX, New York, 1914.
716 2974 3953 3126 "The Lonely Way". Translated by Mäwin Björkmann. (In "TheLonelyWey,
1781 3106 3102 3242 Intermezzo, Countess Mizzie"
2189 3159 3546 3332 M. Kennerly, New York, 1915.
712 3312 2974 3419 "The Lonely Way". Björkmann Translation in Moses
3065 3283 3776 3476 “Representative
1732 3423 3340 3558 Continental Dramas", Boston, 1924.
728 3595 3756 3789 "Intermezzo". Translated by Edwin Björkmann. (In "The Lonely Way,
1497 3723 2769 3822 Intermezzo, Countess Mizzie“
1859 3781 3192 3920 M. Kennerly, New York, 1915.
724 3978 3624 4159 "Gallant Cassian". Translated by A. L Gowans. London, 1914.
724 4122 3028 4319 "Gallant Cassian". Translated by M. A. Jagendorf.
1901 4245 3192 4389 In Poet Lore, Boston, 1922.
2238 4315 3225 4468 Vol. 33, pp. 507-520.
703 4480 4011 4677 "Countess Mizzie”. Translated by Edwin Björkmann. (In “The Lonely Way,
1695 4640 3192 4747 Intermezzo, Countess Mizzie"Ø,.
2341 4727 3098 4895 New York, 1915.
699 4854 3809 5023 „Countess Mizzie“. Björkmann Transbation in Moses' „Representative
1794 4978 3600 5118 One-Act Plays by Continental Author”.
2164 5031 2801 5175 Boston, 1913.
