4392 5864
935 963 2848 1147 B. "The New song" and "Lieutenant Gustl"
1214 1159 3751 1386 "The New Sang" and "Lieutenant Gustl", translations by
915 1350 3655 1574 Kennethärke were among the stories in The Dal of 1925.
1870 1594 2345 1814 4.I926
935 1850 1530 2025 A. Beatrice
1179 2033 3935 2241 Inul926 Simon and Schuster followed up the Fraulein lise
939 2225 4011 2409 triumph by peblishing Beatrios and Mone but the Brave, the latter
959 2409 3911 2577 of which had been published in Tho Dial in 1925 as "Lieutenant
947 2545 3971 2717 Gustl". But, whereas many nice things were said about Beatrice,
951 2705 4027 2880 it by no means seconded to the level of Fraulein Else, with which
947 2856 4079 3012 it was frequently compared since both, together with Bertha Garlan
959 3032 3919 3180 belong to the woman trology. The sex elements were the tanget
959 3164 4051 3344 which bore the brut of the orities' attacks. In Bookman we read
975 3332 4027 3508 "Reigen's author has made another profound study of the sex urge,
951 3484 3991 3659 but the other side of the question is trampioned by G. D. R. who
1310 3639 3943 3795 "It is told in that frank, open, jontinental manner that
959 3651 1195 3779 says,
959 3703 4067 3883 puts to shame the sky innuendoes of the America sex slinger." (2)
959 3899 3935 4027 Curious to say, the adverse Iriticlem came primarily from news-
939 4015 4019 4175 papers in the East, especially in New York. E. Björkman thought,
983 4159 4067 4303 To be understood and forgotten, this novel must be accepted as the
951 4283 3903 4387 last very of despair of a decadent culture, which knew that its
959 4375 3923 4466 death hour was near. It is a spiritually limited and at bottom
947 4462 3943 4558 falsely sentimental book in spite of its high formal perfection
951 4534 3831 4622 and the Uudeniable astuteness of its psychology. That a free
963 4614 3835 4702 Coman of forty should be deemed lost or begraded because life
947 4678 4151 4838 is still strong in her is something which genuine understanding (3)
943 4786 4031 4910 of human nature and of the ways of life with us can hardly allow.
1846 4878 2349 5030 ============
1191 4918 2233 5126 Sookman. July 26,I926.
943 4914 1107 5134 1.
1534 5046 3088 5241 (Hanover, N. H.), May 15,ul-1926,
951 5166 2409 5345 3.) New York Sun. May 8,oc-1926.
