<?xml version="1.0" encoding="UTF-8" standalone="yes"?>
<PcGts xmlns="http://schema.primaresearch.org/PAGE/gts/pagecontent/2013-07-15" xmlns:xsi="http://www.w3.org/2001/XMLSchema-instance" xsi:schemaLocation="http://schema.primaresearch.org/PAGE/gts/pagecontent/2013-07-15 http://schema.primaresearch.org/PAGE/gts/pagecontent/2013-07-15/pagecontent.xsd">
    <Metadata>
        <Creator>prov=READ-COOP:name=TrHtr:version=2.1.0:model_id=51170:date=15_08_2023_13:11</Creator>
        <Created>2023-05-10T15:25:18.788+02:00</Created>
        <LastChange>2023-08-15T13:11:27.531+02:00</LastChange>
        <TranskribusMetadata docId="1429070" pageId="55436293" pageNr="154" tsid="132858529" status="IN_PROGRESS" userId="64420" imgUrl="https://files.transkribus.eu/Get?id=WNHYXKMGCPAFJDSUZYMNXFDX&amp;fileType=view" xmlUrl="https://files.transkribus.eu/Get?id=HUFZGGJBSIGALJDPDGRCITWB" imageId="44710282"/>
    </Metadata>
    <Page imageFilename="1429070_0154.jpg" imageWidth="4296" imageHeight="5480">
        <ReadingOrder>
            <OrderedGroup id="ro_1711798739899" caption="Regions reading order">
                <RegionRefIndexed index="0" regionRef="tr_1"/>
            </OrderedGroup>
        </ReadingOrder>
        <TextRegion id="tr_1" custom="readingOrder {index:0;}">
            <Coords points="776,361 3921,361 3921,3621 776,3621"/>
            <TextLine id="tr_1_tl_1" custom="readingOrder {index:0;}">
                <Coords points="3725,420 3751,417 3775,438 3793,432 3840,443 3864,435 3887,449 3917,443 3911,343 3876,349 3858,340 3843,352 3802,328 3781,343 3749,328 3734,340 3719,340"/>
                <Baseline points="3742,411 3832,423 3921,423"/>
                <TextEquiv>
                    <Unicode>29.</Unicode>
                </TextEquiv>
            </TextLine>
            <TextLine id="tr_1_tl_2" custom="readingOrder {index:1;}">
                <Coords points="2078,1117 2126,1123 2143,1109 2196,1150 2256,1147 2256,1047 2211,1047 2194,1061 2149,1038 2128,1049 2111,1038 2096,1047 2078,1044"/>
                <Baseline points="2095,1104 2184,1110 2262,1104"/>
                <TextEquiv>
                    <Unicode>G.C.H.F.F:F.H</Unicode>
                </TextEquiv>
            </TextLine>
            <TextLine id="tr_1_tl_3" custom="readingOrder {index:2;}">
                <Coords points="896,1168 3134,1301 3072,1168 893,1076"/>
                <Baseline points="913,1152 1002,1146 1092,1158 1181,1158 1271,1158 1361,1170 1450,1170 1540,1175 1629,1181 1719,1181 1808,1187 1898,1193 1987,1193 2077,1193 2166,1199 2256,1205 2346,1205 2435,1211 2525,1217 2614,1223 2704,1229 2793,1229 2883,1235 2972,1241 3062,1247 3139,1247"/>
                <TextEquiv>
                    <Unicode>Lautensack, Heinrich (3) - Die Schöne Literatur.</Unicode>
                </TextEquiv>
            </TextLine>
            <TextLine id="tr_1_tl_4" custom="readingOrder {index:3;}">
                <Coords points="878,1227 2649,1313 2619,1227 875,1174"/>
                <Baseline points="895,1223 984,1229 1074,1229 1164,1235 1253,1241 1343,1247 1432,1247 1522,1241 1611,1253 1701,1259 1790,1265 1880,1265 1969,1271 2059,1271 2149,1277 2238,1283 2328,1283 2417,1289 2507,1295 2596,1295 2656,1295"/>
                <TextEquiv>
                    <Unicode>Lienhard, F. - Deutsche Monatsschrift.</Unicode>
                </TextEquiv>
            </TextLine>
            <TextLine id="tr_1_tl_5" custom="readingOrder {index:4;}">
                <Coords points="884,1316 2773,1416 2717,1307 881,1245"/>
                <Baseline points="901,1301 990,1307 1080,1307 1170,1313 1259,1319 1349,1319 1438,1319 1528,1319 1617,1319 1707,1331 1796,1337 1886,1343 1975,1349 2065,1355 2154,1355 2244,1361 2334,1361 2423,1367 2513,1372 2602,1372 2692,1378 2781,1384"/>
                <TextEquiv>
                    <Unicode>Lorenz, Max (7) - Preussische Jahrbücher.</Unicode>
                </TextEquiv>
            </TextLine>
            <TextLine id="tr_1_tl_6" custom="readingOrder {index:5;}">
                <Coords points="878,1398 2743,1472 2714,1392 875,1316"/>
                <Baseline points="895,1378 984,1378 1074,1384 1164,1390 1253,1390 1343,1396 1432,1402 1522,1408 1611,1408 1701,1408 1790,1414 1880,1420 1969,1420 2059,1426 2149,1432 2238,1432 2328,1438 2417,1444 2507,1444 2596,1456 2686,1456 2745,1456"/>
                <TextEquiv>
                    <Unicode>Lothar, Rudolph - Das Literarische Scho.</Unicode>
                </TextEquiv>
            </TextLine>
            <TextLine id="tr_1_tl_7" custom="readingOrder {index:6;}">
                <Coords points="884,1466 2637,1558 2634,1481 2513,1457 881,1398"/>
                <Baseline points="901,1456 990,1456 1080,1462 1170,1462 1259,1468 1349,1480 1438,1480 1528,1474 1617,1486 1707,1486 1796,1492 1886,1498 1975,1504 2065,1504 2154,1510 2244,1510 2334,1516 2423,1522 2513,1522 2602,1528 2644,1534"/>
                <TextEquiv>
                    <Unicode>Lublinski, S. - Das Literarische Escho.</Unicode>
                </TextEquiv>
            </TextLine>
            <TextLine id="tr_1_tl_8" custom="readingOrder {index:7;}">
                <Coords points="872,1543 2811,1626 2805,1505 2593,1561 869,1475"/>
                <Baseline points="889,1528 978,1534 1068,1540 1158,1546 1247,1546 1337,1552 1426,1558 1516,1558 1605,1558 1695,1558 1784,1569 1874,1575 1963,1575 2053,1581 2143,1587 2232,1587 2322,1593 2411,1599 2501,1599 2590,1605 2680,1605 2769,1611 2817,1611"/>
                <TextEquiv>
                    <Unicode>Martersteig, Max - Deutsche Monatsschrift.</Unicode>
                </TextEquiv>
            </TextLine>
            <TextLine id="tr_1_tl_9" custom="readingOrder {index:8;}">
                <Coords points="875,1658 3154,1738 3151,1650 3015,1638 869,1543"/>
                <Baseline points="889,1605 978,1611 1068,1617 1158,1623 1247,1623 1337,1629 1426,1629 1516,1635 1605,1635 1695,1641 1784,1647 1874,1653 1963,1653 2053,1659 2143,1665 2232,1665 2322,1671 2411,1671 2501,1677 2590,1683 2680,1689 2769,1689 2859,1695 2948,1701 3038,1701 3128,1707 3163,1713"/>
                <TextEquiv>
                    <Unicode>Neumann-Hofer, Otto - Das Magazin für Litteratur.</Unicode>
                </TextEquiv>
            </TextLine>
            <TextLine id="tr_1_tl_10" custom="readingOrder {index:9;}">
                <Coords points="1862,1747 2093,1771 2262,1753 2341,1786 2395,1768 2498,1783 2495,1697 2424,1682 2279,1700 2235,1676 2182,1700 2078,1667 2022,1688 1859,1664"/>
                <Baseline points="1880,1731 1969,1731 2059,1743 2149,1743 2238,1743 2328,1749 2417,1755 2501,1755"/>
                <TextEquiv>
                    <Unicode>Nord und Süd.</Unicode>
                </TextEquiv>
            </TextLine>
            <TextLine id="tr_1_tl_11" custom="readingOrder {index:10;}">
                <Coords points="857,1774 2069,1827 2066,1756 1537,1732 1454,1685 854,1715"/>
                <Baseline points="871,1761 961,1761 1050,1766 1140,1772 1229,1778 1319,1778 1408,1784 1498,1778 1587,1784 1677,1790 1766,1796 1856,1796 1946,1802 2035,1808 2071,1814"/>
                <TextEquiv>
                    <Unicode>Nidden,itzard - Kunstwart.</Unicode>
                </TextEquiv>
            </TextLine>
            <TextLine id="tr_1_tl_12" custom="readingOrder {index:11;}">
                <Coords points="860,1851 2525,1930 2522,1868 2332,1812 1806,1842 1588,1786 857,1777"/>
                <Baseline points="877,1844 967,1844 1056,1844 1146,1850 1235,1850 1325,1856 1414,1856 1504,1868 1593,1862 1683,1868 1772,1868 1862,1880 1952,1880 2041,1886 2131,1892 2220,1892 2310,1898 2399,1904 2489,1910 2531,1910"/>
                <TextEquiv>
                    <Unicode>Polgar. Alfred (2) - Die Schaubühne.</Unicode>
                </TextEquiv>
            </TextLine>
            <TextLine id="tr_1_tl_13" custom="readingOrder {index:12;}">
                <Coords points="863,1930 2714,2010 2584,1913 857,1854"/>
                <Baseline points="877,1922 967,1916 1056,1922 1146,1928 1235,1934 1325,1934 1414,1934 1504,1940 1593,1934 1683,1946 1772,1952 1862,1957 1952,1963 2041,1963 2131,1969 2220,1969 2310,1975 2399,1987 2489,1987 2578,1993 2668,1993 2722,1999"/>
                <TextEquiv>
                    <Unicode>Presber, Rudolf - Das Literarische scho.</Unicode>
                </TextEquiv>
            </TextLine>
            <TextLine id="tr_1_tl_14" custom="readingOrder {index:13;}">
                <Coords points="854,2004 1969,2061 1966,1984 1913,1966 1726,1984 1653,1951 1582,1987 1508,1951 851,1927"/>
                <Baseline points="871,1987 961,1993 1050,1999 1140,2005 1229,2005 1319,2005 1408,2011 1498,2011 1587,2011 1677,2023 1766,2029 1856,2035 1946,2041 1975,2041"/>
                <TextEquiv>
                    <Unicode>Ritscher, Wolf - Phöbus.</Unicode>
                </TextEquiv>
            </TextLine>
            <TextLine id="tr_1_tl_15" custom="readingOrder {index:14;}">
                <Coords points="843,2072 2300,2170 2294,2058 2120,2037 1487,2063 840,2010"/>
                <Baseline points="859,2065 949,2071 1038,2077 1128,2083 1217,2083 1307,2089 1396,2089 1486,2089 1575,2095 1665,2101 1755,2113 1844,2113 1934,2119 2023,2119 2113,2125 2202,2125 2292,2131 2304,2131"/>
                <TextEquiv>
                    <Unicode>Salten, Feliz - Neue Rundschau.</Unicode>
                </TextEquiv>
            </TextLine>
            <TextLine id="tr_1_tl_16" custom="readingOrder {index:15;}">
                <Coords points="848,2152 2811,2259 2805,2179 2445,2123 845,2072"/>
                <Baseline points="865,2143 955,2149 1044,2154 1134,2154 1223,2160 1313,2166 1402,2166 1492,2166 1581,2172 1671,2172 1761,2184 1850,2190 1940,2190 2029,2196 2119,2202 2208,2202 2298,2208 2387,2214 2477,2220 2566,2220 2656,2226 2745,2232 2817,2238"/>
                <TextEquiv>
                    <Unicode>Schlenther, Paul - Preussische Jahrbücher.</Unicode>
                </TextEquiv>
            </TextLine>
            <TextLine id="tr_1_tl_17" custom="readingOrder {index:16;}">
                <Coords points="837,2253 2510,2306 2507,2244 2288,2205 1540,2214 1381,2164 1221,2217 834,2149"/>
                <Baseline points="853,2220 943,2226 1032,2226 1122,2232 1211,2238 1301,2244 1390,2244 1480,2244 1569,2244 1659,2256 1749,2262 1838,2262 1928,2268 2017,2274 2107,2274 2196,2280 2286,2280 2375,2286 2465,2298 2513,2298"/>
                <TextEquiv>
                    <Unicode>Schmidt, Erich - Deutsche Rundschau.</Unicode>
                </TextEquiv>
            </TextLine>
            <TextLine id="tr_1_tl_18" custom="readingOrder {index:17;}">
                <Coords points="831,2312 2232,2389 2229,2297 2149,2288 1661,2306 1555,2262 828,2241"/>
                <Baseline points="847,2298 937,2298 1026,2304 1116,2310 1205,2316 1295,2322 1384,2322 1474,2322 1564,2328 1653,2334 1743,2340 1832,2340 1922,2346 2011,2351 2101,2351 2190,2357 2238,2363"/>
                <TextEquiv>
                    <Unicode>Schönhoff, Ludwig - Kunstwart.</Unicode>
                </TextEquiv>
            </TextLine>
            <TextLine id="tr_1_tl_19" custom="readingOrder {index:18;}">
                <Coords points="825,2386 1987,2451 1984,2383 1933,2362 1398,2374 1339,2330 1218,2359 822,2309"/>
                <Baseline points="841,2375 931,2375 1020,2381 1110,2387 1199,2393 1289,2393 1378,2399 1468,2393 1558,2405 1647,2411 1737,2411 1826,2411 1916,2423 1993,2429"/>
                <TextEquiv>
                    <Unicode>Schultze. K. - Kunstwart.</Unicode>
                </TextEquiv>
            </TextLine>
            <TextLine id="tr_1_tl_20" custom="readingOrder {index:19;}">
                <Coords points="822,2477 2273,2534 2270,2451 1774,2466 816,2380"/>
                <Baseline points="835,2453 925,2453 1014,2459 1104,2465 1193,2471 1283,2471 1372,2477 1462,2483 1552,2483 1641,2489 1731,2489 1820,2495 1910,2501 1999,2507 2089,2507 2178,2513 2268,2513 2280,2513"/>
                <TextEquiv>
                    <Unicode>Schumann, Wolfgang - Kunstwart.</Unicode>
                </TextEquiv>
            </TextLine>
            <TextLine id="tr_1_tl_21" custom="readingOrder {index:20;}">
                <Coords points="813,2536 2539,2631 2539,2575 2386,2531 810,2471"/>
                <Baseline points="829,2531 919,2531 1008,2537 1098,2543 1187,2554 1277,2548 1367,2548 1456,2554 1546,2560 1635,2560 1725,2566 1814,2566 1904,2578 1993,2584 2083,2590 2172,2590 2262,2596 2351,2596 2441,2602 2531,2608 2548,2614"/>
                <TextEquiv>
                    <Unicode>Seefeld, Carl - Die Schöne Literatur.</Unicode>
                </TextEquiv>
            </TextLine>
            <TextLine id="tr_1_tl_22" custom="readingOrder {index:21;}">
                <Coords points="813,2628 2072,2678 2066,2596 810,2548"/>
                <Baseline points="829,2602 919,2608 1008,2608 1098,2614 1187,2626 1277,2626 1367,2626 1456,2632 1546,2626 1635,2638 1725,2644 1814,2650 1904,2650 1993,2656 2077,2656"/>
                <TextEquiv>
                    <Unicode>Servses, Franz - Kunstwart.</Unicode>
                </TextEquiv>
            </TextLine>
            <TextLine id="tr_1_tl_23" custom="readingOrder {index:22;}">
                <Coords points="807,2684 2808,2788 2803,2699 2658,2678 804,2619"/>
                <Baseline points="823,2674 913,2686 1002,2686 1092,2692 1181,2698 1271,2704 1361,2710 1450,2710 1540,2710 1629,2716 1719,2716 1808,2728 1898,2728 1987,2734 2077,2740 2166,2745 2256,2745 2346,2751 2435,2751 2525,2757 2614,2763 2704,2769 2793,2775 2817,2775"/>
                <TextEquiv>
                    <Unicode>Sittenberger, Hans - Das Literarische Scho.</Unicode>
                </TextEquiv>
            </TextLine>
            <TextLine id="tr_1_tl_24" custom="readingOrder {index:23;}">
                <Coords points="801,2767 2534,2856 2531,2788 2439,2764 798,2684"/>
                <Baseline points="817,2757 907,2757 996,2763 1086,2775 1175,2775 1265,2781 1355,2781 1444,2787 1534,2787 1623,2793 1713,2793 1802,2793 1892,2805 1981,2811 2071,2811 2160,2817 2250,2823 2340,2823 2429,2829 2519,2835 2537,2835"/>
                <TextEquiv>
                    <Unicode>Stein, Friederich (2) - Nord und Süd.</Unicode>
                </TextEquiv>
            </TextLine>
            <TextLine id="tr_1_tl_25" custom="readingOrder {index:24;}">
                <Coords points="813,2856 3083,2953 2906,2862 810,2773"/>
                <Baseline points="829,2829 919,2835 1008,2841 1098,2847 1187,2853 1277,2853 1367,2859 1456,2865 1546,2865 1635,2871 1725,2865 1814,2871 1904,2883 1993,2889 2083,2895 2172,2895 2262,2901 2351,2907 2441,2907 2531,2907 2620,2919 2710,2919 2799,2925 2889,2931 2978,2936 3068,2942 3092,2948"/>
                <TextEquiv>
                    <Unicode>Steiner, Rudolf (3) - Das Magazin für Litteratur.</Unicode>
                </TextEquiv>
            </TextLine>
            <TextLine id="tr_1_tl_26" custom="readingOrder {index:25;}">
                <Coords points="801,2927 2607,3004 2534,2921 798,2850"/>
                <Baseline points="817,2907 907,2913 996,2919 1086,2925 1175,2936 1265,2931 1355,2936 1444,2942 1534,2942 1623,2948 1713,2948 1802,2954 1892,2954 1981,2966 2071,2972 2160,2972 2250,2978 2340,2984 2429,2984 2519,2990 2608,2996 2614,2996"/>
                <TextEquiv>
                    <Unicode>Stümoke, Heinrich (5) - Bühne und Welt.</Unicode>
                </TextEquiv>
            </TextLine>
            <TextLine id="tr_1_tl_27" custom="readingOrder {index:26;}">
                <Coords points="798,2998 2803,3098 2720,3012 795,2939"/>
                <Baseline points="811,2984 901,2996 990,2996 1080,3002 1170,3008 1259,3008 1349,3014 1438,3014 1528,3020 1617,3020 1707,3020 1796,3032 1886,3038 1975,3044 2065,3050 2154,3050 2244,3056 2334,3056 2423,3062 2513,3068 2602,3074 2692,3074 2781,3080 2811,3086"/>
                <TextEquiv>
                    <Unicode>Telmann, Fritz (2) - Das Literarische Scho.</Unicode>
                </TextEquiv>
            </TextLine>
            <TextLine id="tr_1_tl_28" custom="readingOrder {index:27;}">
                <Coords points="795,3080 2415,3163 2412,3095 2338,3072 792,3001"/>
                <Baseline points="811,3068 901,3068 990,3074 1080,3080 1170,3086 1259,3092 1349,3092 1438,3092 1528,3098 1617,3098 1707,3104 1796,3110 1886,3116 1975,3122 2065,3128 2154,3128 2244,3133 2334,3133 2423,3145"/>
                <TextEquiv>
                    <Unicode>Turzinsky, Walter - Bühne und Welt.</Unicode>
                </TextEquiv>
            </TextLine>
            <TextLine id="tr_1_tl_29" custom="readingOrder {index:28;}">
                <Coords points="789,3151 2613,3261 2610,3187 2451,3148 786,3086"/>
                <Baseline points="805,3139 895,3145 984,3151 1074,3163 1164,3157 1253,3163 1343,3163 1432,3175 1522,3169 1611,3181 1701,3181 1790,3187 1880,3193 1969,3199 2059,3199 2149,3205 2238,3205 2328,3211 2417,3217 2507,3223 2596,3217 2614,3217"/>
                <TextEquiv>
                    <Unicode>Übell, Hermann - Das Literarische Scho.</Unicode>
                </TextEquiv>
            </TextLine>
            <TextLine id="tr_1_tl_30" custom="readingOrder {index:29;}">
                <Coords points="783,3240 2569,3341 2563,3252 2430,3231 1585,3231 1490,3172 1301,3216 780,3145"/>
                <Baseline points="799,3217 889,3217 978,3223 1068,3229 1158,3235 1247,3241 1337,3247 1426,3247 1516,3253 1605,3247 1695,3259 1784,3259 1874,3265 1963,3271 2053,3277 2143,3277 2232,3283 2322,3283 2411,3289 2501,3295 2572,3307"/>
                <TextEquiv>
                    <Unicode>Wassermann Jakob - Die Neue Rundschau.</Unicode>
                </TextEquiv>
            </TextLine>
            <TextLine id="tr_1_tl_31" custom="readingOrder {index:30;}">
                <Coords points="777,3308 2217,3376 2214,3320 2055,3278 775,3240"/>
                <Baseline points="793,3295 883,3301 973,3307 1062,3313 1152,3313 1241,3319 1331,3319 1420,3325 1510,3325 1599,3325 1689,3325 1778,3342 1868,3342 1957,3348 2047,3348 2137,3354 2226,3366"/>
                <TextEquiv>
                    <Unicode>Weber, Leopold (2) - Kunstwart.</Unicode>
                </TextEquiv>
            </TextLine>
            <TextLine id="tr_1_tl_32" custom="readingOrder {index:31;}">
                <Coords points="777,3388 3148,3524 3083,3385 775,3308"/>
                <Baseline points="793,3372 883,3378 973,3384 1062,3390 1152,3390 1241,3396 1331,3396 1420,3402 1510,3396 1599,3408 1689,3414 1778,3420 1868,3426 1957,3426 2047,3432 2137,3438 2226,3444 2316,3444 2405,3450 2495,3450 2584,3456 2674,3462 2763,3468 2853,3468 2942,3474 3032,3480 3122,3486 3157,3480"/>
                <TextEquiv>
                    <Unicode>Wilhelm, Paul - Velhagen und Klassings Monatshefte.</Unicode>
                </TextEquiv>
            </TextLine>
            <TextLine id="tr_1_tl_33" custom="readingOrder {index:32;}">
                <Coords points="777,3465 2788,3577 2782,3471 775,3394"/>
                <Baseline points="793,3450 883,3456 973,3462 1062,3468 1152,3468 1241,3468 1331,3474 1420,3480 1510,3480 1599,3480 1689,3486 1778,3498 1868,3498 1957,3504 2047,3510 2137,3510 2226,3516 2316,3522 2405,3527 2495,3533 2584,3533 2674,3539 2763,3545 2793,3545"/>
                <TextEquiv>
                    <Unicode>Zieler, Gustav (4) - Das Literarische Echo.</Unicode>
                </TextEquiv>
            </TextLine>
            <TextLine id="tr_1_tl_34" custom="readingOrder {index:33;}">
                <Coords points="763,3586 925,3633 1233,3559 2403,3636 2400,3574 2253,3527 757,3471"/>
                <Baseline points="776,3527 865,3533 955,3539 1044,3545 1134,3545 1223,3551 1313,3557 1402,3557 1492,3563 1581,3563 1671,3563 1761,3575 1850,3581 1940,3587 2029,3587 2119,3593 2208,3593 2298,3599 2387,3605 2411,3611"/>
                <TextEquiv>
                    <Unicode>Zoogmann, Richard - Bühne und Welt.</Unicode>
                </TextEquiv>
            </TextLine>
        </TextRegion>
    </Page>
</PcGts>
