4424 5496
3724 234 3903 516 12.
694 393 873 591 „ „
3189 428 3359 595 [illegible]
976 809 3927 1099 say. "Die Kritik ist wetterwendisch.“ No sooner had Schnizler
976 1071 4010 1249 attained the heights ofontical commendation when he woud again
992 1226 4034 1408 plunge into the depths ofontical displeasure. Despite this ebb
976 1356 4046 1583 and flow of criticism Schnitzler remained unmoved, published the
980 1527 4113 1713 Works that interested him, alightly pleased if the public approved,
980 1666 3201 1876 but not pert asrbed if the public lhook its head.
1293 1813 4054 2015 The drame that stamped Arthur Schnitzler an artist and put
956 1955 4065 2138 him on the Comrs. st the Burgtheater, one of the mostommatie
976 2130 4010 2304 theatres in Europe in the '90's, was, strangely enough, discussed
980 2308 4018 2487 in only three periodicals in Berlin. Schnitzler was a young man,
968 2443 4010 2618 an Austrian, and his Liebelei was far from home when it played in
968 2602 4057 2768 Berlin, yet the calibre of the men who reviewed this play was very
968 2764 4010 2911 high. Paul Schlenther thought that the drama wed its success to
960 2868 4073 3117 its subject matter, because "a hisserl Lieb und a bisserl Treu und
960 3018 4153 3244 a bisserl Falschheit is alleweil dabei.“ (42) Oskar Bie, the editor
960 3213 3962 3431 of Die Neue Deutsche Rundschau was more enthusiastic. He called
936 3340 3938 3578 Liebelei "wirkliche Dichtung, die aus dem Herzen Fliesst. Hier
956 3490 4006 3665 gibt sich ein Dichter ganz und gar." (43) In general theoritics
952 3701 3994 3927 agreed that Liebelei was the first Hlowering of a latent dramatio
956 3843 1329 4022 talent.
1261 3931 4196 4149 Fickle, indeed, areoritios. With but few exceptions those wh¬
932 4161 3942 4363 landed Liebelei condenned Freiwild. Oskar Bie said: Der Drama-
932 4319 3915 4474 tiker in ihm suchte und er hat den Dichter ertränkt.“ (44) This
932 4462 3585 4803 42. Preussische Jahrbücher, LXXIV, 493, September 1895.
940 4708 2630 4847 43. Kunstwert, IX. 168, March 1896.
944 4783 2705 5009 44. Kunstwart. X. 58. November 1896.
