4376 5880
836 793 3867 962 very honest: "a judgment of the book rendered with the Iulch of
836 856 3977 1044 Herr Schnitzler's vizardry fast upon the mind, is quite a different
836 966 3938 1119 matter. Then all petty questions of verisimilitude disappear under
844 1040 3903 1201 the touch of his faultless 18xterity in story telling. The reador
832 1123 3750 1292 finds himself ready to believe anything, no matter how absurd,
844 1190 3808 1347 which this master narrative wishes to present.” The left method
848 1343 3903 1551 with its almost breath-taking effect is one quality never lenied.
856 1500 3883 1677 The story was also the thence of a talk broadoast on July 7,I926
840 1633 3969 1853 by Professor G. A. Smithson over Station KLX, Gakland, Galifornia.
860 1849 1885 2038 B. None but the brave
1099 2042 3946 2218 When Kone but the brave appeared a little later that year it
868 2214 3753 2395 was failed as a masterpiece in interior dialecte, a Srchnique
860 2340 3946 2544 made oslebrated by Fräulein Else. The story was occasionally com-
883 2485 3679 2713 pared with Doctor Graesler and was frequently compared with
872 2670 3997 2850 Fraulein else, which already at that time had the largest America
879 2827 3973 2996 Sale of any of Schnitzler's works. "Fraulein Else and None but the
891 2953 3801 3129 Brave contain the essence of drama without dramatic form, (1)
887 3066 4036 3243 according to Frank H. Pettee. Walter Yust declared "Herr Schnitzler
891 3157 3879 3318 is an Saamilv aecurate peporter. He follows the flow of human
911 3212 4005 3392 consciousness -  tortuous stream, which runs never on a level but
907 3306 3848 3479 up and down and obliquely and on dege and halts and rushes for-
903 3396 3875 3545 ward again - with the preciseness of a lword dancer evading the
903 3502 3534 3640 sharp points of blades. And he created personality;" (2)
1936 3585 4001 3742 "The new Schnitzler story has no sex appeal.
911 3632 1932 3789 F. D. Smith declared.
899 3695 3871 3871 It Secres Schnitzler can diagnose masculine lvainy as remorsely
911 3785 3836 3938 as feminine passion. Schnitzler has Bvolved and made his own a
911 3844 3938 4036 method of story telling unsurpassed in swiftness, directness and
915 3942 3887 4107 realistic effectiveness.” (3) He adds too that, though "in re-
915 4009 4028 4166 capitulation the content appears rapid it is because the action is
911 4095 4068 4272 entirely subjective.” Extracts from other reviews read as follows:
923 4240 3989 4405 "Schnitzler's monologue Carrages to tell us more than many a bulky
915 4327 3887 4480 novel;" (4) "Arthur Schnitzler cuts away the surface of things
934 4370 4005 4582 and reveals a sorry show beneath. He has the sure, swift instruct
927 4488 3950 4633 of a surgeon for the exact spot of weakness and whame. Yet he is
911 4566 4036 4778 never callous!" (5) "The book is a masterpiece of venomed hatred.
2120 4751 2556 4888 =========
2187 4876 3196 5022 111. ). Nov. 19, l926.
942 4888 2148 5057 1. ) Evening Post (Chicago
2167 4916 3875 5124 Literary Review. Sept. 25,fa-1926, p4.
1590 5010 2120 5143 evening Post
1158 5045 1358 5155 Neuw
938 5037 1115 5136 2. )
1162 5041 2792 5226 läws (Dallas, Texas), Jan. 2. 1927.
938 5116 1111 5222 3.
1669 5116 3027 5300 2. Oet. 6. c. 926, xLVIII, 201.
1378 5175 1598 5297 opub
934 5191 1135 5297 4a)
1665 5218 2831 5391 es, Oot. 24,I926, p 29.
942 5206 1394 5403 5.) New
