4408 5864
3566 364 3740 572 2.6
866 785 3655 967 intense love and ffirmation of life. In stylistic elegance
878 893 3709 1064 and finish of execution it is unsurpassed and ranks as a fit
886 994 3693 1180 compandon-piece to Hhapsojy and Daybraak. It is an admirable
878 1067 3403 1234 translation." Among those who defended the book were,
2792 1153 3577 1354 Theodore Dreiser
1299 1191 2711 1400 the writers: Henry L. Meneken
2785 1299 3430 1416 Heywood Broun
1899 1323 2564 1450 Herbert Asbury
3597 1315 3767 1485 (1)
1899 1381 3485 1539 Dr. Harry Barnes Sinelair Lewis
1907 1481 2533 1640 John C. Pawys
2618 1601 3763 1725 Chairman of the Board of
1899 1601 2576 1729 Roy W. Howard,
1303 1609 1845 1779 the editor:
1914 1675 3895 1868 Directors of the Seripps-Howard newspapers
1299 1841 3686 2019 newspapers and magasines: New York Times; New York
1918 1914 3763 2119 Evening World; New York Herald Tribune;
1918 2027 2421 2193 The Nation
1315 2088 3736 2348 the preacher:Reverend Doctor Charles Frances Rotter
1330 2270 3779 2498 the Ohio State University faculty: H. M. Kallen (2)
905 2429 3825 2618 Magistrate Gottlieb, himself “no Mid-Victorian,” (3) not only
909 2611 3798 2773 found nothing obeene in it but also found that, "until a man
893 2703 3686 2850 is over fifty, he doesn’t appreciate a book like this.” (4)
909 2839 3887 3013 Since the court came to the conclusion that the book "is not so
909 2920 3937 3082 objectionable and Reggestive in character as to warrant judicial
928 3013 3891 3187 condemnation,” (5) the magistrate demissed the charge against
928 3152 3949 3330 the publisher. But Sumner, not willing to drop the matter, asked
917 3314 4022 3485 District Attorney Crain to bring the matter before the Grand Jury.
940 3461 3956 3663 Copies of the book wereenIn stributed. In order that each man might
917 3601 3984 3817 read it for himself. Meanwhile Sumner wrote an open letter to the
928 3786 3914 3964 New York Herald Tribune (6) in which he brought in a statement
928 3933 3968 4146 concerning Hands Around. On Wednesday, October 22, 1930 the book
940 4123 3918 4274 which had been before theOurts for seven years was oleared by
932 4254 3918 4440 the Grand Jury; (7) whereupon Mr. Schuster wrote an open letter
940 4421 3802 4614 to the ditor of the New York Herald Tribune (8) in which he
2348 4598 2564 4695 ======
1864 4753 2611 4889 sept. 26. 1930.
2046 4803 2765 4966 Sept. 25. 1930.
2038 4923 2730 5039 Sept. 25, 1930.
1930 4954 2943 5132 Post. Sept. 26. 1930.
1938 5086 2603 5206 Sept. 26, 1930.
2313 5109 2928 5275 Oct. 1, 1930.
2061 5179 2255 5279 Anno
2027 5240 2982 5399 Dune, Oct. 23, 1930.
1860 5326 2963 5503 Tribune, Nov. 9. 1930.
