4408 5880
1261 287 1494 497 B.
3827 408 3998 699 86
1681 761 2228 1001 Conclusion
1021 1005 3854 1160 Now that I have presented the facts regarding the reception
803 1145 3835 1339 of Schnitzler in the United States It is hardly necessary for me
815 1308 3745 1475 to do anything but end the discussion. Yet, there are some ob-
800 1448 3757 1630 servations of my own which I should like to add. If we were to
803 1611 3839 1785 indicate haphically the subject treated in this paper we should
815 1743 3889 1948 have to begin with 1899 when Freiwild was presented in the Irving
815 1925 3769 2084 place Theater. However, the first rise would begin in 1904 and
819 2092 3648 2263 continue suadually until 1911 when, with the publication of
838 2232 3866 2406 Granville Karker's.translation of Anatol, we have the first real
819 2352 3858 2581 notice of Schnitzler. Then we should go along, rising slowly and
831 2581 3703 2725 with ocassional spasmodio jumps - a rather high one in 1917 -
827 2713 3776 2864 until about 1919 when we have a falling away inAdpularity. In
842 2868 3691 3051 the following years Schnitzler "came back", so to speak, and
838 3020 3815 3171 from 1925, when Fraulein also brought new enthusiaam, until the
831 3179 3687 3361 present his fame has aforeased almost uninterruptedly. It is
842 3342 3776 3536 possible that the character of the translations might have had
838 3513 3811 3679 some bearing on the direction taken by the lines of this opph.
838 3629 3730 3835 The first outstanding ctranelation was that by Larker: Loving's
838 3804 3792 4002 transletions were probably somewhat kotrimental to Schnitzler'
850 3951 3870 4145 reputation; but in the last decide we find that theoritios feel
850 4134 3827 4304 it is only fair that the translators should come in for a share
850 4308 3792 4448 of the prise accorded the work itself and it is the exception
827 4448 3792 4607 rather than the rule when the translations are called anything
811 4572 3928 4828 but excellent. Just as always when anyone comes before the public
842 4739 3936 4937 eye, newspapers begin to vie with one another in obtaining inter-
854 4945 3920 5127 views. Karl Schauermann of the Milwankee Journal staff and Pierre
