4392 5864
914 1041 3988 1180 bringing Beatrice was in its second printing. Walter Tust
926 1156 4052 1327 cons!dered it "a moving,ettely wrought story"; (1) Baird Leonard
926 1327 4080 1462 considered it "a moving study, beautiful written; another charac-
926 1438 3901 1537 teristic excursion by Schnitzler into a woman's mind, heart and
1247 1521 3945 1605 (2) J. P. S. considered it an "unforgetable book, highly
910 1521 1172 1613 soul;
926 1601 4000 1700 interesting and splendidly written;” (3) the Independent of Con-
922 1728 3865 1867 cord, New Haupshire connected on the "sure technique, unerring
914 1831 2280 1962 anelysis, calm presantation;"
2324 1839 3810 1962 (4) the Boston Herald believed
941 1958 4032 2090 "it helped Schnitzler to his fame;" (5) the Enquirer of Cincinna-
926 2101 4119 2268 ti,öhio believed "Schnitzler has brought to the tale a rich measure
922 2221 3897 2316 of tendernes. There is no hargh dissonunoe as in the feverish
914 2296 3949 2395 Justion of Also, only the hrofound sadness of the ruin of a strong
922 2380 3961 2507 charsoter by forces stronger than itself!" (6) and the New York
2614 2499 3905 2650 "It has expressed the note¬
922 2499 2550 2630 Evening Post went so far as to say,
926 2598 3945 2737 worthy virtues apparent in Fraulein Kise." (7) This seems to be
910 2741 3972 2908 the only occasion when Beatrice was demed superior to —Klse. One
914 2880 4020 2999 finds also unfavorable remarks as: "The story, lurid in contempla¬
926 2995 4036 3099 tion and dull to read, comes apart, and the people break away from
922 3067 4068 3202 their moorings. It is good but not of Schnitzler's best." (8) The
898 3198 3976 3377 ut ooklyn heilv aagle seens unable to understand Schnitzler at all
910 3357 3905 3516 for it is not only with reference to this story but also in the
898 3496 3972 3683 case of Theresa (5) that the reviewer has an entirely wrong con-
902 3639 3881 3786 ception. "Beatrice stirs on the side of sensationalism. It is
910 3766 4056 3873 plainuuies and the leaet entertaining that has come to my atten-
910 3857 4008 3957 tion. Schnitzler’s talent ere mesger, except for a distinguished
898 3933 3972 4052 prose, and his laste is congressible. In Bestrice and Klse he is
898 4012 3933 4108 a trasome composer of subscribe that fail to
914 4092 3969 4223 that are never novel,” (10) writes Edward Cushing. The most ex-
902 4211 3937 4358 treme of the adverse criticiams is, "Beatrice attests Schnitzler
1565 4390 1748 4517 ====
890 4513 3754 4731 1. ) New York Evening Post Literary Review, May 1,1926, p 4.
1108 4620 1363 4755 Aro,
1525 4616 1990 4735 19.1926.
1116 4703 1613 4827 The Charlat
1649 4664 3436 4866 0 News (North Carolina), May 23,ul-1926.
1112 4815 1525 4918 Andepende
1561 4811 3647 4930 (Concord, N. H.), May 29,I926, CxVI, 645.
1116 4894 1374 4993 Osten
1625 4878 2503 4997 d. April 24, 2326.
1430 4946 3019 5077 (Cineinnati, Chio), May 8,fa-1926.
1990 5037 2248 5152 st, K
1525 5041 1680 5152 davon
2296 5041 2705 5152 3.I926.
874 5049 2888 5279 s.) New Republie (New York), May 19, le 26.
1502 5232 2928 5430 pailx Nagle. October 10, 1928.
838 5327 1104 5474 10.)
1176 5279 1529 5498 V̄L„LYN
1700 5363 2725 5518 V Lägle, May 15, le 26.
