4472 5528
1237 915 3862 1128 On the other hand there appeared thirty-two articles on
907 1096 3983 1265 Gerhart Hauptmann himself and one hundred-eleven dramatio reviewe
915 1241 4143 1397 and oriticisme of various sorts, while there were only three articles
927 1409 4007 1590 on Schnitzler and innetsen criticisms of dramatio and prose works
911 1522 2228 1738 of the Viennes author. (5)
1225 1706 3935 1867 During the twenty years from 1895 until 1914 no less than
919 1859 3959 2016 sixty-two critics wrote on Schnitzler in the pages of the period-
915 1987 2457 2192 icals covered in this study. (6)
1233 2152 3939 2341 In surveying the list of critics, (7) one finds such well
915 2333 3923 2493 known men as Julius Bab, Oskar Bis, Arthur Eloesser, Maximilian
915 2469 4007 2654 Harden, Alfred Kerr, Felix Salten, Paul Schlenther, Franz Servaes,
919 2658 3955 2770 and Jackb Wassermann represented. The fact that these men inter-
915 2758 3887 2943 este themselves in Schnitzler seems to orroborate a statement
907 2923 3923 3096 made by Julius Bab in 1918, the year of the fiftieth Duiversary
915 3112 3810 3268 of Schnitzler's birthday. At that time Babwrote: „Wer feiert
907 3256 3995 3437 Schnitzlers 50. Geburtstag? Es sind in ganz ausgesprochenen Masse
903 3421 3883 3565 die sogenannten Gebildeten, die feiner kultivierten Kreise des
903 3545 4079 3726 Bürgertums, des grossstädtischen vor allem, die an Schnitzler einen
903 3702 2353 3899 lebendigen Anteil nehmen.“ (8)
1221 3838 3870 4043 Schnitzler, in the early years of the twentieth century,
903 4035 3850 4192 was not very well known in the provinces. Alfredern, in an
1393 4160 2144 4340 alsost say that
3336 4164 3923 4348 or criticism
1088 4292 4015 4469 Generalregister zur Neuen Rundschau. 5. Fischer, Berlin, 1910.
1092 4445 4039 4553 See Alphabetical bibliography of periodical literature used in
1092 4533 2044 4686 this study, page 26.
1080 4605 1630 4734 See page 28
907 4669 3011 4874 8. Gegenwart, LXXXI, 313, May 18, 1912.
1128 4810 2614 4995 Berlin, 1922 (3. Fischer Verlag
