4392 5496
3596 219 3819 358 15.
1053 306 1252 461 .  ...
3533 326 3855 564 1:„ „
2178 378 2337 540 1
823 711 3747 997 appreed in the periodicals treated in this essay. Kurt Arm
838 910 3954 1144 staten: "Im Reigen haben wir ein wichtiges Kulturdokument unsrer
842 1045 3843 1315 spoche, weil es unverfälscht die besondere Art eines ihrer fort-
2790 1240 2988 1411 adresse
842 1228 2575 1470 geschrittensten Glieder zeigt. (53)
1160 1415 3847 1621 That Reigen was widely read after its release in 1903 is
838 1514 3851 1756 shown by peatisties about the most read books in the German lan-
854 1717 3715 1903 guage, autumn 1902-1903 compiled from 107 100n libraries and
882 1824 3866 2066 "Lesezirkeln" (54) Schnitzler was one of theKuthors vhose book
827 1975 3334 2225 (Reigen) was read most often in the following eities:
2714 2154 3151 2305 Chemnitz
1323 2154 1824 2333 Allenstein
2714 2281 3072 2380 Dresden
1327 2257 2293 2428 Berlin (3 Libraries)
2714 2360 3147 2472 Eisensoh
1323 2388 1689 2484 Bielitz
2718 2440 2949 2539 Prag
1311 2440 2337 2603 Breslau (2 libraries)
2718 2503 2949 2619 Wien
1323 2547 1586 2694 Brünn
1184 2603 3755 2809 These date show that his book was read in all parts of
3477 2774 3664 2925 P.S.
854 2766 2317 3024 German speaking Europe. (55)
1192 2897 4025 3151 In 1913, the Akademisch-dramatischer Verein in Munich staged
874 3096 4077 3318 three soenes from Reigen. The howl of protest was heard in Northern
874 3203 3926 3449 ny. The presentation was called "eine'vertrauliche' Schil-
874 3413 4025 3632 derung recht übelriechenden Stoffes. (56) Why the Verein presented
874 3560 3938 3771 these scenes was completely untelligible to the oritios. (57) Leo
874 3700 3902 3934 Greiner, who redewed the prese utation for Das Literarische scho
874 3843 3958 4077 gave, what seems to me, the actual reason why Reigen is not parti-
894 4045 3974 4232 cularly adopted for the stage. He said, "Diese fidchtigen Bilder,
2066 4141 3688 4359 tiven Maximihenenden. who found it
1129 4347 3394 4486 Das Literarische Echo, VI, 513, January 1, 1904.
890 4323 1077 4502 53.
1140 4439 3525 4590 Das Literarische Echo, VI, 513-14, January 1, 1904.
894 4478 1053 4574 54.
894 4518 3962 4641 55. It is interesting to note that in this survey the wast widely
1101 4590 3827 4721 read books were Beyerlin, Jena oder Sedan. (81 libraries)
1121 4653 4141 4800 Frau von Heyking, Briefe, die ihn nicht erreichten, (78 libraries
767 4685 922 4848 31.
1109 4749 3902 4880 and Thoman Mann, Buddenbrooks. (35 libreries) out of the 107
1125 4860 2301 4943 contributing Gtat 18tics.
1192 4908 2587 5071 inatwart, XVI, 380, July 1903.
1148 5015 1625 5162 (bid. 382.
866 4908 1053 5154 567.
