4440 5912
2238 412 2412 589 V. A. M.
1838 1813 2228 1972 Preface
1086 2033 3512 2295 It is a pleasure to express my sppreciation of the
844 2285 3597 2426 courtesy extended to me by Simon and Schuster in following
851 2441 3704 2583 me to read the clippings they have collected on the particu¬
858 2561 3232 2760 1er works of Schnitzler which they have published.
1103 2785 3587 2998 I desire also to acknowledge my obligation to Doctor
858 2980 3672 3129 Otto P. Schinnerer for a record of the private performances
851 3108 3090 3289 of Schnitzler's playe in the Triangle Theater.
2405 3409 3399 3615 Bestrice M. Schrumpf
