4440 5496
934 833 3868 1105 article entitled "Ödipus und der Ruf des Lebens".(9) wrote in
930 1066 3934 1234 part: Schnitsler ist noch immer nicht sehr bekannt. Irgendwo
938 1230 3775 1389 draussen in Europa trifft man aber zuweilen einen Mann, der
946 1393 3985 1560 etwas von Schnitzler gelesen hat, oder mal auf der Bühne sah." (9)
934 1525 3950 1693 The fact that it was, in general, the "intellectuals" who
922 1693 3864 1852 interested themselves in Schnitzler is the reason why journals
934 1844 3887 2000 like Das Literarische Scho and Die Neue Deutsche Rundschau pub-
922 2023 3883 2160 lished more articles on Schnitzler than [a] more populer imagine
926 2136 3918 2335 like Vestermanns Illustrierte Monatshefte. In the files of Die
911 2315 3973 2479 Gartenlaube, a popular family journal, from 1895-1914, Schnitzler
914 2471 3833 2623 is not mentioned once. This also appears to l'orroborate what
914 2603 1798 2794 has been stated.
3448 2666 3771 2825 G. A.P.
1222 2786 3883 2930 Richard Specht says in the opening pages of his study of
903 2915 3880 3132 Schnitzler that the significance of Schnitzler lies in the fact
914 3066 3802 3206 that he has been able to lncover the most secret Hnotions, of
911 3214 3887 3420 which one previously was unconscious, with such a gentle touch,
899 3385 4012 3545 as scarcely anyone has done before. (10) manyorities find in this
934 3541 3930 3697 "baring of the soul" cause for denouneing Schnitzler, as will be
887 3673 2300 3887 pointed out later.
903 3860 3907 4043 In order to judge criticism fairly one must determine
891 4016 4016 4187 basis for criticism. Since criticism is often a subjective matter
887 4175 3883 4335 one might almost say that there are as many based for Ifticism
891 4327 3739 4522 as there are orities. Specht gives what seems to me a sound
887 4592 3012 4790 9. Die Jeue Rundschau, XVII, 498, May 1906.
876 4716 3860 4915 10. Arthur Schnitzler. Der Dichter und sein Werk. Eine Studie.
1058 4837 2903 5027 Berlin, 1922 (S. Fischer Verlag). 7-8.
