4440 5496
3493 278 3704 401 10.
1196 695 3882 930 hthar crities acknowldged the excellent style, but found
858 914 3803 1097 action end development lacking. Das Literarische Zcho said of
898 1073 3882 1307 this novel: "Ein Werk so gleichmässig und künstlerische im Ton.
882 1236 3827 1462 so vornehm und sorgsam in der Mache, so von Anfang bis zu Ende
878 1383 3835 1570 festhaltend, so gänzlich auf das Herausarbeiten brillanter Ein-
882 1542 3807 1760 zelheiten verzichtend, so durchaus als Ganzes angelegt und als
898 1669 3866 1923 Genzes wirkend, will immerhin etwas besagen.“ (35) Die Zukunft
898 1832 3906 2050 viewed the book in another light: "Dem Buch fehlt jede Fünstik,
898 1943 3930 2182 Und nun ist es sonderbar, wie dieser Mangel allmählich, ganz all-
898 2102 3827 2392 mählich zu einem hohen Vorzug wird. Das Buch atmet nur; leise
910 2285 3855 2551 habt und senkt es sich in ihm. Und die Menschen wandeln umher,
910 2436 3906 2706 bewusst und doch traunhaft und wieder ihres Traumes bevusst. --
918 2603 3934 2849 Eine sanfte, liebenswürdige, fatalistische Schwermut umhüllt uns
914 2714 4057 2972 ganz. Und das ist an dieser literarischen Leistung das Bedeutende,
918 2881 3715 3123 dass sie in so eminentem Grade Stil und Stimmung hat." (36)
1252 3048 3986 3286 Discussions of the Semitio question are noticeably looking
926 3227 4049 3421 in the reviews on der Weg ins Freie that appeared in Berlin period-
930 3346 3910 3588 icals. This question, which was probably the cause for much of
938 3513 3902 3763 the adverse criticism leveled at Schnitzler for this novel, was
938 3656 3938 3902 mentioned only by Erich Schmidt, and then not in an adverse man-
946 3843 3990 4053 ner. He vrote: Das Judentum, empfindlich und überklug, selbst-
934 3990 4017 4224 bewusst und selbst verachtend, unsicher in dem zu intimen oder zu
946 4172 4037 4347 fremden, zu pathetischen oder zu witzelnden Ton, ohne unbefangene
950 4296 4145 4530 Haltung unter sich und gegenüber andern Schichten, wird von Schnitz-
1673 4514 2825 4776 X. 1545, August 1, 1908.
954 4669 1391 4824 35. Op.
3211 4550 3394 4856 10
966 4685 3088 4991 36. Op. Clt., IXVI, G17-18, March 18. 1907.
2416 4840 2670 5007 136
2984 4840 3227 5015 ber 1
