4472 5672
2288 433 2487 579 -2-
839 606 3819 869 Arthur Schnitzler - Dramatic Works - Transulations into English.
873 824 3657 1050 "The Duke and the Adress" (Der grüne Kakadu). Translated by
1309 993 3943 1151 H. Weysz in Poet Lore. Boston, 1910. Vol. 21, pp. 257-284.
869 1117 3890 1302 "The Green Cockatoo and Other Plays". Translated by H. B. Samuel.
1908 1238 3051 1400 Chicago, no date (1914).
869 1358 3514 1539 "The Green Cockatoo", Translated by Grace Israel Colbron.
1321 1471 3443 1607 (In "Anatol, living‘Hours, The Green Cockatoo
1441 1554 3917 1704 The modern February, Boni & Liveright, New York, 1917.
839 1640 3172 1829 "The Green Cockatoo". Translated by H. B. Samuel.
1482 1780 2483 1926 In "German Classics",
2513 1772 3510 1934 Vol. XX, pp. 289-331.
2551 1874 3270 1998 New York, 1914.
835 2148 1546 2367 "Living Hours".
1603 2209 3078 2355 Translatedlby Grace I. Colbron.
1618 2310 3770 2461 (In "Anatol, living Hours, The Green Cockatoo)
1693 2408 4033 2525 The Modern February, Boni & Liveright, N. Y., 1917.
828 2449 1531 2675 "Living Hours".
1599 2487 3066 2675 Translated by Grace I. Colbron.
1599 2615 2314 2747 In Dickinson's
2348 2615 3804 2743 "ienf Contemporary Dramatists".
2201 2705 3537 2848 second series. Boston, 1921.
820 2799 2807 2980 "Living hours". Translated by H. T. Porter.
1866 2897 3191 3078 In Poet Lore. Boston, 1906.
816 3014 2908 3240 "Living hours". Translated by P. H. Grumman.
1806 3160 3149 3288 In Poet Lore. Boston, 1913.
2393 3243 3277 3379 Vol. 17, pp. 36-45.
816 3303 2893 3507 "Living Hours". Translated by Porter Davitts.
1667 3469 3890 3593 In loving a “Ten-Minute Plays”. New York, 1923.
805 3729 3544 4003 "The Lady with the Dagger", Translated by Grace I. Colbron.
1396 3924 3514 4056 (In "Anatol, Living Hours, The Green Cockatoo
1475 3996 3905 4154 The modern Libary, Boni & Liveright, New York, 1917.
768 4071 3315 4267 "The Lady with the Dagger". Translated by H. T. Porter.
1704 4191 3450 4380 In Poet Lore, Boston, 1904, pp. 1-18.
749 4308 3371 4466 "The woman with the Dagger". Translated by H. B. Samuel.
1723 4447 3097 4590 In Fortnightly, London, 1909.
722 4538 3375 4733 The woman with the Dagger". Translated by P. H. Grumman.
1704 4658 3044 4827 In Poet Lore, Boston, 1913.
