4408 5848
3860 486 4026 664 22
862 842 3817 1064 the second time. Ita first publication was in 1913 in Viennose
846 977 3904 1238 Idylls. It now appeared in The Shepherd'sAipe and Othor Etories
874 1147 3773 1396 by Erthur Schnitzler, the second of the "Other Stories" being
906 1321 3904 1546 "The Murderer", a story which was deatined to be published again
886 1440 3813 1685 with "The blind Geronimo" in Little Hovels of 1929. "The Blind
910 1641 3832 1839 Geronimo", like the playe "The Green Cockatoo", "The Lady with
910 1764 4086 1993 the Dagger", "Living Mours" and "Eiterature", has three translators.
906 1910 3824 2152 It was also edited in German with notes and vocabulary by Law-
910 2076 4046 2329 rence price (1929). In 1929 "The fate of the Baron von Leisenbohg",
922 2219 3975 2420 another of the Etories later to be included in little Novele, was
933 2401 3896 2642 Julished in Ths Dial. In the same year Jchnitzler's first long
937 2547 3860 2804 novel. Der ieg ins Preie, was translated by H.B.Samuel and was
937 2709 3931 2907 well received. The substance of the reviews is: "It is a beauti-
949 2792 3852 2986 ful book and a true; it has flesh and blood and that which for
957 2875 3908 3057 lack of a better word we call a soul; (1) "Schnitzler's style
945 2966 3900 3128 is always finished and greceful; his method in this work is de-
953 3037 3900 3231 licate but probing: his le the hand of a physicaln of sophisticated
961 3101 3785 3298 cated mind and heart;” (E) and in one sentence the them is
973 3243 3915 3457 summarized by H.W. Boynton -- "Schnitzler holde in this book the
969 3338 3884 3544 familiar brief for the social irmesponsibliity of the creative
969 3504 1535 3670 artist.” (3)
2369 4639 2618 4829 B.T.K.
1016 4786 2923 5031 1. ) Boston Transcript. Feb. 3. 1923. p 4
2693 4817 4240 5058 Literary Digest. March.1923.p52.
1036 4960 2598 5094 2.) International Book seview of
1012 4956 2729 5229 3.) Bookman. Spril. 1923. IVII. 206.
