4424 5864
1275 301 1487 489 De'
3592 357 3752 493 on
750 726 3804 990 with the best works of American and EuropeanKuthors. It is said
766 902 3580 1159 to have been compared by Europeanorities to Jane Eyre, (1)
762 1066 3981 1287 F.D.L. says, "Theresa is remindful of the picture of Mona Lisa," (2)
786 1235 3820 1471 Raymond Girardin says, "Theress is well drawn" (3) and he knows
786 1391 3957 1587 of only "one example - Fannie Hurst's Lummox - where the same thing
786 1479 3720 1688 is done as effectively and in fewer pages. K.O.Ballon thinke,
818 1632 3917 1824 "Perhaps the pattern established by De Manpassant's One Vie was in
822 1712 3736 1912 Schnitzler’s mind,” (4) others say, “The book is another Uncl
806 1768 3868 2024 Tom's Cabinet in that the lot of a poor slave is exposed in all its
1219 1848 3977 2048 (5) and "The khroniole is as kigniïficant as Moll Flanders
814 1964 3688 2169 (if not more significant), but no less monotonous. (6) Some
810 2000 1155 2085 horror.
826 2093 3828 2313 mis Hlaneous comments not yet mentioned are: "The manner of the
842 2181 3901 2401 tale is dry, hard and almost jocular in moments of stress - but a
838 2281 3692 2461 supero observation and reporting, (7) "A model case-report."
830 2349 3343 2538 Schnitzler is an extraordinarilyattarefui lnvestigation
842 2361 3981 2582 "Schnitzler is an excellent exponent of the naturalistic technique
874 2505 3848 2690 “The character”
850 2570 3708 2786 book is verbously lacking in any dramatic situation. Yet the
842 2646 3941 2838 charasterisations are strong and the author has employed deep in-
850 2730 3897 2922 eight and sympathy is presenting a realistic study of a woman who
842 2818 3856 3023 never dominates situation or people, but submits to all circum-
858 2882 3812 3083 stances which surround her life, (10) "Competently written and
3039 2938 3913 3079 "There is a curious
850 2995 3003 3191 yet withal thoughtly undistinguished, (11)
854 3043 3876 3263 lack of Carmth and cumulative power. Yet it is impossible not to
874 3115 3977 3323 admire the completeness of Schnitzler's understanding of his hero-
866 3155 4053 3395 ine and the deftness with which he traces out the exact parts played
870 3287 3824 3484 by heredity and environment. One never feels any great sympathy
874 3343 3888 3552 for Theresa, (12) then "It is a sympathie, though monotonous
3351 3427 3556 3540 (14)
866 3472 3267 3644 record. (13) "Slow reading, but well worth while,
878 3476 3925 3708 cheerless book but a good one. It is as sound as life itself, and
3331 3584 3892 3696 "The Dean of
3035 3600 3243 3708 (15)
890 3632 2938 3796 fully as depressing as life at its dirthest,
902 3676 3740 3864 éustrian Letters offers a paaeive novel after a long silence;
894 3732 3949 3985 Theresa is below the mark of his earlier work. It is the greatest
878 4093 2357 4293 1. ) Jewish World. Oct. 9. 1928.
1106 4129 2914 4366 Stär (Kansas City, Mo.), Nov. 17. 1928.
1211 4193 3171 4434 sentrie (Birmingham, Mich.). Nov. S. 1928.
1459 4333 3135 4486 we (éeicago, 111.), Sept. 26, 1928.
1183 4430 2834 4582 imes (Brocklyn, N.Y.), Dec. 2, 1928.
1142 4494 2870 4658 wewe (Mansfield, Ohio), Dec. 16, 1928.
1591 4486 4185 4706 Seview of Literature, Nov. 10, 1928, V. 336 - T.Purdy Jr.
1155 4610 3612 4819 New Républie. Oct. 31, 1920, LVI, 508 - T. S. Matthews.
1155 4626 1555 4754 saturday.
902 4570 1078 4774 7.
1122 4682 4145 4931 emmrs. Rview of Literature. July 21, 1928, IV, 1053 - Randall
910 4730 1070 4855 8.
922 4819 1078 4923 9.
874 4875 3383 5103 10.) Beacon. (Wichita, Kansas), Feb. 3, 1929, by H.A.
1130 5003 3568 5235 Tne Nation. Nov. 14, 1928, CXXVII, 523 - J. W. Kruloh.
1628 5055 3917 5296 Amen. Book Rerlew, Nov. 25, 1928 p 2 - C.B.Chase.
890 5107 1074 5231 11.
1684 5235 2325 5360 Oot. 6,oude.
2008 5255 3135 5468 Schräska), Oct. 21, 1928.
902 5288 1078 5392 13.
1672 5340 1920 5456 naha.
910 5372 1074 5464 14.
1255 5420 2257 5588 in Tälk. Dec.,oudeberstiß.
898 5452 1110 5600 15.7
