4424 5496
3603 323 3783 463 17.
2482 471 2649 614 1
994 706 4018 906 difficult to become enthusiastic over Schnitzler, grudgingly ad-
986 898 3998 1109 mitted "dass ein Stubenhocker, der nichts vor sich hat als sein
974 1053 4170 1249 Schreibzeug, dennoch auf eigenem Grund ein Schöpfer sein kann." (62)
1293 1201 4046 1424 Theürnissance drama Der Schleier der Beatrice, which had
978 1377 3994 1564 its premiere on Saturday, March 7, 1903 in the Deutsches Theater
978 1528 4030 1720 in Berlin, was also received well by the Berlinorities, although
966 1660 4118 1851 some of them were decogatory in their Iriticisma. Heinrich Stümoke
970 1823 3942 1991 felt that Schnitzler hadattempted too much and had failed. (63)
954 1955 4158 2143 Maximilian Harden considered that the drame was a masterpiece. "Dennoch
958 2135 3930 2314 ist das Drama nicht nur das Beste was diesem Dichter gelang: es
950 2286 4066 2470 ragt auch über fast alles hin, was seit langen Jahren im deutschen
950 2442 3982 2594 Sprachgebiet reifte.“(64) Alfred Kern explained: “Schönes, ab-
938 2613 4010 2761 sonderliches Werk! Schnitzler dringt in Höhen und Tiefen wie nie
946 2741 4130 2937 zuvor. Hiernach wird der Schleier der Beatrice zu nennen sein. - (65)
1249 2909 4102 3096 In the following year, on February 13, 1904, Der einsame Wek
922 3080 4026 3248 was first played, in the Deutsches Theater in Berlin. The general
926 3208 3906 3380 public and many of the orities did notparove of the play. It
934 3352 3966 3551 lacked "die Entschlossenheit, die Folgerichtigkeit und die Kraft,
914 3527 3930 3675 die Dinge unerbittlich bis ans Ende durchzudenken und durchzeuge-
910 3655 4114 3882 stalten." (66) Some oritics, however, preised the work. Friederich
898 3830 3938 4018 Düsel said: "-- dieser (Dichter), der trotz aller Bühnenerfolge
906 3998 3962 4178 von jeher als Novellist und Lyriker Tieferes und Feineres gab als
894 4106 3930 4341 Dramatiker, hat sich niemals reicher und reifer offenbart als in
894 4417 1081 4549 62.
1137 4309 3160 4636 Die Zukunft. RXXVII. om. March 29, 1902.
894 4549 2789 4664 63. Bühne und Welt. V. 571, April 1903.
882 4604 2757 4768 64. Zukunft, ZEIT, 529. March 28, 1903
890 4692 1081 4784 65.
1121 4688 2973 4888 Die Neue Rundschau, XII, 438, May 1901.
890 4780 2697 4976 66. Kunstwart, XVII, 640. March 1904.
