<?xml version="1.0" encoding="UTF-8" standalone="yes"?>
<PcGts xmlns="http://schema.primaresearch.org/PAGE/gts/pagecontent/2013-07-15" xmlns:xsi="http://www.w3.org/2001/XMLSchema-instance" xsi:schemaLocation="http://schema.primaresearch.org/PAGE/gts/pagecontent/2013-07-15 http://schema.primaresearch.org/PAGE/gts/pagecontent/2013-07-15/pagecontent.xsd">
    <Metadata>
        <Creator>prov=READ-COOP:name=TrHtr:version=2.1.0:model_id=51170:date=15_08_2023_13:11</Creator>
        <Created>2023-05-10T15:25:16.545+02:00</Created>
        <LastChange>2023-08-15T13:11:23.872+02:00</LastChange>
        <TranskribusMetadata docId="1429070" pageId="55436204" pageNr="141" tsid="132858514" status="IN_PROGRESS" userId="64420" imgUrl="https://files.transkribus.eu/Get?id=ZNXZZYJCXSSCBQBEXEWPJRPA&amp;fileType=view" xmlUrl="https://files.transkribus.eu/Get?id=NXLPZWJYVYCHFREAIIQFQOMH" imageId="44710193"/>
    </Metadata>
    <Page imageFilename="1429070_0141.jpg" imageWidth="4424" imageHeight="5496">
        <ReadingOrder>
            <OrderedGroup id="ro_1711798705898" caption="Regions reading order">
                <RegionRefIndexed index="0" regionRef="tr_1"/>
                <RegionRefIndexed index="1" regionRef="tr_2"/>
            </OrderedGroup>
        </ReadingOrder>
        <TextRegion id="tr_1" custom="readingOrder {index:0;}">
            <Coords points="842,463 4056,463 4056,2931 842,2931"/>
            <TextLine id="tr_1_tl_1" custom="readingOrder {index:0;}">
                <Coords points="3633,555 3693,543 3705,555 3737,559 3786,522 3798,530 3806,522 3830,526 3826,386 3782,378 3766,390 3745,390 3729,378 3697,406 3677,398 3649,414 3629,414"/>
                <Baseline points="3656,519 3745,513 3835,525 3841,519"/>
                <TextEquiv>
                    <Unicode>16.</Unicode>
                </TextEquiv>
            </TextLine>
            <TextLine id="tr_1_tl_2" custom="readingOrder {index:1;}">
                <Coords points="848,1021 3557,1057 4047,1161 4043,892 3733,832 848,920"/>
                <Baseline points="872,997 961,991 1051,997 1141,997 1230,997 1320,997 1409,1003 1499,1003 1589,1003 1678,1009 1768,1009 1857,1015 1947,1015 2037,1015 2126,1021 2216,1021 2305,1021 2395,1021 2485,1027 2574,1027 2664,1033 2753,1033 2843,1033 2933,1039 3022,1039 3112,1045 3202,1045 3291,1045 3381,1051 3470,1057 3560,1057 3650,1057 3739,1063 3829,1063 3918,1063 4008,1063 4056,1069"/>
                <TextEquiv>
                    <Unicode>die aus ihrer Oberflächlichkeit eine feine Tugend machen und selbst</Unicode>
                </TextEquiv>
            </TextLine>
            <TextLine id="tr_1_tl_3" custom="readingOrder {index:2;}">
                <Coords points="856,1226 3741,1226 3737,1057 856,1085"/>
                <Baseline points="878,1158 967,1158 1057,1158 1146,1158 1236,1158 1326,1164 1415,1164 1505,1164 1595,1164 1684,1170 1774,1170 1863,1176 1953,1176 2043,1176 2132,1182 2222,1182 2311,1182 2401,1182 2491,1188 2580,1188 2670,1194 2759,1194 2849,1194 2939,1194 3028,1200 3118,1200 3207,1200 3297,1206 3387,1206 3476,1206 3566,1212 3656,1212 3745,1218 3751,1218"/>
                <TextEquiv>
                    <Unicode>im Schlüpfrigsten von einem immer unbeirrten Instinkt für das</Unicode>
                </TextEquiv>
            </TextLine>
            <TextLine id="tr_1_tl_4" custom="readingOrder {index:3;}">
                <Coords points="868,1342 3890,1386 3890,1298 3167,1210 864,1222"/>
                <Baseline points="890,1302 979,1308 1069,1308 1158,1314 1248,1314 1338,1314 1427,1314 1517,1320 1606,1320 1696,1320 1786,1320 1875,1326 1965,1332 2055,1332 2144,1338 2234,1338 2323,1344 2413,1344 2503,1344 2592,1344 2682,1344 2771,1350 2861,1350 2951,1350 3040,1356 3130,1356 3219,1356 3309,1362 3399,1368 3488,1368 3578,1368 3667,1368 3757,1374 3847,1374 3900,1374"/>
                <TextEquiv>
                    <Unicode>künstlerische Taktvolle geleitet werden, müssten, wollte man sie</Unicode>
                </TextEquiv>
            </TextLine>
            <TextLine id="tr_1_tl_5" custom="readingOrder {index:4;}">
                <Coords points="856,1491 3794,1543 3275,1366 856,1370"/>
                <Baseline points="878,1463 967,1463 1057,1463 1146,1463 1236,1469 1326,1469 1415,1475 1505,1475 1595,1475 1684,1475 1774,1475 1863,1481 1953,1481 2043,1487 2132,1493 2222,1493 2311,1493 2401,1493 2491,1493 2580,1499 2670,1505 2759,1505 2849,1505 2939,1505 3028,1505 3118,1505 3207,1511 3297,1511 3387,1517 3476,1517 3566,1523 3656,1523 3745,1523 3805,1517"/>
                <TextEquiv>
                    <Unicode>ihrem Wesen gemäss darstellen, so rasch auf der Bühne vorüber-</Unicode>
                </TextEquiv>
            </TextLine>
            <TextLine id="tr_1_tl_6" custom="readingOrder {index:5;}">
                <Coords points="860,1652 3842,1764 3838,1624 3396,1527 860,1531"/>
                <Baseline points="884,1618 973,1618 1063,1618 1152,1618 1242,1624 1332,1624 1421,1624 1511,1624 1601,1630 1690,1630 1780,1630 1869,1636 1959,1636 2049,1636 2138,1642 2228,1642 2317,1648 2407,1648 2497,1648 2586,1648 2676,1654 2765,1654 2855,1660 2945,1660 3034,1660 3124,1660 3213,1666 3303,1666 3393,1666 3482,1678 3572,1672 3662,1678 3751,1678 3841,1678 3853,1678"/>
                <TextEquiv>
                    <Unicode>fliegen können, als die Gedanken im Kopfe des Dichters, die sie</Unicode>
                </TextEquiv>
            </TextLine>
            <TextLine id="tr_1_tl_7" custom="readingOrder {index:6;}">
                <Coords points="848,1865 1001,1841 1101,1865 1222,1816 1559,1820 1559,1708 1491,1672 1431,1708 1117,1680 1053,1708 952,1684 916,1712 848,1684"/>
                <Baseline points="872,1774 961,1768 1051,1768 1141,1774 1230,1774 1320,1774 1409,1774 1499,1774 1571,1780"/>
                <TextEquiv>
                    <Unicode>schufen." (58)</Unicode>
                </TextEquiv>
            </TextLine>
            <TextLine id="tr_1_tl_8" custom="readingOrder {index:7;}">
                <Coords points="1149,1981 3557,1985 3733,2082 3665,1800 1149,1869"/>
                <Baseline points="1170,1923 1260,1923 1350,1929 1439,1929 1529,1935 1618,1935 1708,1941 1798,1941 1887,1941 1977,1947 2066,1947 2156,1947 2246,1953 2335,1953 2425,1959 2515,1959 2604,1959 2694,1965 2783,1965 2873,1965 2963,1971 3052,1971 3142,1971 3231,1971 3321,1977 3411,1983 3500,1983 3590,1983 3679,1983 3739,1989"/>
                <TextEquiv>
                    <Unicode>With the cycle of four one-act playe whichernves its</Unicode>
                </TextEquiv>
            </TextLine>
            <TextLine id="tr_1_tl_9" custom="readingOrder {index:8;}">
                <Coords points="848,2098 3942,2214 3942,2066 3545,1989 844,1953"/>
                <Baseline points="866,2072 955,2072 1045,2072 1135,2078 1224,2078 1314,2084 1403,2084 1493,2090 1583,2090 1672,2090 1762,2096 1851,2096 1941,2096 2031,2102 2120,2102 2210,2108 2299,2108 2389,2108 2479,2108 2568,2120 2658,2120 2748,2120 2837,2120 2927,2120 3016,2120 3106,2126 3196,2126 3285,2126 3375,2132 3464,2132 3554,2138 3644,2138 3733,2138 3823,2144 3912,2144 3954,2144"/>
                <TextEquiv>
                    <Unicode>name from the first play in the group, Lebendige Stunden, Schnitz-</Unicode>
                </TextEquiv>
            </TextLine>
            <TextLine id="tr_1_tl_10" custom="readingOrder {index:9;}">
                <Coords points="844,2279 3798,2311 3794,2234 3215,2246 3054,2150 844,2162"/>
                <Baseline points="866,2228 955,2228 1045,2228 1135,2234 1224,2234 1314,2240 1403,2240 1493,2240 1583,2246 1672,2246 1762,2246 1851,2252 1941,2252 2031,2252 2120,2258 2210,2258 2299,2264 2389,2264 2479,2264 2568,2270 2658,2270 2748,2276 2837,2276 2927,2276 3016,2276 3106,2282 3196,2288 3285,2288 3375,2288 3464,2293 3554,2293 3644,2293 3733,2299 3805,2299"/>
                <TextEquiv>
                    <Unicode>ler again showed, by the reception of the oritics, that he is a</Unicode>
                </TextEquiv>
            </TextLine>
            <TextLine id="tr_1_tl_11" custom="readingOrder {index:10;}">
                <Coords points="832,2419 3854,2528 3850,2383 3066,2291 828,2323"/>
                <Baseline points="854,2377 943,2383 1033,2383 1123,2389 1212,2389 1302,2389 1391,2389 1481,2395 1571,2395 1660,2395 1750,2401 1839,2401 1929,2401 2019,2413 2108,2413 2198,2413 2288,2413 2377,2413 2467,2419 2556,2419 2646,2425 2736,2425 2825,2431 2915,2431 3004,2431 3094,2431 3184,2437 3273,2437 3363,2443 3452,2443 3542,2443 3632,2449 3721,2461 3811,2467 3865,2473"/>
                <TextEquiv>
                    <Unicode>master of the "one-soter". especially the two one-act playe Die</Unicode>
                </TextEquiv>
            </TextLine>
            <TextLine id="tr_1_tl_12" custom="readingOrder {index:11;}">
                <Coords points="820,2576 3842,2624 3741,2524 2922,2435 816,2439"/>
                <Baseline points="842,2544 931,2538 1021,2538 1111,2544 1200,2544 1290,2544 1379,2544 1469,2544 1559,2550 1648,2550 1738,2556 1828,2556 1917,2556 2007,2556 2096,2562 2186,2562 2276,2568 2365,2568 2455,2568 2544,2574 2634,2574 2724,2574 2813,2580 2903,2580 2992,2586 3082,2592 3172,2586 3261,2592 3351,2592 3440,2598 3530,2598 3620,2598 3709,2592 3799,2604 3853,2610"/>
                <TextEquiv>
                    <Unicode>letzten Masken and Literatur were very favorably received. "Nur</Unicode>
                </TextEquiv>
            </TextLine>
            <TextLine id="tr_1_tl_13" custom="readingOrder {index:12;}">
                <Coords points="832,2777 1539,2709 3866,2833 3862,2697 3404,2608 832,2648"/>
                <Baseline points="854,2694 943,2694 1033,2694 1123,2694 1212,2694 1302,2700 1391,2700 1481,2700 1571,2706 1660,2706 1750,2712 1839,2712 1929,2712 2019,2712 2108,2718 2198,2724 2288,2724 2377,2724 2467,2730 2556,2730 2646,2730 2736,2736 2825,2736 2915,2742 3004,2736 3094,2742 3184,2742 3273,2748 3363,2748 3452,2748 3542,2753 3632,2753 3721,2759 3811,2759 3877,2759"/>
                <TextEquiv>
                    <Unicode>ein Linakter, aber eine Tragödie des Neides, so erschütternd, wie</Unicode>
                </TextEquiv>
            </TextLine>
            <TextLine id="tr_1_tl_14" custom="readingOrder {index:13;}">
                <Coords points="820,2902 3906,2930 3661,2765 816,2777"/>
                <Baseline points="842,2843 931,2843 1021,2849 1111,2849 1200,2849 1290,2849 1379,2855 1469,2861 1559,2861 1648,2861 1738,2861 1828,2867 1917,2867 2007,2873 2096,2873 2186,2873 2276,2879 2365,2879 2455,2885 2544,2885 2634,2885 2724,2885 2813,2891 2903,2897 2992,2891 3082,2897 3172,2897 3261,2897 3351,2897 3440,2903 3530,2903 3620,2909 3709,2909 3799,2915 3889,2921 3912,2921"/>
                <TextEquiv>
                    <Unicode>ich sie kaum je auf der Bühne gesehen habe". (59) was Karl Franzos</Unicode>
                </TextEquiv>
            </TextLine>
        </TextRegion>
        <TextRegion id="tr_2" custom="readingOrder {index:1;}">
            <Coords points="788,2948 4020,2948 4020,4860 788,4860"/>
            <TextLine id="tr_2_tl_1" custom="readingOrder {index:0;}">
                <Coords points="836,3034 3850,3155 3846,2966 3545,2906 832,2902"/>
                <Baseline points="860,3004 949,2998 1039,3004 1129,3004 1218,3004 1308,3010 1397,3010 1487,3016 1577,3016 1666,3016 1756,3022 1845,3022 1935,3022 2025,3022 2114,3028 2204,3028 2293,3028 2383,3034 2473,3034 2562,3040 2652,3040 2742,3040 2831,3046 2921,3046 3010,3046 3100,3052 3190,3052 3279,3064 3369,3064 3458,3064 3548,3064 3638,3064 3727,3064 3817,3076 3853,3088"/>
                <TextEquiv>
                    <Unicode>opinion of the former, while of the latter he wrote: "Literatur</Unicode>
                </TextEquiv>
            </TextLine>
            <TextLine id="tr_2_tl_2" custom="readingOrder {index:1;}">
                <Coords points="812,3203 3669,3263 3782,3159 3135,3058 1186,3102 808,3026"/>
                <Baseline points="830,3154 919,3154 1009,3154 1099,3154 1188,3160 1278,3160 1368,3160 1457,3160 1547,3166 1636,3166 1726,3172 1816,3172 1905,3178 1995,3178 2084,3184 2174,3184 2264,3184 2353,3190 2443,3190 2532,3190 2622,3196 2712,3196 2801,3196 2891,3202 2980,3207 3070,3207 3160,3207 3249,3207 3339,3207 3429,3213 3518,3213 3608,3219 3697,3219 3787,3225 3793,3225"/>
                <TextEquiv>
                    <Unicode>ist das beste Stück des Cyklus. Er (Schnitzler) hat auf diesem</Unicode>
                </TextEquiv>
            </TextLine>
            <TextLine id="tr_2_tl_3" custom="readingOrder {index:2;}">
                <Coords points="796,3336 3729,3392 3725,3235 3488,3215 796,3235"/>
                <Baseline points="818,3309 908,3309 997,3309 1087,3315 1176,3315 1266,3321 1356,3321 1445,3321 1535,3327 1624,3327 1714,3333 1804,3327 1893,3333 1983,3333 2072,3333 2162,3339 2252,3339 2341,3345 2431,3345 2520,3345 2610,3351 2700,3351 2789,3357 2879,3357 2969,3363 3058,3363 3148,3363 3237,3369 3327,3369 3417,3375 3506,3369 3596,3375 3685,3375 3739,3375"/>
                <TextEquiv>
                    <Unicode>seinem ureigensten Boden vorher kaum besseres geleistet." (60)</Unicode>
                </TextEquiv>
            </TextLine>
            <TextLine id="tr_2_tl_4" custom="readingOrder {index:3;}">
                <Coords points="796,3464 3778,3617 3774,3468 3520,3388 792,3364"/>
                <Baseline points="818,3452 908,3458 997,3464 1087,3464 1176,3470 1266,3470 1356,3470 1445,3476 1535,3476 1624,3476 1714,3482 1804,3482 1893,3488 1983,3488 2072,3494 2162,3494 2252,3494 2341,3494 2431,3500 2520,3500 2610,3506 2700,3512 2789,3512 2879,3512 2969,3512 3058,3518 3148,3518 3237,3524 3327,3524 3417,3536 3506,3536 3596,3542 3685,3536 3775,3548 3787,3548"/>
                <TextEquiv>
                    <Unicode>Max Lorenz was generous with his praise. He called Die letzten</Unicode>
                </TextEquiv>
            </TextLine>
            <TextLine id="tr_2_tl_5" custom="readingOrder {index:4;}">
                <Coords points="792,3669 3504,3725 3866,3629 3038,3524 788,3528"/>
                <Baseline points="812,3620 902,3620 991,3620 1081,3626 1170,3632 1260,3626 1350,3632 1439,3632 1529,3632 1618,3638 1708,3638 1798,3638 1887,3638 1977,3644 2066,3650 2156,3650 2246,3650 2335,3656 2425,3656 2515,3662 2604,3662 2694,3662 2783,3667 2873,3667 2963,3667 3052,3673 3142,3673 3231,3679 3321,3679 3411,3685 3500,3685 3590,3685 3679,3691 3769,3691 3859,3697 3877,3697"/>
                <TextEquiv>
                    <Unicode>Marken den zweitbesten Einakter, der in Deutschland geschrieben</Unicode>
                </TextEquiv>
            </TextLine>
            <TextLine id="tr_2_tl_6" custom="readingOrder {index:5;}">
                <Coords points="784,3774 1350,3862 3766,3854 3762,3713 3605,3693 3115,3790 2785,3673 784,3673"/>
                <Baseline points="806,3769 896,3769 985,3775 1075,3775 1164,3781 1254,3781 1344,3787 1433,3787 1523,3787 1612,3787 1702,3793 1792,3793 1881,3793 1971,3793 2061,3799 2150,3805 2240,3805 2329,3811 2419,3811 2509,3811 2598,3817 2688,3823 2777,3823 2867,3823 2957,3829 3046,3829 3136,3829 3225,3835 3315,3841 3405,3841 3494,3847 3584,3847 3673,3847 3763,3853 3775,3853"/>
                <TextEquiv>
                    <Unicode>ist, wenn Der grüne Kakadu der erstbeste ist, – und (er gibt)</Unicode>
                </TextEquiv>
            </TextLine>
            <TextLine id="tr_2_tl_7" custom="readingOrder {index:6;}">
                <Coords points="792,3954 3468,4003 3894,4103 3842,3934 3251,3934 3074,3838 792,3878"/>
                <Baseline points="812,3930 902,3930 991,3930 1081,3930 1170,3930 1260,3930 1350,3936 1439,3942 1529,3942 1618,3948 1708,3948 1798,3948 1887,3954 1977,3954 2066,3960 2156,3960 2246,3966 2335,3966 2425,3966 2515,3972 2604,3972 2694,3972 2783,3972 2873,3978 2963,3984 3052,3984 3142,3984 3231,3990 3321,3990 3411,3996 3500,3996 3590,4002 3679,4002 3769,4008 3859,4008 3906,4014"/>
                <TextEquiv>
                    <Unicode>einen 'Schwank', der sich sehen und hören lassen kann und der diese</Unicode>
                </TextEquiv>
            </TextLine>
            <TextLine id="tr_2_tl_8" custom="readingOrder {index:7;}">
                <Coords points="784,4107 4011,4208 4007,4083 3468,4003 784,4027"/>
                <Baseline points="806,4074 896,4080 985,4086 1075,4086 1164,4086 1254,4092 1344,4092 1433,4092 1523,4092 1612,4098 1702,4098 1792,4104 1881,4110 1971,4110 2061,4110 2150,4116 2240,4116 2329,4116 2419,4122 2509,4122 2598,4122 2688,4127 2777,4127 2867,4133 2957,4133 3046,4139 3136,4139 3225,4145 3315,4145 3405,4145 3494,4151 3584,4151 3673,4157 3763,4157 3853,4163 3942,4163 4020,4175"/>
                <TextEquiv>
                    <Unicode>vielverachtete Gattung wirklich und vielleicht zum ersten Male in die</Unicode>
                </TextEquiv>
            </TextLine>
            <TextLine id="tr_2_tl_9" custom="readingOrder {index:8;}">
                <Coords points="776,4288 3709,4368 3653,4163 772,4143"/>
                <Baseline points="794,4229 884,4235 973,4235 1063,4241 1152,4241 1242,4241 1332,4247 1421,4247 1511,4247 1601,4253 1690,4259 1780,4259 1869,4259 1959,4265 2049,4265 2138,4265 2228,4271 2317,4271 2407,4277 2497,4277 2586,4283 2676,4283 2765,4289 2855,4289 2945,4295 3034,4295 3124,4301 3213,4301 3303,4301 3393,4301 3482,4307 3572,4307 3662,4313 3715,4325"/>
                <TextEquiv>
                    <Unicode>literatur einführt.“ (61) Even Maximilian Harden, who found it</Unicode>
                </TextEquiv>
            </TextLine>
            <TextLine id="tr_2_tl_10" custom="readingOrder {index:9;}">
                <Coords points="776,4565 2580,4601 2576,4477 2447,4449 1744,4445 1660,4497 1463,4441 1206,4473 1021,4392 772,4429"/>
                <Baseline points="794,4534 884,4546 973,4552 1063,4552 1152,4552 1242,4564 1332,4558 1421,4564 1511,4558 1601,4564 1690,4564 1780,4564 1869,4576 1959,4576 2049,4576 2138,4581 2228,4581 2317,4581 2407,4581 2497,4587 2586,4593"/>
                <TextEquiv>
                    <Unicode>58. Op. cit.. V. 1433, July 15, 1903.</Unicode>
                </TextEquiv>
            </TextLine>
            <TextLine id="tr_2_tl_11" custom="readingOrder {index:10;}">
                <Coords points="772,4614 1017,4674 2962,4698 2962,4605 2644,4529 2568,4610 2246,4618 772,4561"/>
                <Baseline points="794,4611 884,4617 973,4629 1063,4623 1152,4623 1242,4623 1332,4635 1421,4641 1511,4635 1601,4641 1690,4641 1780,4647 1869,4659 1959,4647 2049,4647 2138,4653 2228,4653 2317,4659 2407,4659 2497,4659 2586,4665 2676,4671 2765,4665 2855,4671 2945,4677 2969,4683"/>
                <TextEquiv>
                    <Unicode>59. Deutsche Dichtung. XXXII. 47. April 1902.</Unicode>
                </TextEquiv>
            </TextLine>
            <TextLine id="tr_2_tl_12" custom="readingOrder {index:11;}">
                <Coords points="768,4698 1009,4758 2938,4770 2934,4698 2805,4674 1005,4682 764,4622"/>
                <Baseline points="788,4695 878,4701 967,4707 1057,4707 1146,4701 1236,4701 1326,4707 1415,4713 1505,4713 1595,4713 1684,4713 1774,4719 1863,4731 1953,4719 2043,4731 2132,4737 2222,4737 2311,4737 2401,4743 2491,4737 2580,4743 2670,4749 2759,4749 2849,4749 2939,4755"/>
                <TextEquiv>
                    <Unicode>60. Deutsche Dichtung. XXXII. 55, April 1902.</Unicode>
                </TextEquiv>
            </TextLine>
            <TextLine id="tr_2_tl_13" custom="readingOrder {index:12;}">
                <Coords points="772,4963 1772,4871 3311,4891 3247,4746 764,4714"/>
                <Baseline points="788,4779 878,4785 967,4785 1057,4779 1146,4785 1236,4791 1326,4791 1415,4797 1505,4797 1595,4797 1684,4797 1774,4803 1863,4803 1953,4809 2043,4814 2132,4814 2222,4814 2311,4820 2401,4820 2491,4814 2580,4826 2670,4826 2759,4826 2849,4832 2939,4838 3028,4838 3118,4838 3207,4838 3297,4844 3321,4850"/>
                <TextEquiv>
                    <Unicode>61. Preussische Jahrbücher, JVII, 173, February 1902.</Unicode>
                </TextEquiv>
            </TextLine>
        </TextRegion>
    </Page>
</PcGts>
