<?xml version="1.0" encoding="UTF-8" standalone="yes"?>
<PcGts xmlns="http://schema.primaresearch.org/PAGE/gts/pagecontent/2013-07-15" xmlns:xsi="http://www.w3.org/2001/XMLSchema-instance" xsi:schemaLocation="http://schema.primaresearch.org/PAGE/gts/pagecontent/2013-07-15 http://schema.primaresearch.org/PAGE/gts/pagecontent/2013-07-15/pagecontent.xsd">
    <Metadata>
        <Creator>prov=READ-COOP:name=TrHtr:version=2.1.0:model_id=51170:date=15_08_2023_13:10</Creator>
        <Created>2023-05-10T15:25:02.283+02:00</Created>
        <LastChange>2023-08-15T13:10:58.641+02:00</LastChange>
        <TranskribusMetadata docId="1429070" pageId="55435613" pageNr="61" tsid="132858428" status="IN_PROGRESS" userId="64420" imgUrl="https://files.transkribus.eu/Get?id=ZRSCGCXHTOCDLWUZWPMMXHGX&amp;fileType=view" xmlUrl="https://files.transkribus.eu/Get?id=EMCFBRLSLEFMYWZLBSPKWTNP" imageId="44709603"/>
    </Metadata>
    <Page imageFilename="1429070_0061.jpg" imageWidth="4376" imageHeight="5896">
        <ReadingOrder>
            <OrderedGroup id="ro_1711798471138" caption="Regions reading order">
                <RegionRefIndexed index="0" regionRef="tr_1"/>
                <RegionRefIndexed index="1" regionRef="tr_2"/>
            </OrderedGroup>
        </ReadingOrder>
        <TextRegion id="tr_1" custom="readingOrder {index:0;}">
            <Coords points="895,475 3974,475 3974,3029 895,3029"/>
            <TextLine id="tr_1_tl_1" custom="readingOrder {index:0;}">
                <Coords points="3534,532 3614,548 3660,525 3699,536 3725,509 3745,509 3745,440 3722,440 3672,406 3653,421 3622,417 3591,440 3534,429"/>
                <Baseline points="3556,525 3646,525 3735,525 3753,525"/>
                <TextEquiv>
                    <Unicode>2.b</Unicode>
                </TextEquiv>
            </TextLine>
            <TextLine id="tr_1_tl_2" custom="readingOrder {index:1;}">
                <Coords points="884,1011 3706,1034 3909,992 3909,816 884,907"/>
                <Baseline points="907,990 966,990 1056,990 1145,990 1235,990 1324,984 1414,984 1503,984 1593,984 1682,984 1772,978 1861,978 1951,978 2040,978 2130,978 2219,972 2309,972 2398,972 2488,972 2578,972 2667,972 2757,966 2846,972 2936,966 3025,966 3115,966 3204,960 3294,960 3383,960 3473,960 3562,960 3652,960 3741,954 3831,954 3920,960"/>
                <TextEquiv>
                    <Unicode>Loving wrote interviewe. The New York World of November 25, 1923</Unicode>
                </TextEquiv>
            </TextLine>
            <TextLine id="tr_1_tl_3" custom="readingOrder {index:2;}">
                <Coords points="873,1175 3875,1214 3936,980 3312,1072 873,1061"/>
                <Baseline points="895,1157 901,1157 990,1145 1080,1145 1169,1145 1259,1145 1348,1145 1438,1145 1527,1145 1617,1139 1706,1139 1796,1139 1885,1139 1975,1133 2064,1133 2154,1133 2243,1133 2333,1127 2422,1133 2512,1133 2601,1133 2691,1133 2780,1133 2870,1133 2959,1133 3049,1127 3138,1127 3228,1121 3317,1121 3407,1115 3497,1115 3586,1121 3676,1115 3765,1115 3855,1115 3944,1115"/>
                <TextEquiv>
                    <Unicode>had an article on Schnitzler's life, his appearance, his favorable</Unicode>
                </TextEquiv>
            </TextLine>
            <TextLine id="tr_1_tl_4" custom="readingOrder {index:3;}">
                <Coords points="900,1340 3767,1352 3821,1191 904,1221"/>
                <Baseline points="919,1306 966,1300 1056,1300 1145,1300 1235,1300 1324,1300 1414,1300 1503,1294 1593,1294 1682,1294 1772,1294 1861,1294 1951,1289 2040,1294 2130,1289 2219,1289 2309,1289 2398,1283 2488,1283 2578,1283 2667,1283 2757,1283 2846,1283 2936,1283 3025,1283 3115,1283 3204,1283 3294,1277 3383,1277 3473,1277 3562,1271 3652,1271 3741,1271 3831,1271"/>
                <TextEquiv>
                    <Unicode>occupations and so forth, and both the America Hebrew and the</Unicode>
                </TextEquiv>
            </TextLine>
            <TextLine id="tr_1_tl_5" custom="readingOrder {index:4;}">
                <Coords points="904,1509 3499,1524 3905,1482 3909,1321 904,1405"/>
                <Baseline points="924,1468 960,1462 1050,1462 1139,1462 1229,1462 1318,1462 1408,1462 1497,1456 1587,1456 1676,1456 1766,1450 1855,1450 1945,1450 2034,1450 2124,1450 2213,1450 2303,1450 2393,1444 2482,1444 2572,1444 2661,1444 2751,1438 2840,1438 2930,1438 3019,1438 3109,1438 3198,1438 3288,1438 3377,1432 3467,1432 3556,1432 3646,1432 3735,1432 3825,1426 3914,1426"/>
                <TextEquiv>
                    <Unicode>Jewich Exponent fastured articles written by Schnitzler, à quick</Unicode>
                </TextEquiv>
            </TextLine>
            <TextLine id="tr_1_tl_6" custom="readingOrder {index:5;}">
                <Coords points="881,1681 2799,1604 3940,1685 3940,1505 881,1543"/>
                <Baseline points="901,1629 907,1629 996,1617 1086,1611 1175,1611 1265,1611 1354,1611 1444,1611 1533,1611 1623,1611 1712,1605 1802,1605 1891,1605 1981,1605 2070,1605 2160,1611 2249,1611 2339,1605 2428,1605 2518,1599 2607,1599 2697,1599 2786,1593 2876,1593 2965,1593 3055,1593 3144,1593 3234,1593 3323,1593 3413,1587 3502,1587 3592,1587 3682,1587 3771,1587 3861,1581 3950,1569"/>
                <TextEquiv>
                    <Unicode>glance through the bibliography will show how many newspapers re-</Unicode>
                </TextEquiv>
            </TextLine>
            <TextLine id="tr_1_tl_7" custom="readingOrder {index:6;}">
                <Coords points="892,1811 1895,1857 3239,1746 3603,1838 3760,1822 3764,1681 896,1688"/>
                <Baseline points="913,1772 996,1772 1086,1766 1175,1766 1265,1766 1354,1766 1444,1766 1533,1766 1623,1766 1712,1760 1802,1760 1891,1760 1981,1760 2070,1760 2160,1760 2249,1754 2339,1754 2428,1754 2518,1754 2607,1754 2697,1754 2786,1748 2876,1748 2965,1748 3055,1748 3144,1742 3234,1742 3323,1742 3413,1742 3502,1742 3592,1736 3682,1736 3771,1736"/>
                <TextEquiv>
                    <Unicode>erved space for reviews of Schnitzler's works or perhaps for</Unicode>
                </TextEquiv>
            </TextLine>
            <TextLine id="tr_1_tl_8" custom="readingOrder {index:7;}">
                <Coords points="892,1960 3779,1956 3668,1784 892,1807"/>
                <Baseline points="913,1927 924,1927 1014,1927 1104,1927 1193,1927 1283,1921 1372,1921 1462,1921 1551,1921 1641,1921 1730,1921 1820,1915 1909,1915 1999,1915 2088,1915 2178,1915 2267,1915 2357,1909 2446,1909 2536,1909 2625,1909 2715,1903 2804,1903 2894,1903 2983,1903 3073,1897 3162,1897 3252,1897 3341,1897 3431,1897 3520,1897 3610,1897 3699,1891 3789,1903"/>
                <TextEquiv>
                    <Unicode>only a one-sentence announcement of a new publication. At any</Unicode>
                </TextEquiv>
            </TextLine>
            <TextLine id="tr_1_tl_9" custom="readingOrder {index:8;}">
                <Coords points="881,2113 3905,2087 3859,1979 3052,1934 884,2018"/>
                <Baseline points="907,2082 960,2082 1050,2082 1139,2082 1229,2082 1318,2076 1408,2076 1497,2076 1587,2070 1676,2070 1766,2070 1855,2070 1945,2070 2034,2070 2124,2070 2213,2064 2303,2064 2393,2064 2482,2064 2572,2064 2661,2058 2751,2058 2840,2058 2930,2058 3019,2058 3109,2058 3198,2052 3288,2052 3377,2052 3467,2046 3556,2046 3646,2046 3735,2046 3825,2040 3914,2034"/>
                <TextEquiv>
                    <Unicode>rate, the name "Schnitzler" has appeared in innumerable publica¬</Unicode>
                </TextEquiv>
            </TextLine>
            <TextLine id="tr_1_tl_10" custom="readingOrder {index:9;}">
                <Coords points="904,2263 3875,2297 3836,2117 904,2163"/>
                <Baseline points="924,2237 930,2237 1020,2237 1109,2237 1199,2237 1289,2231 1378,2231 1468,2231 1557,2231 1647,2231 1736,2231 1826,2225 1915,2225 2005,2231 2094,2225 2184,2225 2273,2219 2363,2219 2452,2219 2542,2219 2631,2219 2721,2219 2810,2213 2900,2213 2989,2213 3079,2213 3168,2208 3258,2208 3347,2208 3437,2208 3526,2208 3616,2202 3705,2202 3795,2202 3884,2208"/>
                <TextEquiv>
                    <Unicode>tions - some important, some very insignficant - from New York</Unicode>
                </TextEquiv>
            </TextLine>
            <TextLine id="tr_1_tl_11" custom="readingOrder {index:10;}">
                <Coords points="904,2477 1585,2393 3691,2458 3901,2293 904,2328"/>
                <Baseline points="924,2393 954,2393 1044,2393 1133,2393 1223,2387 1312,2393 1402,2387 1491,2387 1581,2387 1670,2387 1760,2381 1849,2381 1939,2381 2028,2381 2118,2381 2208,2381 2297,2375 2387,2375 2476,2375 2566,2375 2655,2375 2745,2375 2834,2375 2924,2369 3013,2369 3103,2363 3192,2363 3282,2363 3371,2363 3461,2363 3550,2363 3640,2357 3729,2357 3819,2357 3908,2369"/>
                <TextEquiv>
                    <Unicode>City to San Francisco and from St. Paul, Minnesota to Galveston,</Unicode>
                </TextEquiv>
            </TextLine>
            <TextLine id="tr_1_tl_12" custom="readingOrder {index:11;}">
                <Coords points="900,2596 3009,2535 3189,2611 3844,2554 3844,2431 900,2473"/>
                <Baseline points="919,2554 984,2548 1074,2548 1163,2548 1253,2542 1342,2542 1432,2542 1521,2542 1611,2542 1700,2542 1790,2542 1879,2536 1969,2536 2058,2536 2148,2536 2237,2536 2327,2536 2416,2530 2506,2530 2595,2530 2685,2524 2774,2524 2864,2524 2953,2524 3043,2524 3132,2518 3222,2518 3312,2518 3401,2518 3491,2518 3580,2518 3670,2518 3759,2518 3849,2518"/>
                <TextEquiv>
                    <Unicode>Texas. A one-aot satire entitled "Schnitzleresque", written by</Unicode>
                </TextEquiv>
            </TextLine>
            <TextLine id="tr_1_tl_13" custom="readingOrder {index:12;}">
                <Coords points="904,2745 3963,2699 3967,2565 907,2615"/>
                <Baseline points="924,2703 930,2703 1020,2703 1109,2703 1199,2697 1289,2697 1378,2703 1468,2697 1557,2697 1647,2697 1736,2697 1826,2697 1915,2697 2005,2697 2094,2691 2184,2691 2273,2691 2363,2691 2452,2685 2542,2685 2631,2685 2721,2685 2810,2685 2900,2679 2989,2679 3079,2679 3168,2679 3258,2673 3347,2673 3437,2673 3526,2673 3616,2673 3705,2667 3795,2673 3884,2667 3974,2679"/>
                <TextEquiv>
                    <Unicode>Carla Palm, was published in The Drama of 1924. There also exists</Unicode>
                </TextEquiv>
            </TextLine>
            <TextLine id="tr_1_tl_14" custom="readingOrder {index:13;}">
                <Coords points="904,2895 3235,2918 3894,2856 3894,2738 904,2749"/>
                <Baseline points="924,2864 948,2864 1038,2864 1127,2858 1217,2858 1306,2858 1396,2858 1485,2852 1575,2858 1664,2852 1754,2852 1843,2852 1933,2852 2023,2852 2112,2846 2202,2846 2291,2846 2381,2846 2470,2840 2560,2840 2649,2840 2739,2840 2828,2840 2918,2834 3007,2834 3097,2834 3186,2834 3276,2834 3365,2834 3455,2834 3544,2828 3634,2828 3723,2828 3813,2828 3902,2834"/>
                <TextEquiv>
                    <Unicode>a poem by Mabel Posegate entitled "Arthur Schnitzler" (Austrian</Unicode>
                </TextEquiv>
            </TextLine>
            <TextLine id="tr_1_tl_15" custom="readingOrder {index:14;}">
                <Coords points="896,3067 3905,3002 3905,2906 3323,2883 900,2929"/>
                <Baseline points="919,3019 960,3019 1050,3019 1139,3013 1229,3019 1318,3019 1408,3019 1497,3013 1587,3013 1676,3013 1766,3013 1855,3013 1945,3007 2034,3007 2124,3007 2213,3007 2303,3001 2393,3001 2482,3001 2572,3001 2661,2995 2751,2995 2840,2995 2930,2995 3019,2995 3109,2995 3198,2989 3288,2995 3377,2989 3467,2989 3556,2989 3646,2989 3735,2989 3825,2989 3914,2989"/>
                <TextEquiv>
                    <Unicode>Dramatist). This poem was published somehow about 1927 and ap-</Unicode>
                </TextEquiv>
            </TextLine>
        </TextRegion>
        <TextRegion id="tr_2" custom="readingOrder {index:1;}">
            <Coords points="913,3088 3986,3088 3986,5309 913,5309"/>
            <TextLine id="tr_2_tl_1" custom="readingOrder {index:0;}">
                <Coords points="892,3212 3963,3166 3886,3055 896,3078"/>
                <Baseline points="913,3186 930,3186 1020,3174 1109,3168 1199,3168 1289,3174 1378,3168 1468,3168 1557,3168 1647,3168 1736,3168 1826,3168 1915,3168 2005,3162 2094,3162 2184,3162 2273,3162 2363,3162 2452,3156 2542,3156 2631,3156 2721,3156 2810,3156 2900,3150 2989,3150 3079,3150 3168,3150 3258,3150 3347,3150 3437,3144 3526,3144 3616,3144 3705,3144 3795,3144 3884,3144 3974,3138"/>
                <TextEquiv>
                    <Unicode>peared in a newspaper, most likely from wattville. Tennessee. The</Unicode>
                </TextEquiv>
            </TextLine>
            <TextLine id="tr_2_tl_2" custom="readingOrder {index:1;}">
                <Coords points="904,3388 3140,3339 3408,3431 3936,3369 3940,3220 907,3216"/>
                <Baseline points="924,3335 996,3335 1086,3335 1175,3329 1265,3329 1354,3329 1444,3329 1533,3323 1623,3323 1712,3323 1802,3323 1891,3323 1981,3323 2070,3323 2160,3317 2249,3317 2339,3317 2428,3317 2518,3312 2607,3312 2697,3312 2786,3312 2876,3306 2965,3306 3055,3306 3144,3306 3234,3306 3323,3306 3413,3306 3502,3300 3592,3300 3682,3300 3771,3300 3861,3300 3950,3300"/>
                <TextEquiv>
                    <Unicode>only information of which I am sure is that there is such a poem</Unicode>
                </TextEquiv>
            </TextLine>
            <TextLine id="tr_2_tl_3" custom="readingOrder {index:2;}">
                <Coords points="900,3526 1620,3549 1861,3492 2244,3565 2416,3499 2695,3549 2730,3411 2573,3365 904,3411"/>
                <Baseline points="924,3491 948,3491 1038,3491 1127,3485 1217,3485 1306,3485 1396,3485 1485,3485 1575,3479 1664,3479 1754,3479 1843,3479 1933,3479 2023,3473 2112,3473 2202,3473 2291,3473 2381,3473 2470,3467 2560,3473 2649,3467 2739,3473"/>
                <TextEquiv>
                    <Unicode>and that its author is Mabel Fosegate.</Unicode>
                </TextEquiv>
            </TextLine>
            <TextLine id="tr_2_tl_4" custom="readingOrder {index:3;}">
                <Coords points="1141,3672 3461,3695 3856,3649 3856,3511 1141,3534"/>
                <Baseline points="1163,3652 1181,3646 1271,3646 1360,3640 1450,3646 1539,3640 1629,3640 1718,3646 1808,3640 1897,3640 1987,3634 2076,3634 2166,3634 2255,3634 2345,3634 2434,3634 2524,3628 2613,3628 2703,3628 2792,3622 2882,3628 2971,3628 3061,3628 3150,3622 3240,3622 3329,3622 3419,3616 3508,3616 3598,3616 3687,3616 3777,3616 3867,3622"/>
                <TextEquiv>
                    <Unicode>I should say that until abproximately 1S26 Schnitzler was</Unicode>
                </TextEquiv>
            </TextLine>
            <TextLine id="tr_2_tl_5" custom="readingOrder {index:4;}">
                <Coords points="904,3856 3438,3871 3982,3810 3982,3687 904,3729"/>
                <Baseline points="924,3801 942,3801 1032,3801 1121,3801 1211,3801 1300,3801 1390,3801 1479,3801 1569,3795 1658,3795 1748,3795 1838,3801 1927,3795 2017,3795 2106,3789 2196,3789 2285,3789 2375,3789 2464,3789 2554,3789 2643,3783 2733,3783 2822,3783 2912,3783 3001,3783 3091,3783 3180,3777 3270,3777 3359,3777 3449,3777 3538,3777 3628,3771 3717,3777 3807,3777 3896,3771 3986,3759"/>
                <TextEquiv>
                    <Unicode>known Lhiefly as a play-uriter, and primarily as a write of one</Unicode>
                </TextEquiv>
            </TextLine>
            <TextLine id="tr_2_tl_6" custom="readingOrder {index:5;}">
                <Coords points="915,3970 3660,4024 3867,3982 3867,3821 915,3879"/>
                <Baseline points="936,3956 1014,3956 1104,3956 1193,3956 1283,3956 1372,3956 1462,3956 1551,3950 1641,3950 1730,3950 1820,3950 1909,3950 1999,3950 2088,3944 2178,3944 2267,3944 2357,3944 2446,3944 2536,3944 2625,3944 2715,3938 2804,3938 2894,3938 2983,3938 3073,3938 3162,3932 3252,3932 3341,3932 3431,3932 3520,3932 3610,3932 3699,3938 3789,3938 3878,3950"/>
                <TextEquiv>
                    <Unicode>act playe. As late as November 9, 1929 Edwin Seaver in the New</Unicode>
                </TextEquiv>
            </TextLine>
            <TextLine id="tr_2_tl_7" custom="readingOrder {index:6;}">
                <Coords points="907,4173 3894,4143 3894,4024 3729,3978 907,3970"/>
                <Baseline points="930,4135 948,4129 1038,4117 1127,4117 1217,4117 1306,4117 1396,4111 1485,4111 1575,4111 1664,4111 1754,4111 1843,4105 1933,4105 2023,4111 2112,4105 2202,4099 2291,4099 2381,4099 2470,4099 2560,4099 2649,4099 2739,4093 2828,4093 2918,4093 3007,4087 3097,4087 3186,4087 3276,4093 3365,4093 3455,4087 3544,4093 3634,4093 3723,4087 3813,4093 3902,4099"/>
                <TextEquiv>
                    <Unicode>York Evening Post referred to "The Green Gockatoo" as "perhaps</Unicode>
                </TextEquiv>
            </TextLine>
            <TextLine id="tr_2_tl_8" custom="readingOrder {index:7;}">
                <Coords points="915,4288 3844,4307 3848,4147 915,4177"/>
                <Baseline points="936,4272 990,4272 1080,4266 1169,4272 1259,4266 1348,4266 1438,4266 1527,4266 1617,4266 1706,4266 1796,4266 1885,4266 1975,4260 2064,4260 2154,4260 2243,4254 2333,4260 2422,4260 2512,4260 2601,4254 2691,4254 2780,4254 2870,4254 2959,4248 3049,4248 3138,4242 3228,4248 3317,4248 3407,4242 3497,4242 3586,4248 3676,4242 3765,4242 3855,4248"/>
                <TextEquiv>
                    <Unicode>the most extraordinary one -act play written in our time." Two</Unicode>
                </TextEquiv>
            </TextLine>
            <TextLine id="tr_2_tl_9" custom="readingOrder {index:8;}">
                <Coords points="923,4491 3630,4464 3779,4438 3783,4315 927,4342"/>
                <Baseline points="942,4433 1014,4427 1104,4427 1193,4427 1283,4427 1372,4422 1462,4422 1551,4422 1641,4422 1730,4422 1820,4422 1909,4416 1999,4422 2088,4422 2178,4416 2267,4416 2357,4410 2446,4410 2536,4410 2625,4410 2715,4410 2804,4410 2894,4404 2983,4404 3073,4404 3162,4404 3252,4404 3341,4404 3431,4404 3520,4404 3610,4404 3699,4404 3789,4410"/>
                <TextEquiv>
                    <Unicode>of Schnitzler's one-act playa were published five times, two</Unicode>
                </TextEquiv>
            </TextLine>
            <TextLine id="tr_2_tl_10" custom="readingOrder {index:9;}">
                <Coords points="923,4602 3633,4629 3867,4602 3867,4480 923,4506"/>
                <Baseline points="942,4589 1008,4589 1098,4583 1187,4583 1277,4577 1366,4577 1456,4577 1545,4577 1635,4577 1724,4577 1814,4571 1903,4571 1993,4571 2082,4571 2172,4565 2261,4571 2351,4565 2440,4565 2530,4565 2619,4565 2709,4565 2798,4565 2888,4559 2977,4559 3067,4559 3156,4559 3246,4559 3335,4559 3425,4559 3514,4559 3604,4559 3693,4559 3783,4553 3872,4565"/>
                <TextEquiv>
                    <Unicode>others four times and four of them appeared in three different</Unicode>
                </TextEquiv>
            </TextLine>
            <TextLine id="tr_2_tl_11" custom="readingOrder {index:10;}">
                <Coords points="900,4774 3863,4824 3909,4663 3013,4579 904,4679"/>
                <Baseline points="919,4744 966,4738 1056,4738 1145,4738 1235,4732 1324,4732 1414,4738 1503,4738 1593,4738 1682,4732 1772,4732 1861,4732 1951,4732 2040,4732 2130,4732 2219,4726 2309,4720 2398,4720 2488,4720 2578,4720 2667,4720 2757,4714 2846,4714 2936,4714 3025,4714 3115,4714 3204,4714 3294,4714 3383,4714 3473,4714 3562,4714 3652,4714 3741,4714 3831,4714 3920,4726"/>
                <TextEquiv>
                    <Unicode>transnuons. (1) Of the stories only “The Blind Geronimo” ap-</Unicode>
                </TextEquiv>
            </TextLine>
            <TextLine id="tr_2_tl_12" custom="readingOrder {index:11;}">
                <Coords points="915,4924 3810,4947 3722,4790 915,4832"/>
                <Baseline points="936,4923 954,4917 1044,4911 1133,4905 1223,4905 1312,4899 1402,4899 1491,4899 1581,4899 1670,4899 1760,4899 1849,4899 1939,4899 2028,4899 2118,4899 2208,4893 2297,4893 2387,4893 2476,4893 2566,4887 2655,4887 2745,4887 2834,4887 2924,4881 3013,4881 3103,4881 3192,4881 3282,4881 3371,4881 3461,4881 3550,4881 3640,4881 3729,4881 3819,4887"/>
                <TextEquiv>
                    <Unicode>proaches such a record, it having been translated three times</Unicode>
                </TextEquiv>
            </TextLine>
            <TextLine id="tr_2_tl_13" custom="readingOrder {index:12;}">
                <Coords points="907,5096 3408,5111 3840,5077 3844,4928 911,5012"/>
                <Baseline points="930,5066 990,5066 1080,5066 1169,5060 1259,5060 1348,5054 1438,5054 1527,5054 1617,5054 1706,5054 1796,5048 1885,5048 1975,5048 2064,5048 2154,5048 2243,5048 2333,5042 2422,5042 2512,5048 2601,5042 2691,5042 2780,5042 2870,5042 2959,5042 3049,5036 3138,5036 3228,5042 3317,5042 3407,5042 3497,5042 3586,5042 3676,5042 3765,5042 3855,5042"/>
                <TextEquiv>
                    <Unicode>and published four times. In the past five years, however, the</Unicode>
                </TextEquiv>
            </TextLine>
            <TextLine id="tr_2_tl_14" custom="readingOrder {index:13;}">
                <Coords points="1616,5134 1937,5153 2228,5127 2301,5153 2531,5131 2531,5073 2305,5050 2106,5081 1872,5081 1838,5054 1616,5077"/>
                <Baseline points="1635,5114 1724,5114 1814,5120 1903,5114 1993,5120 2082,5114 2172,5114 2261,5114 2351,5114 2440,5114 2530,5120 2536,5120"/>
                <TextEquiv>
                    <Unicode>ʼosli ottai oleuksen osa</Unicode>
                </TextEquiv>
            </TextLine>
            <TextLine id="tr_2_tl_15" custom="readingOrder {index:14;}">
                <Coords points="915,5249 3687,5265 3821,5249 3821,5119 915,5142"/>
                <Baseline points="936,5227 960,5227 1050,5227 1139,5227 1229,5221 1318,5227 1408,5215 1497,5209 1587,5209 1676,5209 1766,5209 1855,5209 1945,5209 2034,5209 2124,5209 2213,5209 2303,5209 2393,5203 2482,5203 2572,5203 2661,5203 2751,5197 2840,5197 2930,5197 3019,5197 3109,5197 3198,5203 3288,5197 3377,5197 3467,5203 3556,5203 3646,5203 3735,5203 3825,5209"/>
                <TextEquiv>
                    <Unicode>1. ) See page 22 of the Essay, and also the Bibliography under</Unicode>
                </TextEquiv>
            </TextLine>
            <TextLine id="tr_2_tl_16" custom="readingOrder {index:15;}">
                <Coords points="1413,5379 2106,5333 2722,5391 2726,5222 1417,5238"/>
                <Baseline points="1432,5287 1521,5293 1611,5293 1700,5299 1790,5299 1879,5293 1969,5293 2058,5293 2148,5293 2237,5293 2327,5287 2416,5287 2506,5287 2595,5281 2685,5287 2733,5293"/>
                <TextEquiv>
                    <Unicode>Plays frequently published".</Unicode>
                </TextEquiv>
            </TextLine>
        </TextRegion>
    </Page>
</PcGts>
