4424 5880
824 732 3780 940 style of the writing - even in criaslation - is amooth, direct
836 836 3768 1012 and ample, a style which shows off subtle material to the best
828 928 3804 1072 advantage," (1) and "It is theinened and convincing work-
848 984 3864 1144 that has sircumsoribed in novelette form a theme that would have
848 1084 3716 1244 called for a full-Iength novel from another writer. It is ex-
832 1140 3912 1332 cellently translated." (2) No one was offended at the moral tone
848 1292 3872 1460 for it was "delieately and wisely done,” (3) for "Schnitzler is
844 1380 3848 1568 never the insipid writing with the tacks neavt morala and solution to
856 1456 3864 1628 the end of his tales. His brillant prove, theörvelous exposi-
860 1536 3832 1700 tion of the story, Neenes which make startling contrast as they
868 1604 3928 1784 unfold in unhurried sequence - these have gone into the making of
872 1688 3828 1864 a novel which leaves behind more than a void story, dream-like
860 1768 3884 1928 though it be." (4) Of the Simon and Schuster publications up to
864 1896 3896 2116 Dayersak H.E.Dounce like Fraulein aise best and Rhepsody second
868 2084 3884 2280 best, (5) and Hershell Brickell declared Khapsody his favorite.
872 2216 3724 2468 Buby Douglas included it in her colum "Things to read." (6)
868 2508 1432 2704 Baybreak
1144 2680 3968 2876 A reviewer of Spiel im Morgengrauen thought it was "poignant
892 2788 3780 2968 in itsRppeal and dramatie in its realism. (7) Reviewers of
904 2884 3844 3120 out the story: "Schnitzler at
896 3024 3700 3180 his best;” (8) in Topies theern theernuwer centinues concerning
2340 3116 4000 3276 "Truth to tell we've never read any-
908 3176 2296 3336 Schnitzler's work in general,
916 3272 3928 3432 thing by Schnitsler which was below par;” and in the New Yorker,
948 3392 3976 3584 "The books of Schnitzler are always interesting, invariably well-
916 3492 3900 3688 written and completely readable." (9) I do not remember having
904 3636 4028 3856 read a single word of disapproval, because, taking at rendom news-
920 3800 3920 3988 papers from everywhere in the United States, they read much the
2788 3940 3868 4096 " (10) “The best $1.50
920 3976 2740 4148 same: "Dome in Schnitzler's best style
920 4016 3968 4228 worth the season has provided, (11) "Gripping narrative, (12)
1584 4216 1924 4380 ========  =======
932 4336 4144 4508 1.) New York Gerald Tribune, Books, March 6. 1927. p 2. by B. Deutsch.
1656 4436 3456 4596 nes, Book Review, March 27, 1927, p 5.
1144 4520 1500 4620 New York
1596 4536 3080 4660 July, 1927, LXXXIII, no. 1, 76.
1548 4564 3640 4760 ranscript. Book Section, March 23, 1927, p 6.
1208 4600 1520 4788 Osten
928 4416 1108 4772 S. J
1528 4696 2896 4856 Evening Post. Nov. 26, 1927.
1184 4760 1380 4868 len
940 4744 1096 4856 5.
1144 4788 2668 4936 Neus (Clen Cove), Jan. 12, 1929.
1196 4880 2428 5012 Sookman, Aug. 1927, LXV, 6.
936 4888 4084 5104 6.) Tribune (New York City), Nov. 18, 1927, and Topies (Toledo.0.)
1532 5028 2204 5152 January, 1928.
948 5088 2400 5276 9.) Mew Iorker. Jan. 14, 1928.
1200 5152 2920 5316 ows (HäIeigh, H. C.). Jan. 22, 1928.
908 5196 1096 5320 10.
1248 5192 3608 5424 Plegraph (Macon, Ga.), Jan. 22, 1928, by A.B.Bernd.
896 5284 1112 5420 11.
1288 5340 3852 5516 lon. (Springfield, Mass.), Dec. 2. 1927. by A.J.Barone.
896 5372 1252 5516 12.) U
