4488 5640
2206 449 2379 607 4—
779 673 3735 890 Arthur Schnitzler - Dramatic Works - Transnuions into English
835 948 3474 1073 "The Vast Domain". Translated by E. Wotichy and A. Caro.
1934 1033 3180 1169 In Poet Lore, Boston, 1923.
2500 1084 3463 1232 Vol. 34, pp. 317-407.
823 1235 3062 1448 "Professor Bernhardi". Adapted by Mrs. E. Pohli.
2018 1401 2970 1559 San Francisco, 1913.
1820 1504 3066 1647 Little Blue Book, No. 226
823 1518 1687 1713 "The Anti-Semites",
1640 1614 3331 1790 Haldeman-Julius Co., Girard, Kansas.
835 1750 3323 1904 Professor Bernhardi". Translated by Hetty Landstone.
1981 1864 3283 1963 Faber & Gwyer, London, 1927.
1981 1919 3514 2092 Simon & Schuster, New York, 1928.
827 2084 3658 2276 "Comedies of words" ("The Houre of Recognition, The Big Scene,
1886 2231 3114 2353 The Festival of Bacchus "O.
1790 2323 3095 2448 Translated by Pierre Loving.
2261 2412 3095 2544 Cincinnatti, 1917.
835 2526 3371 2651 "The Festival of Bacchus". Translated by Pierre Loving.
2070 2588 3658 2779 In International, New York, 1916.
823 2765 3386 2915 "The hour of Recognition". Translated by Pierre Loving.
1926 2845 3474 2989 In International, New York, 1916.
2136 2945 3110 3103 Vol. 10, pp. 167-174.
2118 3088 3573 3231 Lowing Translation in F. Shay’s
835 3037 2033 3217 "The Festival of Bacchus".
1651 3136 3562 3331 Twenty-five short Plays. New York, 1924.
