4440 5736
1148 748 3132 1011 Sources used in Compiling the Bibliography
2181 963 3980 1229 edited by Marian A. Knight and Mertiee
826 1070 1718 1274 Book Reviev Digest
3440 1148 3836 1296 11y). W1
2407 1166 3262 1340 James, New York (a
2188 1263 3299 1477 edited by Fred V. Faxon
833 1311 1540 1540 Dramatio Index
2277 1366 3643 1514 Bosten (annually since 1909),
2273 1492 3232 1625 Boston Book Company.
2188 1540 3880 1770 Columbia University Press, New York,
848 1648 1577 1792 Germanie Review
2288 1692 3810 1873 April and July, 1929; Jan. 1930.
933 1711 2118 1903 (Schnitsler Bibliography)
2188 1829 3695 1981 compiled by Ina Ten Tyck Firkins.
844 1848 1999 2081 Index to Plays 1800-1926
2277 1885 4017 2103 New York, 1927, H. W. Wilson Company.
2188 2044 3732 2229 compiled by Ina Ten Eyck Firkins
848 2125 1929 2314 Index to boiort Stories
2288 2125 4047 2362 New York, 1923, H. W. Wilson Company.
855 2318 2010 2544 Librery ofacongress Bile
833 2414 3806 2636 New York Time Iudex (1913-1920/- New York Timea, Timeo Square,
2299 2573 2721 2747 New York
829 2673 3725 2892 Roaders Guide toqPeriodical Literature- Anna Lorraine Guthrie
2288 2784 3851 2958 Published annually, H. W. Wilson.
