<?xml version="1.0" encoding="UTF-8" standalone="yes"?>
<PcGts xmlns="http://schema.primaresearch.org/PAGE/gts/pagecontent/2013-07-15" xmlns:xsi="http://www.w3.org/2001/XMLSchema-instance" xsi:schemaLocation="http://schema.primaresearch.org/PAGE/gts/pagecontent/2013-07-15 http://schema.primaresearch.org/PAGE/gts/pagecontent/2013-07-15/pagecontent.xsd">
    <Metadata>
        <Creator>prov=READ-COOP:name=TrHtr:version=2.1.0:model_id=51170:date=15_08_2023_13:11</Creator>
        <Created>2023-05-10T15:25:06.538+02:00</Created>
        <LastChange>2023-08-15T13:11:06.823+02:00</LastChange>
        <TranskribusMetadata docId="1429070" pageId="55435775" pageNr="85" tsid="132858453" status="IN_PROGRESS" userId="64420" imgUrl="https://files.transkribus.eu/Get?id=MYLHAQARUDWNDPHPKYWGBMMO&amp;fileType=view" xmlUrl="https://files.transkribus.eu/Get?id=XDQKPAEUUPPKPIVAVBCCLZLL" imageId="44709765"/>
    </Metadata>
    <Page imageFilename="1429070_0085.jpg" imageWidth="4440" imageHeight="5800">
        <ReadingOrder>
            <OrderedGroup id="ro_1711798542033" caption="Regions reading order">
                <RegionRefIndexed index="0" regionRef="tr_3"/>
                <RegionRefIndexed index="1" regionRef="tr_2"/>
                <RegionRefIndexed index="2" regionRef="tr_1"/>
            </OrderedGroup>
        </ReadingOrder>
        <TextRegion id="tr_3" custom="readingOrder {index:0;}">
            <Coords points="757,636 3986,636 3986,2068 757,2068"/>
            <TextLine id="tr_3_tl_1" custom="readingOrder {index:0;}">
                <Coords points="1906,741 3506,719 3688,700 3692,613 2674,666 1910,605"/>
                <Baseline points="1927,733 1998,733 2088,727 2177,727 2267,727 2356,722 2446,722 2536,716 2625,716 2715,722 2804,710 2894,710 2983,704 3073,698 3162,698 3252,698 3341,692 3431,686 3520,686 3610,686 3699,686"/>
                <TextEquiv>
                    <Unicode>Friday, Aug. 8, p. 11, by Harry Hansen</Unicode>
                </TextEquiv>
            </TextLine>
            <TextLine id="tr_3_tl_2" custom="readingOrder {index:1;}">
                <Coords points="738,783 821,828 983,779 1112,821 1313,779 1452,794 1456,624 1362,647 1271,632 1176,692 1070,654 999,681 809,658 741,677"/>
                <Baseline points="757,781 835,769 924,769 1014,769 1103,757 1193,757 1282,757 1372,757 1461,757"/>
                <TextEquiv>
                    <Unicode>New York World</Unicode>
                </TextEquiv>
            </TextLine>
            <TextLine id="tr_3_tl_3" custom="readingOrder {index:2;}">
                <Coords points="1929,825 3972,806 3975,670 1933,741"/>
                <Baseline points="1951,811 2016,805 2106,805 2195,811 2285,805 2374,793 2464,793 2553,793 2643,793 2732,793 2822,781 2911,781 3001,775 3090,775 3180,775 3269,775 3359,775 3448,769 3538,763 3627,757 3717,763 3806,757 3896,757 3986,757"/>
                <TextEquiv>
                    <Unicode>Friday, Sept. 26, Casanova geta a elean bill</Unicode>
                </TextEquiv>
            </TextLine>
            <TextLine id="tr_3_tl_4" custom="readingOrder {index:3;}">
                <Coords points="1925,908 3374,847 3764,893 3907,866 3911,772 1925,825"/>
                <Baseline points="1945,883 2034,883 2124,889 2213,883 2303,883 2392,871 2482,871 2571,865 2661,865 2750,865 2840,859 2929,859 3019,853 3108,847 3198,847 3287,847 3377,841 3466,841 3556,841 3645,841 3735,841 3824,841 3914,841"/>
                <TextEquiv>
                    <Unicode>Oct. 4, Casanova to Grand Jury (on Oct. 6)</Unicode>
                </TextEquiv>
            </TextLine>
            <TextLine id="tr_3_tl_5" custom="readingOrder {index:4;}">
                <Coords points="1922,972 3313,968 3654,930 3658,862 1925,912"/>
                <Baseline points="1945,960 1963,960 2052,960 2142,960 2231,960 2321,954 2410,954 2500,948 2589,942 2679,942 2768,936 2858,936 2947,936 3037,930 3126,924 3216,924 3305,924 3395,918 3484,918 3574,918 3663,918"/>
                <TextEquiv>
                    <Unicode>Oct. 8, Jury to read Schnitsler book</Unicode>
                </TextEquiv>
            </TextLine>
            <TextLine id="tr_3_tl_6" custom="readingOrder {index:5;}">
                <Coords points="1937,1059 3639,1017 3737,1006 3737,923 1940,972"/>
                <Baseline points="1957,1044 2046,1038 2136,1038 2225,1038 2315,1038 2404,1032 2494,1032 2583,1026 2673,1020 2762,1014 2852,1014 2941,1014 3031,1014 3120,1008 3210,1008 3299,1008 3389,1002 3478,996 3568,996 3657,996 3747,990"/>
                <TextEquiv>
                    <Unicode>Nov. 16, Open letter by M. L. Schuster</Unicode>
                </TextEquiv>
            </TextLine>
            <TextLine id="tr_3_tl_7" custom="readingOrder {index:6;}">
                <Coords points="1948,1131 2640,1112 2731,1203 3408,1139 3824,1222 3877,968 3219,1048 1948,1059"/>
                <Baseline points="1969,1121 2004,1115 2094,1115 2183,1109 2273,1109 2362,1109 2452,1103 2541,1109 2631,1103 2720,1103 2810,1103 2900,1097 2989,1091 3079,1091 3168,1086 3258,1086 3347,1080 3437,1080 3526,1080 3616,1074 3705,1074 3795,1074 3884,1080"/>
                <TextEquiv>
                    <Unicode>(Seine letter published Nov, 9 in New York</Unicode>
                </TextEquiv>
            </TextLine>
            <TextLine id="tr_3_tl_8" custom="readingOrder {index:7;}">
                <Coords points="1937,1214 2035,1210 2107,1244 2194,1226 2315,1263 2428,1256 2508,1210 2591,1271 2659,1241 2659,1116 2636,1112 2572,1135 2542,1116 1937,1131"/>
                <Baseline points="1957,1199 2040,1199 2130,1193 2219,1193 2309,1187 2398,1187 2488,1187 2577,1187 2667,1181"/>
                <TextEquiv>
                    <Unicode>Merald Tribune)</Unicode>
                </TextEquiv>
            </TextLine>
            <TextLine id="tr_3_tl_9" custom="readingOrder {index:8;}">
                <Coords points="1944,1365 2421,1339 3018,1411 3412,1324 3733,1347 3737,1241 3578,1188 3435,1233 3079,1173 2360,1260 1952,1218"/>
                <Baseline points="1969,1354 2040,1354 2130,1354 2219,1348 2309,1348 2398,1342 2488,1336 2577,1336 2667,1336 2756,1336 2846,1330 2935,1330 3025,1324 3114,1324 3204,1318 3293,1318 3383,1312 3472,1312 3562,1306 3651,1306 3741,1306"/>
                <TextEquiv>
                    <Unicode>Sept. 26, Schnitzler book wins another</Unicode>
                </TextEquiv>
            </TextLine>
            <TextLine id="tr_3_tl_10" custom="readingOrder {index:9;}">
                <Coords points="749,1422 1048,1403 1335,1471 1369,1437 1865,1415 1869,1248 1774,1275 1710,1244 1555,1297 1365,1218 1256,1267 1214,1237 1086,1286 753,1294"/>
                <Baseline points="775,1390 799,1390 889,1384 978,1384 1068,1384 1157,1378 1247,1378 1336,1372 1426,1372 1515,1366 1605,1366 1694,1366 1784,1366 1873,1360"/>
                <TextEquiv>
                    <Unicode>New York Herald Tribune</Unicode>
                </TextEquiv>
            </TextLine>
            <TextLine id="tr_3_tl_11" custom="readingOrder {index:10;}">
                <Coords points="1940,1456 2152,1460 2220,1426 2258,1456 2640,1434 2640,1358 2595,1350 2436,1358 2417,1339 2247,1373 2201,1347 2069,1381 1944,1365"/>
                <Baseline points="1963,1444 2022,1438 2112,1438 2201,1426 2291,1426 2380,1420 2470,1420 2559,1420 2649,1414"/>
                <TextEquiv>
                    <Unicode>legel skirmich</Unicode>
                </TextEquiv>
            </TextLine>
            <TextLine id="tr_3_tl_12" custom="readingOrder {index:11;}">
                <Coords points="1952,1521 2273,1543 3003,1479 3143,1513 3321,1490 3325,1407 2776,1377 2546,1452 1956,1456"/>
                <Baseline points="1975,1503 1987,1509 2076,1509 2166,1515 2255,1515 2345,1515 2434,1497 2524,1497 2613,1491 2703,1491 2792,1485 2882,1485 2971,1479 3061,1479 3150,1473 3240,1473 3329,1467"/>
                <TextEquiv>
                    <Unicode>Oct. 1, Open letter by Sumner</Unicode>
                </TextEquiv>
            </TextLine>
            <TextLine id="tr_3_tl_13" custom="readingOrder {index:12;}">
                <Coords points="1948,1600 3650,1566 3741,1615 3801,1600 3805,1426 3529,1407 3158,1513 1948,1513"/>
                <Baseline points="1969,1587 2022,1587 2112,1587 2201,1581 2291,1587 2380,1575 2470,1575 2559,1569 2649,1569 2738,1569 2828,1563 2917,1563 3007,1557 3096,1557 3186,1551 3275,1551 3365,1551 3454,1545 3544,1539 3633,1539 3723,1539 3812,1539"/>
                <TextEquiv>
                    <Unicode>Oct. 4, Schnitzler book a Court veteran</Unicode>
                </TextEquiv>
            </TextLine>
            <TextLine id="tr_3_tl_14" custom="readingOrder {index:13;}">
                <Coords points="1967,1679 2092,1672 2130,1698 2322,1661 2375,1695 2402,1668 2614,1668 2617,1592 2364,1589 2304,1615 2145,1592 2073,1619 1967,1600"/>
                <Baseline points="1987,1670 1998,1664 2088,1664 2177,1664 2267,1658 2356,1658 2446,1652 2536,1652 2625,1646"/>
                <TextEquiv>
                    <Unicode>to face jurors</Unicode>
                </TextEquiv>
            </TextLine>
            <TextLine id="tr_3_tl_15" custom="readingOrder {index:14;}">
                <Coords points="1944,1759 3661,1774 3737,1717 3881,1748 3885,1600 3079,1642 2844,1589 2610,1672 1948,1687"/>
                <Baseline points="1969,1742 2010,1742 2100,1742 2189,1742 2279,1736 2368,1742 2458,1736 2547,1724 2637,1724 2726,1718 2816,1724 2905,1718 2995,1706 3084,1712 3174,1712 3263,1706 3353,1706 3443,1706 3532,1700 3622,1700 3711,1700 3801,1694 3890,1700"/>
                <TextEquiv>
                    <Unicode>Oct. 23, Casanova's Homecoming cleared by</Unicode>
                </TextEquiv>
            </TextLine>
            <TextLine id="tr_3_tl_16" custom="readingOrder {index:15;}">
                <Coords points="1967,1835 3034,1819 3037,1755 1971,1755"/>
                <Baseline points="1987,1819 2058,1819 2148,1819 2237,1819 2327,1813 2416,1813 2506,1808 2595,1802 2685,1802 2774,1802 2864,1796 2953,1796 3043,1790"/>
                <TextEquiv>
                    <Unicode>Grand Jury (on Oct. 22)</Unicode>
                </TextEquiv>
            </TextLine>
            <TextLine id="tr_3_tl_17" custom="readingOrder {index:16;}">
                <Coords points="1956,1914 3885,1895 3892,1736 1959,1831"/>
                <Baseline points="1975,1903 2016,1897 2106,1897 2195,1897 2285,1897 2374,1891 2464,1885 2553,1885 2643,1879 2732,1879 2822,1873 2911,1873 3001,1873 3090,1867 3180,1867 3269,1861 3359,1861 3448,1855 3538,1855 3627,1849 3717,1849 3806,1849 3896,1849"/>
                <TextEquiv>
                    <Unicode>Nov. 9. Open letter by M.L.Schuster (Sam</Unicode>
                </TextEquiv>
            </TextLine>
            <TextLine id="tr_3_tl_18" custom="readingOrder {index:17;}">
                <Coords points="1956,1993 3442,1967 3552,1952 3556,1865 1956,1918"/>
                <Baseline points="1975,1975 2040,1975 2130,1975 2219,1969 2309,1969 2398,1969 2488,1963 2577,1957 2667,1957 2756,1957 2846,1951 2935,1951 3025,1951 3114,1945 3204,1939 3293,1939 3383,1939 3472,1933 3562,1927"/>
                <TextEquiv>
                    <Unicode>as above, New York World, Nov. 16)</Unicode>
                </TextEquiv>
            </TextLine>
            <TextLine id="tr_3_tl_19" custom="readingOrder {index:18;}">
                <Coords points="1956,2077 2239,2141 2981,2046 3438,2084 3578,2031 3684,2092 3752,2065 3756,1922 1956,1990"/>
                <Baseline points="1975,2058 2064,2058 2154,2058 2243,2058 2333,2052 2422,2052 2512,2046 2601,2040 2691,2034 2780,2034 2870,2034 2959,2028 3049,2022 3138,2022 3228,2022 3317,2016 3407,2016 3496,2016 3586,2010 3675,2004 3765,1998"/>
                <TextEquiv>
                    <Unicode>Nov. 16, Open letter by John S. Sumner</Unicode>
                </TextEquiv>
            </TextLine>
        </TextRegion>
        <TextRegion id="tr_2" custom="readingOrder {index:1;}">
            <Coords points="799,2122 4087,2122 4087,3226 799,3226"/>
            <TextLine id="tr_2_tl_1" custom="readingOrder {index:0;}">
                <Coords points="1963,2266 3450,2243 3453,2084 3404,2065 3113,2122 2916,2073 2814,2130 2742,2088 1971,2126"/>
                <Baseline points="1987,2219 2028,2213 2118,2213 2207,2213 2297,2207 2386,2213 2476,2213 2565,2207 2655,2201 2744,2195 2834,2189 2923,2189 3013,2183 3102,2177 3192,2177 3281,2177 3371,2172 3460,2172"/>
                <TextEquiv>
                    <Unicode>Sept. 25, P.l, Book not observe</Unicode>
                </TextEquiv>
            </TextLine>
            <TextLine id="tr_2_tl_2" custom="readingOrder {index:1;}">
                <Coords points="775,2288 825,2292 855,2266 904,2288 995,2281 1142,2247 1184,2262 1210,2239 1347,2288 1411,2270 1411,2156 1377,2141 1226,2183 1180,2145 968,2111 923,2114 870,2160 779,2126"/>
                <Baseline points="799,2243 883,2243 972,2237 1062,2237 1151,2237 1241,2237 1330,2231 1420,2231"/>
                <TextEquiv>
                    <Unicode>New York Sun</Unicode>
                </TextEquiv>
            </TextLine>
            <TextLine id="tr_2_tl_3" custom="readingOrder {index:2;}">
                <Coords points="1963,2375 3930,2379 4013,2356 4017,2220 1967,2288"/>
                <Baseline points="1987,2368 2052,2362 2142,2356 2231,2356 2321,2356 2410,2356 2500,2351 2589,2351 2679,2345 2768,2345 2858,2339 2947,2333 3037,2333 3126,2333 3216,2327 3305,2327 3395,2327 3484,2321 3574,2321 3663,2321 3753,2321 3842,2315 3932,2309 4021,2315"/>
                <TextEquiv>
                    <Unicode>Sept. 25, Judge Gottlieb, "No Mid-Victorian"</Unicode>
                </TextEquiv>
            </TextLine>
            <TextLine id="tr_2_tl_4" custom="readingOrder {index:3;}">
                <Coords points="791,2428 862,2459 934,2409 1222,2394 1324,2443 1365,2425 1551,2478 1638,2451 1642,2311 1543,2292 1464,2326 1430,2300 976,2338 938,2300 866,2319 794,2288"/>
                <Baseline points="811,2392 841,2392 930,2392 1020,2392 1109,2392 1199,2386 1288,2386 1378,2386 1467,2380 1557,2374 1646,2374"/>
                <TextEquiv>
                    <Unicode>New York Telegram</Unicode>
                </TextEquiv>
            </TextLine>
            <TextLine id="tr_2_tl_5" custom="readingOrder {index:4;}">
                <Coords points="1978,2459 3249,2470 3321,2462 3325,2353 1978,2387"/>
                <Baseline points="1998,2446 2076,2440 2166,2440 2255,2434 2345,2428 2434,2428 2524,2428 2613,2422 2703,2422 2792,2428 2882,2416 2971,2416 3061,2410 3150,2410 3240,2416 3329,2422"/>
                <TextEquiv>
                    <Unicode>cleers Casannova's Homecoming</Unicode>
                </TextEquiv>
            </TextLine>
            <TextLine id="tr_2_tl_6" custom="readingOrder {index:5;}">
                <Coords points="1967,2557 2058,2553 2099,2591 2179,2561 2224,2599 2311,2576 2334,2595 2368,2591 2372,2432 2307,2428 2239,2481 2209,2455 2160,2447 2099,2470 2054,2455 1974,2459"/>
                <Baseline points="1993,2524 2022,2518 2112,2524 2201,2518 2291,2512 2380,2506"/>
                <TextEquiv>
                    <Unicode>sept. 27</Unicode>
                </TextEquiv>
            </TextLine>
            <TextLine id="tr_2_tl_7" custom="readingOrder {index:6;}">
                <Coords points="1971,2678 2723,2655 2848,2735 3139,2652 3824,2697 3873,2534 1974,2599"/>
                <Baseline points="1993,2673 2004,2673 2094,2673 2183,2673 2273,2667 2362,2673 2452,2667 2541,2661 2631,2661 2720,2655 2810,2655 2900,2655 2989,2649 3079,2649 3168,2643 3258,2643 3347,2637 3437,2637 3526,2637 3616,2631 3705,2631 3795,2631 3884,2625"/>
                <TextEquiv>
                    <Unicode>Sept. 26, (Long article) Schnitsler book</Unicode>
                </TextEquiv>
            </TextLine>
            <TextLine id="tr_2_tl_8" custom="readingOrder {index:7;}">
                <Coords points="806,2750 1014,2712 1120,2788 1180,2757 1278,2791 1471,2780 1517,2742 1555,2780 1698,2757 1812,2788 1816,2610 1608,2629 1502,2565 1396,2576 1271,2519 1237,2549 1101,2515 965,2568 809,2565"/>
                <Baseline points="829,2709 841,2703 930,2703 1020,2703 1109,2697 1199,2697 1288,2697 1378,2697 1467,2691 1557,2697 1646,2691 1736,2685 1825,2673"/>
                <TextEquiv>
                    <Unicode>New York Evening Post</Unicode>
                </TextEquiv>
            </TextLine>
            <TextLine id="tr_2_tl_9" custom="readingOrder {index:8;}">
                <Coords points="1978,2780 2061,2795 2198,2761 2315,2784 2387,2837 2447,2803 2557,2818 2682,2750 2769,2765 2769,2678 2712,2655 2682,2682 2428,2670 2394,2697 1978,2686"/>
                <Baseline points="1998,2756 2058,2750 2148,2750 2237,2750 2327,2744 2416,2744 2506,2738 2595,2738 2685,2732 2774,2738"/>
                <TextEquiv>
                    <Unicode>held not immoral</Unicode>
                </TextEquiv>
            </TextLine>
            <TextLine id="tr_2_tl_10" custom="readingOrder {index:9;}">
                <Coords points="1978,2935 2493,2988 3068,2894 3306,2947 3476,2905 3480,2810 2602,2780 2391,2837 2262,2773 2167,2822 1982,2784"/>
                <Baseline points="1998,2911 2052,2905 2142,2905 2231,2905 2321,2905 2410,2900 2500,2894 2589,2894 2679,2894 2768,2888 2858,2882 2947,2882 3037,2882 3126,2876 3216,2876 3305,2870 3395,2870 3484,2870"/>
                <TextEquiv>
                    <Unicode>Oct. 23, Sumner loses book case</Unicode>
                </TextEquiv>
            </TextLine>
            <TextLine id="tr_2_tl_11" custom="readingOrder {index:10;}">
                <Coords points="813,2954 1108,2992 1191,2954 1475,2965 1513,2954 1517,2848 1449,2814 1350,2841 1203,2788 1165,2818 1074,2799 1017,2837 991,2807 923,2826 817,2807"/>
                <Baseline points="835,2935 901,2935 990,2935 1080,2935 1169,2929 1259,2929 1348,2923 1438,2923 1527,2923"/>
                <TextEquiv>
                    <Unicode>New York Time</Unicode>
                </TextEquiv>
            </TextLine>
            <TextLine id="tr_2_tl_12" custom="readingOrder {index:11;}">
                <Coords points="3896,3041 3975,3034 3987,3045 4025,3030 4047,3041 4059,3034 4081,3037 4078,2931 4047,2924 4009,2928 3975,2909 3938,2913 3922,2924 3915,2916 3892,2916"/>
                <Baseline points="3914,3013 4003,3013 4087,3019"/>
                <TextEquiv>
                    <Unicode>etc.</Unicode>
                </TextEquiv>
            </TextLine>
            <TextLine id="tr_2_tl_13" custom="readingOrder {index:12;}">
                <Coords points="817,3105 1645,3185 2201,3056 3733,3041 3828,3030 3832,2886 821,3026"/>
                <Baseline points="841,3096 883,3090 972,3090 1062,3090 1151,3090 1241,3084 1330,3084 1420,3079 1509,3079 1599,3073 1688,3073 1778,3073 1867,3067 1957,3067 2046,3061 2136,3055 2225,3055 2315,3055 2404,3049 2494,3049 2583,3043 2673,3043 2762,3037 2852,3037 2941,3037 3031,3031 3120,3031 3210,3031 3299,3025 3389,3025 3478,3031 3568,3031 3657,3025 3747,3019 3836,3025"/>
                <TextEquiv>
                    <Unicode>ie Saturday Revicw of Literature Sept. 27, Comment on binding, type</Unicode>
                </TextEquiv>
            </TextLine>
            <TextLine id="tr_2_tl_14" custom="readingOrder {index:13;}">
                <Coords points="1971,3147 3737,3147 3877,3128 3881,2969 3726,3045 1971,3071"/>
                <Baseline points="1993,3138 2004,3138 2094,3138 2183,3138 2273,3138 2362,3132 2452,3120 2541,3120 2631,3120 2720,3114 2810,3114 2900,3114 2989,3108 3079,3108 3168,3108 3258,3108 3347,3102 3437,3096 3526,3102 3616,3096 3705,3090 3795,3090 3884,3096"/>
                <TextEquiv>
                    <Unicode>Nov. 1, List of Schnitzler's works which</Unicode>
                </TextEquiv>
            </TextLine>
            <TextLine id="tr_2_tl_15" custom="readingOrder {index:14;}">
                <Coords points="1990,3272 2232,3226 2421,3276 2568,3219 2928,3257 3151,3189 3699,3230 3703,3109 1993,3162"/>
                <Baseline points="2010,3216 2100,3216 2189,3210 2279,3210 2368,3204 2458,3204 2547,3204 2637,3204 2726,3198 2816,3198 2905,3198 2995,3192 3084,3192 3174,3186 3263,3186 3353,3186 3443,3180 3532,3180 3622,3174 3711,3174"/>
                <TextEquiv>
                    <Unicode>are available in English.translation</Unicode>
                </TextEquiv>
            </TextLine>
        </TextRegion>
        <TextRegion id="tr_1" custom="readingOrder {index:2;}">
            <Coords points="853,3291 3884,3291 3884,5201 853,5201"/>
            <TextLine id="tr_1_tl_1" custom="readingOrder {index:0;}">
                <Coords points="1191,3431 3412,3412 3419,3242 1766,3306 1566,3230 1195,3302"/>
                <Baseline points="1211,3413 1276,3401 1366,3401 1455,3395 1545,3395 1634,3395 1724,3389 1813,3389 1903,3389 1993,3377 2082,3371 2172,3371 2261,3371 2351,3365 2440,3365 2530,3365 2619,3353 2709,3353 2798,3347 2888,3353 2977,3347 3067,3347 3156,3341 3246,3341 3335,3341 3425,3341"/>
                <TextEquiv>
                    <Unicode>Chief Articles Concerning Casanova's Homecoming</Unicode>
                </TextEquiv>
            </TextLine>
            <TextLine id="tr_1_tl_2" custom="readingOrder {index:1;}">
                <Coords points="1203,3593 2807,3616 3491,3537 3491,3431 3329,3400 1207,3469"/>
                <Baseline points="1223,3568 1265,3550 1354,3550 1444,3550 1533,3544 1623,3550 1712,3550 1802,3544 1891,3538 1981,3532 2070,3532 2160,3526 2249,3532 2339,3526 2428,3520 2518,3520 2607,3514 2697,3514 2786,3514 2876,3508 2965,3502 3055,3502 3144,3502 3234,3502 3323,3496 3413,3502 3502,3508"/>
                <TextEquiv>
                    <Unicode>appearing in Newspapers outside of New York City.</Unicode>
                </TextEquiv>
            </TextLine>
            <TextLine id="tr_1_tl_3" custom="readingOrder {index:2;}">
                <Coords points="1233,3733 3544,3684 3654,3582 1233,3624"/>
                <Baseline points="1253,3705 1330,3699 1420,3693 1509,3699 1599,3693 1688,3693 1778,3693 1867,3687 1957,3681 2046,3681 2136,3675 2225,3675 2315,3675 2404,3675 2494,3669 2583,3669 2673,3669 2762,3663 2852,3663 2941,3669 3031,3657 3120,3651 3210,3651 3299,3651 3389,3651 3478,3645 3568,3645 3657,3639"/>
                <TextEquiv>
                    <Unicode>Note: Most of these articles -contain practically the</Unicode>
                </TextEquiv>
            </TextLine>
            <TextLine id="tr_1_tl_4" custom="readingOrder {index:3;}">
                <Coords points="840,3820 3593,3790 3699,3779 3703,3654 843,3699"/>
                <Baseline points="859,3795 936,3795 1026,3789 1115,3789 1205,3789 1294,3789 1384,3777 1473,3777 1563,3777 1652,3777 1742,3771 1831,3771 1921,3765 2010,3765 2100,3765 2189,3759 2279,3759 2368,3759 2458,3753 2547,3753 2637,3753 2726,3747 2816,3747 2905,3747 2995,3741 3084,3735 3174,3735 3263,3741 3353,3735 3443,3729 3532,3729 3622,3723 3711,3723"/>
                <TextEquiv>
                    <Unicode>same information as was in the New York City papers, with oc-</Unicode>
                </TextEquiv>
            </TextLine>
            <TextLine id="tr_1_tl_5" custom="readingOrder {index:4;}">
                <Coords points="843,3930 1116,3956 1331,3934 1487,3968 1713,3934 1713,3824 1619,3786 843,3824"/>
                <Baseline points="865,3878 918,3872 1008,3872 1097,3872 1187,3866 1276,3866 1366,3860 1455,3854 1545,3854 1634,3854 1724,3860"/>
                <TextEquiv>
                    <Unicode>casionalements.</Unicode>
                </TextEquiv>
            </TextLine>
            <TextLine id="tr_1_tl_6" custom="readingOrder {index:5;}">
                <Coords points="1668,4032 1838,4066 2069,4006 2304,4059 2451,3994 3261,4047 3264,3907 3105,3866 2682,3930 1672,3896"/>
                <Baseline points="1688,4009 1748,4009 1837,4009 1927,4003 2016,4003 2106,3997 2195,3997 2285,3991 2374,3991 2464,3991 2553,3986 2643,3986 2732,3986 2822,3986 2911,3980 3001,3974 3090,3974 3180,3968 3269,3974"/>
                <TextEquiv>
                    <Unicode>All dates refer to the year 1930.</Unicode>
                </TextEquiv>
            </TextLine>
            <TextLine id="tr_1_tl_7" custom="readingOrder {index:6;}">
                <Coords points="2020,4165 3537,4168 3745,4146 3748,3991 3484,4055 2020,4093"/>
                <Baseline points="2040,4159 2052,4153 2142,4159 2231,4147 2321,4147 2410,4147 2500,4147 2589,4147 2679,4135 2768,4135 2858,4135 2947,4135 3037,4129 3126,4123 3216,4129 3305,4129 3395,4135 3484,4123 3574,4117 3663,4111 3753,4111"/>
                <TextEquiv>
                    <Unicode>Aug. 17, Now, of all things, Casano'va</Unicode>
                </TextEquiv>
            </TextLine>
            <TextLine id="tr_1_tl_8" custom="readingOrder {index:7;}">
                <Coords points="832,4221 983,4267 1074,4217 1176,4240 1407,4187 1581,4259 1721,4252 1850,4187 1895,4202 1899,4085 1521,4108 1422,4055 1222,4070 1120,4036 836,4119"/>
                <Baseline points="853,4194 918,4188 1008,4182 1097,4182 1187,4182 1276,4176 1366,4176 1455,4170 1545,4176 1634,4176 1724,4170 1813,4170 1903,4176"/>
                <TextEquiv>
                    <Unicode>State (Columbia, S.C.)</Unicode>
                </TextEquiv>
            </TextLine>
            <TextLine id="tr_1_tl_9" custom="readingOrder {index:8;}">
                <Coords points="2114,4263 2727,4221 2996,4320 3298,4236 3805,4229 3839,4153 2114,4180"/>
                <Baseline points="2136,4224 2148,4230 2237,4224 2327,4218 2416,4218 2506,4218 2595,4218 2685,4218 2774,4218 2864,4212 2953,4212 3043,4212 3132,4206 3222,4206 3311,4194 3401,4194 3490,4194 3580,4194 3669,4188 3759,4188 3848,4188"/>
                <TextEquiv>
                    <Unicode>Gemecoming has been spied by J. Sumner</Unicode>
                </TextEquiv>
            </TextLine>
            <TextLine id="tr_1_tl_10" custom="readingOrder {index:9;}">
                <Coords points="2024,4339 2111,4380 2270,4323 2345,4339 2383,4304 2436,4342 2557,4323 2595,4354 2682,4316 2788,4339 2788,4229 2716,4217 2636,4244 2504,4217 2391,4270 2258,4270 2141,4233 2073,4165 2024,4168"/>
                <Baseline points="2046,4314 2082,4308 2172,4308 2261,4308 2351,4308 2440,4302 2530,4302 2619,4302 2709,4296 2798,4302"/>
                <TextEquiv>
                    <Unicode>(Revlev follows)</Unicode>
                </TextEquiv>
            </TextLine>
            <TextLine id="tr_1_tl_11" custom="readingOrder {index:10;}">
                <Coords points="843,4528 1687,4592 2670,4456 3208,4584 3764,4562 3696,4282 847,4369"/>
                <Baseline points="865,4499 912,4499 1002,4499 1091,4499 1181,4493 1270,4493 1360,4493 1450,4481 1539,4481 1629,4481 1718,4481 1808,4481 1897,4475 1987,4475 2076,4469 2166,4469 2255,4463 2345,4463 2434,4457 2524,4457 2613,4451 2703,4451 2792,4451 2882,4451 2971,4445 3061,4445 3150,4445 3240,4439 3329,4439 3419,4439 3508,4433 3598,4433 3687,4433 3777,4433"/>
                <TextEquiv>
                    <Unicode>Journal (Sloux City, Ia.) Aug. 19, John Sumner officiel snooper</Unicode>
                </TextEquiv>
            </TextLine>
            <TextLine id="tr_1_tl_12" custom="readingOrder {index:11;}">
                <Coords points="2001,4584 2084,4573 2137,4622 2224,4577 2288,4603 2425,4569 2546,4607 2720,4558 2826,4607 2886,4588 2890,4475 2432,4460 2387,4501 2251,4460 2205,4505 2005,4490"/>
                <Baseline points="2022,4552 2088,4546 2177,4546 2267,4546 2356,4540 2446,4540 2536,4540 2625,4534 2715,4534 2804,4534 2894,4534"/>
                <TextEquiv>
                    <Unicode>for New York City.</Unicode>
                </TextEquiv>
            </TextLine>
            <TextLine id="tr_1_tl_13" custom="readingOrder {index:12;}">
                <Coords points="840,4751 3442,4705 3832,4796 3873,4584 843,4634"/>
                <Baseline points="859,4743 930,4737 1020,4737 1109,4737 1199,4737 1288,4731 1378,4731 1467,4725 1557,4725 1646,4719 1736,4719 1825,4719 1915,4719 2004,4713 2094,4713 2183,4713 2273,4713 2362,4708 2452,4708 2541,4708 2631,4708 2720,4702 2810,4696 2900,4690 2989,4690 3079,4684 3168,4684 3258,4684 3347,4678 3437,4678 3526,4678 3616,4678 3705,4678 3795,4672 3884,4666"/>
                <TextEquiv>
                    <Unicode>Tennessean (Nashville, Teun.) Sept. 50, Return of a fandas lever</Unicode>
                </TextEquiv>
            </TextLine>
            <TextLine id="tr_1_tl_14" custom="readingOrder {index:13;}">
                <Coords points="2776,5042 2829,5057 2928,4993 2984,5035 3215,4997 3257,5038 3438,5019 3518,5050 3552,5038 3556,4868 3344,4849 3279,4883 3204,4842 3162,4861 2977,4830 2867,4868 2826,4830 2780,4834"/>
                <Baseline points="2798,5012 2846,5012 2935,5012 3025,5006 3114,5000 3204,5000 3293,5000 3383,4994 3472,5000 3562,4994"/>
                <TextEquiv>
                    <Unicode>Druck'a Homecoming.</Unicode>
                </TextEquiv>
            </TextLine>
            <TextLine id="tr_1_tl_15" custom="readingOrder {index:14;}">
                <Coords points="2012,5046 2239,5042 2322,5019 2466,5031 2523,5069 2633,5038 2633,4936 2614,4932 2527,4936 2493,4966 2417,4944 2258,4966 2156,4906 2012,4936"/>
                <Baseline points="2034,5030 2100,5030 2189,5024 2279,5024 2368,5018 2458,5018 2547,5018 2637,5024"/>
                <TextEquiv>
                    <Unicode>Sept. 23. Capitel,</Unicode>
                </TextEquiv>
            </TextLine>
            <TextLine id="tr_1_tl_16" custom="readingOrder {index:15;}">
                <Coords points="851,5084 1120,5069 1301,5099 1505,5069 1536,5095 1623,5091 1623,4921 1581,4902 1067,4898 1029,4921 995,4895 930,4932 851,4902"/>
                <Baseline points="871,5054 960,5054 1050,5054 1139,5054 1229,5054 1318,5048 1408,5048 1497,5048 1587,5048 1629,5054"/>
                <TextEquiv>
                    <Unicode>Cineinnati Post</Unicode>
                </TextEquiv>
            </TextLine>
            <TextLine id="tr_1_tl_17" custom="readingOrder {index:16;}">
                <Coords points="2167,5118 3696,5099 3699,4921 3574,4913 3389,5035 3211,4997 2984,5035 2686,4936 2489,5035 2167,5035"/>
                <Baseline points="2189,5095 2249,5095 2339,5095 2428,5095 2518,5089 2607,5083 2697,5083 2786,5083 2876,5072 2965,5077 2989,5072 3079,5077 3168,5072 3258,5072 3347,5072 3437,5066 3526,5060 3616,5060 3705,5072"/>
                <TextEquiv>
                    <Unicode>sitely Ironie observation of the</Unicode>
                </TextEquiv>
            </TextLine>
            <TextLine id="tr_1_tl_18" custom="readingOrder {index:17;}">
                <Coords points="2024,5212 2610,5246 2769,5193 3007,5273 3499,5186 3593,5239 3643,5099 2027,5137"/>
                <Baseline points="2046,5191 2130,5191 2219,5185 2309,5179 2398,5179 2488,5173 2577,5173 2667,5173 2756,5167 2846,5167 2935,5161 3025,5161 3114,5155 3204,5155 3293,5161 3383,5161 3472,5155 3562,5161 3651,5167"/>
                <TextEquiv>
                    <Unicode>great lower in his advanced years.</Unicode>
                </TextEquiv>
            </TextLine>
        </TextRegion>
    </Page>
</PcGts>
