4360 5832
1266 295 1469 510 B
2306 422 2912 664 Von tädtigkeit zu köpfel ist.
905 840 3963 1047 Minstrels of New Germany (1911) with the words "Vienna's essence:
928 1028 3852 1185 Arthur Schnitzler.” Schley Dukes followed the next year with a
917 1170 3871 1331 discussion of Schnitzler in his book Modern Dramatiste. In 1914
909 1327 3825 1496 there were discussion of Schnitzler in B.H. Clark's The Conti-
917 1485 3928 1653 nental Drame of To-day, in K.Nenderson's The Chenging Drama, and
909 1653 3737 1795 and in H.B.Samuel's Modernities. 1915 brought discussion by
909 1784 3767 1968 J.Huneker in lvory Apes and Pencocks and by L.Lawisohn in The
905 1926 3859 2133 Modern Drama. There were further chapters by two men, mentioned
909 2102 3940 2263 above, E.Henderson and L.Lawisohn who, in 1910, wrote respective-
886 2248 3967 2448 1. European Dramatists and The Spirit of Modern German Literature.
963 2440 3809 2574 glance at these titles will show in a moment that Schnitzler
879 2570 3894 2754 represented to them one of the modern dramatists. It this time I
875 2731 3924 2923 am not even mentioning the discussion which appeared in periodi-
875 2873 3829 3073 cals and in the introductions to certain oditions of the playe,
859 3038 3088 3234 but rather refer the render to my bibliography.
790 5152 3744 5317 1. ) For-publisher etc. see Bibliography p 13 - "Bocks contain-
1220 5267 2682 5375 ing discussion of Schnitzler“.
