4440 5512
3697 317 3875 573 21.
914 1030 3891 1227 in 1912. This drama brought forth a blood of disoussions about
925 1192 4038 1359 the Semitio question which, however, did not figure very promised
921 1336 3968 1518 ly in the more or less conservative periodical literature forming
910 1494 3867 1657 the basis of this study. KarlFrenzel said of it: "Das Stück,
910 1657 3716 1835 das ganz in der Wirklichkeit und Unmittelbarkeit des Lebens
910 1800 3867 1974 wurzelt und von der Kunst nur einen leisen Anhauch hat, war der
914 1928 3902 2164 litarische und theatralische Treffer der Spielzeit. Bescheiden
910 2114 2009 2315 aber nachhaltig." (86)
1223 2276 3968 2447 From this point on, however, Schnitzler no longer produced
910 2416 3743 2578 powerful dramas like Der Schleier der Bestrice and Der Junge
902 2574 3639 2752 Medardus. His journalistic comedy, Flink und Fliederbush,
898 2729 3860 2915 Die Schwestern, and Die Komödie der Verführung all show a weak-
914 2865 3689 3058 ening of his dramatie powers. On the other hand, since his
898 3031 3836 3221 fiftieth birthday (1912), he has turned his attention more and
910 3174 3898 3368 more to the novelette and has produced such masterpieces in this
914 3345 3949 3511 literary genre as Doktor Grässler, Badearzt, Casanovas Heimfahrt,
902 3500 3887 3674 Fräulein else. Traumnovelle, and Therese, works for which it is
910 3654 3693 3821 difficult to find equals in contemporary German estérature.
1223 3809 3898 4030 There remains one more work of Schnitzler's that was pro-
898 3964 3902 4115 duced in Berlin in the year before the outbreak of the war. The
887 4123 3867 4297 Deutsches Opernhaus in Charlottenburg staged a pantomine. Der
898 4274 3817 4467 Schleier der Pierette, in April 1913. (87) Arthur Schnitzler
902 4448 3821 4599 furnished the libretto and Ernst von Dohnanyi wrote the music.
879 4595 3980 4827 This pantomine, which rents on the plot of the renaissance drama,
887 4897 3051 5029 86. Deutsche Rundschau, CLVI, 152. July 1913.
898 5017 1096 5157 87.
1123 4982 3910 5184 It had previously been produced at the Opernhaus in Dresden
1134 5091 2083 5273 on January 22, 1910.
