4440 5496
3748 411 3926 588 18.
1071 882 4026 1087 eben diesem vom Theaterpublikum abgelehnten Einsamen Weg." (67)
1063 1067 3926 1240 Alfred Kerr, in his piquant styleund up the play as
1059 1164 4083 1389 Aschenmittwoch nach einem holden, eigentlich schon früher melan-
1071 1365 4002 1574 cholischen Karneval. Katzenjammer der Seele; Entsagen; Alter;
1067 1506 2786 1703 Schuldgefühl; sinkende Hüllen. (68)
1397 1651 4002 1860 The Grillparzer prise play Zwischenspiel. (69) did not
1071 1812 4050 2005 find great acclain among theoritios. Action is a quality that
1071 1981 4211 2162 the drama lacks and it is this that the orities seek most. If they
1063 2122 4171 2287 do not find it, they condemn the play. InnerBonflict constitutes
1051 2271 4127 2460 action of a sort; but in the early years of the twentieth century
1071 2436 4046 2621 this evidently was notreceiated. Here again, Schnitzler was
1059 2621 3938 2774 ehead of his times. Maximilien Harden said of it: "Zu viel
1047 2657 4284 2919 literatur und zu wenig Natur. Alles zu spitzig, zu überklügelt." (70
1043 2903 4220 3072 KarlFrenzel thought that das echte dramatische Leben, die frische
1051 3040 2082 3249 Bewegung fehlt." (71)
1361 3189 4272 3402 The unfavorable oriticisms of Zwischenspiel were but a s[l]ight
1059 3350 4062 3519 rustle in comparison with the storm of protest that greater Der
1047 3515 3998 3676 Ruf des Lebens in 1906. August Krause explained: Was zu viel
1043 3656 3990 3829 ist, ist zu viel! (72) Maximilien Harden bluntly said: "Soll
1047 3833 4022 3978 ich einfach sagen, dass ich selten erbärmlicheres, Widriges und
1047 3974 3974 4159 zugleich Langweiligeres auf einer Bühne sah? (73) And finally
2404 4119 2669 4300 entre le
1860 4143 2299 4304 périodieux
1027 4280 3503 4425 67. Westermanns Monatshefte, XCVI, 151, April 1904.
1035 4377 1212 4473 68
1272 4385 3161 4509 Die Neue Rundschau, XV. 504. April 1904.
1284 4409 3777 4614 See Das Literarische Scho, X. 738, February 15, 1908.
1031 4453 1200 4642 70.
1268 4538 3205 4658 Die Zukunft, LIII, 366, December 9, 1905.
1039 4598 1208 4735 71.
1280 4634 3273 4759 Deutsche Rundschau, CXXVII, 299, May 1906.
1043 4703 2987 4827 72. Nord und Süd. CkVIT. 441, June 1906.
1043 4771 3020 4968 73. Die Zukunft. LIV. 256. March 8, 1906.
2134 4864 3346 5025 1. lass-1415. October 1910
1977 4960 3446 5162 lass kommenhaft xxxv. 40 xxx
