4680 6168
2750 582 2977 826 1 1
2258 710 2448 888 -4-
698 974 3823 1346 undmenbtedly his most ambitious, even though not perhaps his most
760 1309 3906 1486 successful work. The novel “suffers” somewhat from lack of external
751 1453 3955 1631 action and too much discussion. A young baron falls in love with a
760 1610 3955 1784 Jewish girl. His Nassociation with her brings him into contact with
751 1771 3848 1969 various types of Viennese J déwe and the Jewish problem in Austria
751 1879 3959 2081 fills accordingly not a few of the pages. although the young baron
760 2031 4001 2267 feels that the girl does not share their characteristics, he is dis-
764 2221 4001 2411 turbed by her loyalty to the members of her race. He isels that she
772 2407 3918 2556 moves in a different world from his, and he is believed when their
764 2523 4054 2708 child dies at birth. He leaves her in order to find his way out into
784 2684 3935 2853 the open. But there does not seem to be any logical necessity for
772 2857 4050 3043 his breaking with her to find his way to freedom. Moreover, his awa-
780 2985 3959 3183 koning to the serious problem of life is not well blended with the
789 3167 3972 3353 tragedy of the young Jewish who yearns to rise above the sordidness
780 3328 4096 3505 of her environment, and yet cannot break the ties that bind her to it.
784 3509 4009 3658 But the love story is only of secondary importance. The great value
776 3642 3984 3819 of the book lies in the subtle characterization, in the richness of
789 3803 4050 3972 thought, in the many deep reflections on life, and in the discussion
772 3947 3947 4108 of the vital problem of the day. "Der Weg Ins Freie gehört zu den
784 4120 4063 4273 unerschöpflichen Büchern", weites Robert Specht, "zu denen man immer
772 4248 3968 4430 wiederkehrt; zu denen, die zuerst spielerisch, ja manchmal tändelnd
764 4410 3889 4587 und oberflächlich scheinen und die dann immer tiefere Kreise ent-
776 4575 4042 4756 hüllen, weil es ein Lebensbuch ist.” And Albert Soergel: "Staunens-
780 4723 4026 4872 wert bleibt, wie zwanglos um diese Liebesnovelle die Ausschnitte aus
784 4884 3964 5041 dem jüdischen Wien gruppiert sind, wie zwanglos mit dem Fortrücken
789 5033 4108 5223 der Handlung und Charakteristik der Liebenden die Charaktoristik einer
784 5157 3980 5372 grossen Zahl jüdischer Typen jeden Alters, Standes, und Geschlechts
772 5330 4075 5557 vorrückt, wie mit dem Abschluss der Geschichte der Liebenden auch die
