4424 5496
3645 328 3872 480 19.
2214 436 2474 619 1,1
875 735 4048 967 Leo Berg, in forceful words vrote: „Unter Leben scheint Schnitzler
867 923 4020 1067 nur noch das sexuelle Leben zu verstehen. Der Inhalt dieses Schau-
887 1075 3840 1247 spiels: erster Akt - Aufschrei der Vagins, zweiter Akt – beim
887 1211 3385 1379 flotten Leutnant, - dritter Akt - Katzenjammer!" (74)
1179 1407 3944 1547 The amphasis placed upon the sexual again gave theoritics
867 1515 3980 1694 cause for dissproving Komtesse Mizzi. This play, as Specht says,
879 1706 3956 1866 was probably not meant too seriously by the author. Specht calls
867 1822 3964 1994 it "ein Atemholen vor neuem Sichsammeln." (75) Otto Neumann-Hofer
867 2014 4004 2146 said: "die Polyandrie soll als gleichberechtigt mit der Polygamie
867 2130 3940 2338 erwiesen werden”. (76) and Fritz Telmann (77) echoes the cry that
907 2318 1802 2494 "enough is enough”.
1175 2446 3956 2630 The Raimund Blise was awarded Schnitzler for his drama Der
843 2598 3944 2765 Junge Medardus (78), the prolong to which was published in 1910 in
855 2757 3729 2925 Die neue Rundschau.(79) The Viennese premiere took place on
859 2953 3976 3081 November 24, 1910 at the Burgtheater, but the drame was not put on
875 3065 3888 3273 the board in Berlin until after 1914. The only accounts of Der
867 3221 3924 3385 Junge Medardus that found their way into Berlin perudical litera
863 3401 4036 3577 ture were the dea reporte from Vienna. They were all favorable,
843 3553 3920 3709 Ludwig Hirschfeld writing: "Der Medardus wird vor ausverkauften
843 3725 3916 3876 Häusern gegeben und erweist sich als der stärkste Erfolg, den das
831 3824 2849 3992 Burgtheater seit langem gehabt hat.“ (80)
3077 3896 3693 4016 minner. (84)
1167 4008 4044 4160 When Anatol was produced in Berlin in 1910, it received very
831 4180 4044 4344 little space in the periodicals under discussion. That the appella-
2729 4312 3968 4504 had its premiere in Berlin
839 4452 1015 4588 74.
1079 4444 3341 4608 Das Literarische Scho, VIII, 962, April 1. 1906.
835 4560 1007 4664 75.
1083 4576 1750 4688 Op. cit., 299.
835 4640 1011 4740 76.
1091 4592 2925 4760 Nord und Süd, C.L. 478. February, 1912.
3333 4552 3585 4811 hare et
843 4716 1007 4815 77.
1079 4724 3784 4851 Das Literarische Scho. XI. 671. February 1. 1909.
847 4792 1011 4919 78.
1071 4799 2897 4935 See Das Literarische Scho. XVI. 1086.
835 4871 1011 4979 79.
1067 4843 3341 5027 Die Neue Kundschen, XXI. 1386-1415. October 1910.
819 4907 3764 5171 80. Telhägen und Klassings Monatshefte. 108, Merch 1911.
