4424 5864
1244 288 1442 521 B
3567 363 3752 561 2b
743 743 3812 956 hard luok story of all time," (1) and "With all the charm of his
750 905 3930 1047 style and refreshing originality of his point of view. Schnitsler's
754 1007 3800 1173 newest book is padded to an insufferable length." (2) whereupon
766 1138 3887 1292 we quote, "It is a full-langth novel, but it has all the unity and
766 1252 3559 1371 swiftness of the shorter pieces, (3) finally. Theresa was
754 1339 3768 1548 inuluded in the "Six choice from late book list" of the Plain
758 1529 3725 1706 Dealer of Cléveland, Onio, (4) it was included in the Detroit
766 1631 3843 1837 Public February list for the week ending January 2, 1929, (5) and
758 1789 3930 2070 Eugene Lohrke, upon being asked what recent book he like, answered
747 2022 1375 2212 Theresa. (6)
916 2220 2141 2437 "The Jest" and "Aphorisms"
754 2255 920 2410 B.
988 2465 3776 2643 In 1920 "The Jest" ("Der Ehrentag") appeared in Charles H.
758 2587 3859 2769 Baker's volume of Rejections of 1927, and "Aphorisms", tranolated
774 2785 2706 2959 by Dorothy Alden, appeared in Plain Tank.
1983 2974 3113 3168 7. 1929 poittle Hovels
999 3180 3681 3429 Although Simon and Schuster published only one volume of
778 3381 3776 3531 Schnitzler's works in 1929 that one volume contained ten of the
774 3543 3843 3717 author's best short stories,uerefully solested and done into the
770 3713 3824 3875 best English by Gric Sutton. Five of the stories, "The Stranger",
798 3859 3642 4041 "The Prophecy", "Redegonda's Diary", "Dead Gabriel" and "The
774 4045 3914 4179 death of a Bachelor", had never been published in English; two had
774 4151 3737 4361 app..ared in The Dial - "The fate of the Baron" (1923) and "The
774 4282 3828 4503 Greek Canoing-Girl" (1921); "Andreas Thameyer's Last Letter" had
778 4464 3583 4689 been one of the Viennese Idylla of 1913: "The Murderer" was
991 4752 3658 4941 Chroniele (Honston, Texas), Oct. 28, 1928, - E. Wakefield.
770 4827 940 4981 1.
1762 4902 3851 5068 Newe, Oct. 25,oude, p 1* - Hedges Macdonald.
1082 4957 1359 5076 le Unkandt.
1434 4938 1612 5060 ersi.
1177 5001 3192 5174 inmerkler (Cleveländ. Ohio), Sept. 30, 1928.
1173 5088 1430 5202 16ld.
968 5131 2682 5301 Newa (Detroit, Mich.), Jan. 6, 1929.
952 5257 1781 5408 New York Herald
1817 5265 2785 5423 sibune. Dec. 2, 1928.
