4408 5864
1116 303 1420 502 que le
3933 607 4088 778 31
1836 852 2280 1050 5. 1927
899 1081 1478 1253 A. Rhapsody
1140 1307 3944 1498 In 1927, just as in the preceding year and in each succed-
902 1447 3882 1649 ing year except 1929, Simon and Schuster published two books by
902 1622 3715 1789 Schnitzler. Daybreak had never before been published in the
899 1789 3832 1953 c. United States but Rhapsody, A Dream Hovel, Otto P. Schinnerer's
910 1961 3968 2155 translation of Traumnovelle, had had predecessor in Vanity Fair
899 2120 3909 2283 oful926 - "Fridolin and Albertine", translated by Erich Posselt.
899 2256 3871 2408 before the latter had been translated Gabriele Reuter, in a re-
910 2408 3960 2579 view of “Two Nevels from Post-War Austria,” (1) wrote in connec¬
910 2560 3948 2707 tion with Traumnovelle: "When the name of Schnitzler is mentioned
902 2688 3991 2809 at literary discussion it oceasionally happens that someone says:
899 2746 3773 2855 I used to be accordingly fond of him, but since the war -- I
899 2840 3544 2918 don't know just why, but I can’t read him any more — –.
3594 2836 3812 2956 Mies
891 2914 3871 3019 Reuter explains, "The author has not changed - his artistry in
902 3003 3995 3108 desoribing the crotic regione of the soul has matured to the high-
899 3085 3804 3166 est point ofürfinement. His Hecommonly polished style retains
902 3155 3816 3244 its old totgic. We readers of day's gone by have grown older. In
910 3229 4038 3365 Traumnovelle the borderland between illusion and reality is½rapped
899 3310 3890 3415 in shadow so artistically that we never know whether the happen-
887 3388 3804 3489 ings are experienced or whether the visions he (Fridolin) sees
887 3470 3859 3583 are merely figments of his yearnings." Only one review which I
883 3594 3847 3750 read had even a hint of disapproval and that was far outweighed
887 3754 3816 3890 when its winter, who called it an "absurd tale," admitted "its
887 3867 3781 3956 saving grace lies in theJkill with which Schnitzler tells it,
891 3941 3847 4046 for once the book is picked up it is not easily laid down until
891 4026 3758 4120 completed.” (2) Ruth Sapin explained it “a fine fughetta of
899 4104 3832 4182 modern life," (3) Conrad Liken explained it "a poem of exqui-
887 4182 3839 4283 site richness and loveliness," (4) and others said, "It is ex-
887 4260 3789 4349 citing, it koeps you comathless, it is rich in profound little
899 4341 3781 4435 piotures of the soul,” (5) “As always with Schnitzler’s work.
887 4396 3890 4544 there is about this a genteleness and a dramatic simplicity which
3555 4489 3754 4633 “The
891 4485 3478 4594 translate Freudian ormplexity into fairemng prose, (6)
879 4742 3034 4898 1. New York Times, Book Review. July 4,1926.
867 4859 3380 5041 2.) Ziving Age (Böston), May 16, 1927, CCCXXXII, 447.
1070 5092 2898 5228 The Nation, April 20, 1927, CXXIV, 456.
879 5104 1035 5213 3.
1105 5170 3804 5314 New York Evening Post, Literary Review, April 2, 1927, p4.
1105 5310 3268 5388 New Republie (New York), April 6, 1927, L, 203.
879 5329 3979 5539 6.) lndependent (Bosten), March 19, 1927, CXVIII, no. 4007, p 320.
