4376 5832
1281 295 1459 481 B
2096 423 2274 656 18
3866 543 4025 718 21
869 831 3179 1110 1. Earliest translations of Ctories  1913-1917.
1102 1137 3788 1296 Thus far we have heard nothing of the prose translation.
889 1269 3776 1510 The first of them to appear was Viennese Idylls (1913), which
881 1428 3815 1653 continued six short stories translated by F. Eisemann. 11 but
893 1580 3901 1762 two of them "The Frerewoll" and "The sage's wife") were published
889 1758 3936 1925 at least once again. One of them, "The Eead are Silent", appeared
908 1929 3916 2073 the very next year in the Fortnightly keview (1) with the title
935 2042 3943 2274 "Dead Men tell no Tales", and again inNo 26-1928 in short Stories
912 2208 3870 2410 from Vanity Feir. The Fortnightly Revien of 1914 contained also
935 2360 4048 2534 “ghe never knew”, which appeared again with “Dead Man tell no Tales
904 2550 3932 2736 in Short Etories from Vanity pair. In 1917 Bertha Garlan, trans-
904 2709 3936 2872 lated by Agnes Jacques, who nine years later translated Beatrice,
920 2857 3753 3012 a sister story to this one, was published as a volume of The
908 3016 2853 3218 Modern February of the World’s Best Books.
908 3252 1537 3466 2. 1920-1924
1149 3493 3866 3633 In 1920, 1921 and 1922 The Dial published respectively the
916 3613 3691 3800 Etories "Crumbled Blossoms", "The Greek Dancer" and "Doctor
920 3745 3749 3971 Graesler". The last two of these were published twice again:
939 3912 3893 4118 "The Greek Dancer" in 1924 in Stories from the Biel and in 1929
916 4099 3757 4258 inetton’s translation of Little Hovels: Doctor Graester in
928 4234 3742 4409 E.G.Slade's translation being published in 1923 by T.Seltzer
935 4413 3761 4592 and in 1930 by Simon and Schuster. Casanova's Homecoming was
916 4592 3726 4758 Winted for subsoribers only in 1921 and was put on sale by
935 4751 3905 4890 T.Seltzer in 1912 but more will be heard of the history of this
939 4879 3967 5069 work in connection with Simon and Schuster's publication of 1930.
920 5065 3986 5247 In 1922 "The Blind Geronimo and his Brother" was also printed for
935 5360 4036 5535 1.) The Fortnightly Review is published in London and in New York.
