4392 5848
2171 410 2451 587 G. E. ö.
1898 299 2121 644 (1)
970 798 3950 1101 per fomance for subscribers only. Here was where Miss Colbron's
982 1051 3843 1250 translation went one step ahead of Mr. Samuel’s for here was
986 1200 3912 1404 the one used by the Klayers, In October, 1930 the play was re-
982 1373 3992 1572 vived by Eva Le Gallienne and given at the Civie Repertory Thea-
982 1480 3820 1749 ter as a curtain-reiser for The Lady from Alfredue. In the
970 1638 3843 1837 opinion of John Meson Brown "Schnitzler s fine playlet of the
970 1764 3893 1921 French Revolution was badly done. (1) Robert Garland gave an
959 1937 4046 2098 extremedly unfavorable report in which he said, among other things,
982 2071 3877 2220 "The la test addition to the Theater's (Civic Repertory's) list
963 2174 3870 2297 of importations fores badly at the hands of the cast. It neede
959 2243 3873 2428 lightening of its tones." (E) A less hargh criticism was that
970 2382 3816 2535 "It is a good piece of visional production but never Carages to
943 2481 3785 2612 be very portentous, as you have a feeling it should be. (3)
951 2631 3808 2796 Yet, although the production is severaly kriticised, the play
932 2761 1718 2945 itself never is.
924 2991 2336 3195 7. The history of Literature
1154 3218 3647 3440 önnning close to The Green Cockatoo in popularity is
913 3371 3820 3597 Literature. Like its Rival it was published in 1914 in German
909 3544 3850 3747 elassies and in 1917 in Anatol:Living Houre: The Green Cockatoo
920 3701 3873 3877 It was bound in the same volume with its Rival. Pierre Loving's
909 3854 3808 4042 translation appeared in The International in 1915, in 1917 in
913 4004 3965 4215 Comedies of Worde and Other Plays - "Literature" being one of the
947 4161 3835 4372 "Other Plays" -, and in 1920 as one of fifty Contemperary One-
917 4337 3862 4521 ïst Plays. This play also has three translators - du P.Coleman,
901 4510 3758 4698 P.Lowing and G.Colbron. It had been sucessfully produced in
897 4621 3939 4821 German together with Der grüne Kakadu and Die letzten Masken. (4)
1918 4847 2090 4928 ====
882 4851 3129 5043 1. ) New York Evening Post, Oct. 10, 1930, p 10.
897 4986 2627 5127 2. New York Telegram, Oct. 10, 1930.
874 5074 2485 5216 3.) New York times. Oct. 10, 1930.
886 5196 1630 5407 4.) See page 2.
