4328 5864
820 809 2033 1058 3. The history of Anatol
1047 1009 3669 1255 All of Schnitsler's works to be published in the United
820 1251 3665 1428 Etates until 1913 were playe. before 1911 very little notice
831 1379 3737 1587 was taken of Schnitzler, which can be proven by the fact that
820 1561 3801 1742 his name was frequently misspelled, appearing as Arthur Switch-
824 1693 3677 1886 lock, Schnitzer, and Snitehlock, After 1911, however, he
839 1878 3635 2041 was known as "the author of Anatol" the play which met with
831 2003 3624 2135 favor from all krities. One wrote: "nothing freaher or more
850 2112 3775 2222 original in the dramatie form has appeared for years than this
850 2195 3801 2328 sequence of dramatic Bealogues. Both in view of life and in the
839 2279 3730 2396 crisp and sparkling wit of the dialecte, there is much of the
843 2331 3775 2464 spirit of the English "Restoration“ Drama combined with aelle
850 2437 3662 2543 flavor of Musset’s Proverb”. (3) and another wrote: "These
850 2517 3673 2634 dialognes are very sprightly reading - though they are in no
843 2592 3718 2702 sense intended for the ubiquitous young person. Schnitzler is
839 2672 3775 2789 never course; nor is he insinusting, which is far worse. Toch-
843 2740 3544 2868 nically, his construction of these dialectes is well-nigh
850 2823 3775 2940 faultless. This subject-matter will bar them from the English
843 2902 3692 3042 speaking stage - with the possible exception of 'An Episode'
850 2981 3597 3129 which would make an excellent curtain-raiser." (4) In his
843 3083 3817 3276 prediction regarding the fate of Anatol on the stage our critic
850 3265 3688 3435 was mistaken. 1911, the year in which M. Kennerley published
843 3393 3767 3586 Granville Barker's translation of Anatol, saw also a very suc-
839 3567 3794 3783 cefeful production of five of its scenes at the little Theater
843 3733 3881 3903 in New York City. As a matter of fact this particular production
846 3885 3711 4104 left a very deep impression on the minds of the crities for,
850 4024 3741 4255 in a recent disoussion of the Anatol arrival due to arrive in
839 4206 3745 4376 New York City on Friday, January 16, 1931 with Joseph Schild-
835 4330 3824 4553 kraut playing the lead, - Ward Morehouse, recalling that it was
843 4516 3843 4689 at the little Theater "that John Barrymore held forth as Anatol
850 4655 3733 4890 back in 1911",jeggested that Mr. Blau, the present producer,
1062 4946 2384 5147 Boston Globe, June 29, 1901.
1096 5090 2566 5260 benienge American. July 15, 1901.
858 5037 1016 5230 2.
1470 5188 2528 5309 XIXIV, 205. Oct. 1911.
1130 5222 1383 5317 Dokman
1054 5286 2932 5434 New York Timee, XVI. 496, Aug. 13, 1911.
