4408 5880
1080 292 1462 540 R. B.
3567 374 3744 552 a1
836 792 1427 993 0. “Flovers“
1072 958 3756 1127 In 1927 "Flovers", a story which had already appeared in
832 1135 3697 1297 Vienne Idylls (1913), was selected by M.Lieber and Blanche
843 1289 3736 1454 Colton Williams as one of the Great Stories of all nations, a
843 1415 2337 1636 volume published by Brentano's.
1955 1663 2377 1837 6.oudre 1028
832 1892 1364 2097 A. Theresa
1084 2049 3752 2266 The two 1928 bblications of Schnitzler's works by Simon
843 2199 3874 2400 and Schuster were Professor Bernhardi and Theresa, the Chroniole
836 2392 3874 2546 of a woman's Life. In the case of Fraulein Else and Rhapsody the
843 2566 3823 2700 English translation had come one year after the German publica
836 2708 3835 2869 tion, now in the case of Theress the two come almost simultane-
847 2873 3977 3011 ously.desyone was anxious to read Therese since it was the first
843 2976 3756 3165 full-longth novel Schnitzler had written in twenty years, but
843 3157 3717 3338 many felt it came as a distinct disappointment after Rhapsody
847 3303 3571 3468 and Daybrak and that it was not as good as Fraulein Elee.
847 3488 4016 3657 Crities generally commend the novel as being "a powerful study" (2)
847 3626 3922 3799 but complain that it is too long and that there is too much repe-
843 3807 3878 3965 tition. As a matter of fact, some of the reviews of Theresa were
836 3969 4004 4071 in direct contradiction to others. Malcom Crowley said "skillfully
847 4071 3989 4186 translated”, (3) “3 reviewer in Cleveland said, ”The translation is
843 4142 3945 4225 excellent," (4) one in New York City said, "Ably translated," (5)
3220 4193 3953 4324 It is done into
855 4209 3161 4304 the Winter number of the Yale Review (1928) said,
1714 4292 3870 4430 but Robert O. Ballon said the taaslation is
843 4276 1707 4391 excellent English,
875 4367 3910 4477 ʒawkward and frequently even ungrammatical.” (6) Eevertheless he
820 4592 3870 4800 1.) For reviews etc. see Professor Bernhardl, tranelated by Ærs.
2913 4773 4087 4942 S. Aronson. (Dallas, rex.) N. 25, 25.
1040 4749 2755 4887 Newu ThallRabläxat 9l 5NotTage, 61928.
843 4777 3405 4954 3.) New York Herald Tribune, Books, Oct. 7, 1928. p 4.
1269 4931 3157 5041 also in Journal (ktlanta, Ga.), Oot. 21,
3181 4923 3445 5112 1928.
832 5013 3252 5187 4.) Plain Daler (Cleveland, Ohio), Sept. 30, 1928.
1379 5104 2400 5230 aProcury, Dec., 1928.
1238 5135 3070 5352 J Novn (Chiéago, 111.), Sept. 26, 1928.
