4440 5800
918 789 3611 1079 xxxnstav Beviæw of Literature July 21, IV, 1053, Review b
2324 966 3344 1099 A.W.G.Randall (600 w)
2320 1072 3540 1260 Nov. 10, V, wo 36, Review by
2320 1209 3560 1378 The Kdore Purdy Jr. (800 v)
903 1276 1751 1511 Survey (New York)
2304 1358 3748 1543 Jan. 1, 1929, IXI, 451, Review
2320 1433 3419 1621 by E.G. Seltzer (680 w)
903 1527 4058 1747 Beston Transcript Book Section-Nov. 10, p4. Review by O.B.P. (530 w)
899 1676 2104 1888 Boston Evening Transcript
2280 1692 3642 1931 Nov. 14 - Medici Long Review
887 1825 1303 2041 Bookman
2288 1876 3862 2127 Dec. LXVIII, no. 4, 481, Review by
2296 1978 3105 2143 Kewis Galantière.
887 2021 1236 2276 Nation
2292 2108 3756 2269 Nov. 14, CXXVII, 523, Review by
2280 2225 3423 2351 Joseph W. Krulch (680 w)
864 2273 1495 2496 New Republie
2276 2351 3615 2536 Oct. 31, LVI, 508, Review by
2284 2445 3289 2614 T.S. Matthews (220 w)
875 2563 3725 2748 Theater Guild Magazine (New York) - Jan. 1929 - Brief Review.
856 2673 1158 2846 Forum
2261 2704 3638 2924 Dec., LXXX, no. 6, XX, Review.
867 2842 2222 3042 Bocks Abroad (Norman, Okla.)
2261 2861 3450 3058 Jan. 1929, III, no.1, 76,
2253 3003 3344 3140 Review by S.M. Raunick.
844 3050 1970 3277 Beacon (Wichita, Kans.)
2245 3077 3587 3297 Feb. 3, 1929, Review by H.A.
844 3226 2116 3474 Plain Dealer (Cleveland, O.
2265 3285 3827 3517 Sept. 30 - Among six choices from
2253 3379 2991 3556 late book lista
840 3493 2084 3701 Dally Newe (omeno, Ill.)
2253 3517 3631 3721 Sept. 26. Review by Robert O.
2229 3623 3054 3756 Ballon (Portrait)
832 3662 1935 3933 fimas (Hartford, Conn.)
2229 3709 3646 3972 Oct. 6, Long Review by T.H.P.
2225 3850 3383 4000 Dr. Schnitzler, Atavist.
809 3898 1860 4133 Presse (Savannah, Ga.)
2229 3968 3921 4200 Oct. 6. Review by G.L. (medium long)
816 4078 2194 4306 Time Magasine (Cleveland,O.).
2222 4098 2932 4321 Oct. 8. Review
805 4243 1342 4443 New rker
2225 4235 3819 4522 Oct. 6. Review-Sympathetie, though
2222 4412 3093 4573 monotonous record.
805 4459 2065 4698 Register (Des Moines, Ia.)
2210 4529 3846 4714 Oct. 10 Theresa bored um profoundly
2214 4639 3811 4847 but we aren't a Schnitsler fan and
2194 4706 2751 4887 never were.
781 4698 1421 5024 Jewich World
2206 4836 3682 5059 Oct. 9, It has been compared by
2198 4942 3591 5138 Europenn orities to Jane Eyre
781 4985 1484 5260 Brocklyn Magle
2198 5095 3799 5256 Oct. 10. Reviev by Allen H. Keller
2198 5193 3580 5424 Schnitsler has unlovely nood.
