4344 5848
895 863 3834 997 trump the Deutsches Theater has played. Die letzten Masken, in
895 973 3822 1075 which Sauermann Srayed the journalist as Schnitzler visuellzed
891 1036 3779 1165 him, had a noisy success. There was extraordinary approval of
899 1095 3998 1279 the presentation in which the excellent troupe gave its best." (1)
887 1256 3963 1456 The play's were given on October 2:th and 31st and on November 1st
891 1365 3959 1605 and 2nd. Thereafter Literatur was often given at the living Place
875 1542 3885 1750 Theater. On November 29, 1912 Liebelei was produced. It was pe-
891 1695 3873 1852 peated on November 30th and December 1st. "A large audience saw
887 1832 3912 1930 a right presseworthy performance. There was atmosphere in it and
891 1899 3684 2017 for the most part Viennese atmosphere. Otto Stoeckel gave a
891 1974 3857 2103 good performance as Fritz and on the whole it was an impresive
891 2072 3735 2229 presentation." (2) Das weite Land was played from September
879 2193 3920 2354 29th until October 5th and again on October 9, 1915. In the cast
891 2335 3947 2515 were Arnold Korff and Iphigenie Buchmann who had played the parts
875 2476 3939 2649 of Hofreiter and Erna when the play was given at the Burg Theater
863 2652 3786 2829 in Vienna. Korff immediately became a great favorite. This is
879 2813 3688 2990 the only instance when one of Schnitzler's playe was put on
867 2970 3818 3147 every night for an entire week at the Irving Place Theater. It
844 3112 3751 3339 seems strange that Anatol was never produced at this theater,
867 3288 3814 3453 especially since it was given with such success in English. In
844 3422 3806 3590 1918 the presentation of German playe was discontinued and the
863 3594 4010 3782 theater seems to have gone out of existence as a German play House.
1589 4673 1989 4862 C.P.F.
1177 4803 1644 4991 Yorker St.
1679 4842 2111 5007 ats Zeit:
2158 4771 3261 4995 g. Oet. 30, 1907. p 11.
820 4834 3265 5120 2. Mev. Törker Staats zeitung, Nov. 30, 1912. p. 10.
