4328 5880
1462 822 2705 1051 Dramatie Works (continued)
1462 993 3822 1160 (Reigen) A cycle of ten Beilogues by A. Schnitzler
1007 1080 3673 1273 Completely rendered into English. Authorized translation.
800 1055 1407 1233 Hande Around
989 1116 3909 1345 New York, 1920, suivate Printing for subsoribers (1476 copies)
1425 1295 2727 1491 Translated by Pierre Loving
1007 1382 3527 1604 in Shay and loving's fifty Contemporery One-kot Plays
793 1389 1389 1553 “literature“,
1015 1556 1804 1665 Cincinnati, 1920.
1036 1556 2916 1742 (Also New York, 1925, D. Apploton & Co.)
793 1709 2971 1902 "Living hours", Translated by Grace I. Golbron
2567 1793 3134 1953 Dremetists
1036 1829 2491 1993 in Dickinson's Chief Contempor
1040 1953 1647 2058 Second Serieg
1036 1949 3262 2138 Beston, 1921, Houghton Mlifflin Co. pp. 493-303.
1873 2091 3265 2258 Translated by M. A. Jagendorf
807 2116 1822 2316 "The Gallant Cassian"
1694 2174 3338 2353 Boston, Dec. 1922, XXXIII, 507-520.
1036 2262 1651 2407 in Poet Lore.
1694 2316 3309 2491 Translated with an.introduction by
822 2385 1531 2534 "The Loney Way"
1694 2458 2400 2578 Edwin Björkman
1694 2462 3778 2662 or Boston, 1922, little, Brown and Co. 323 pages
840 2498 1422 2614 "Intermesse"
1724 2545 3796 2753 (Helf-title: The Modern Drama series, edited
880 2545 1665 2724 Countess Mizzie“)
2807 2636 3327 2785 (see 1915).
1749 2676 2662 2833 by Bäwin Björkman)
862 2811 3069 2996 “Countess Mizzie”, Translated by Edwin Björkman
3062 2804 3956 3007 Continental Author
1073 2905 2971 3076 in Moses” Representative One-Act Plays b
2967 2898 3196 3069 46.
1069 3007 2902 3164 Boston, 1922, Little, Brown and Co. pp.
880 3102 2927 3316 "Living House", Translated by Porter Davitts
1102 3153 3789 3374 in Ten-minute Plays, edited and with a foreword by loving
1084 3302 2891 3451 New York, 1923. Bretano's. pp. 37-57.
1109 3389 3665 3607 Vast Domain", (Das Weite Land), Authorized translation
1109 3534 2844 3702 by Edward Wotichy and Alexander Garo,
895 3494 1076 3654 "The
1091 3513 3753 3778 in Post Lors, Boston, Sept. 1933. XXXIV, no. 3. 317-407.
902 3764 2927 3953 "The Lonely Way", Translated by E. Björkman
1127 3818 3320 4000 in M.J. Moses' Representative Continental Dramm
2574 3804 3876 4011 (Edited with introductions)
2040 3931 2538 4073 Krausitional=
1127 4007 3338 4167 Ooston, 1524, little, Brown and Co. pp. 59-101.
1156 3978 1720 4113 Revolutionary
2153 4091 3465 4302 Trenslated by Pierre Loving
905 4138 2109 4345 "The Festival of Bacchus"
1956 4222 2745 4396 ty-five short Pln
1131 4291 1796 4422 in F. Shay's?
1127 4364 2625 4487 New York, 1 925, D. Appleton Co.
924 4422 3582 4643 "The Green Cockatoo", Translated by Grace Isabel Colbron
1149 4545 3182 4782 in The Golden Book, Nov.1926, IV, 637- G53.
1349 4683 3327 4916 Dr Berühardi, Translated by Hetty Landstone
1200 4763 3713 4982 New York, 1928, Simon and Schuster, $1.50, (see 1913).
949 4778 1364 4942 Professu
953 4898 2996 5160 "Lieht o' Lovo", Translated by B. A. Morgen
1185 5003 3593 5189 in Moderndontinental Plays, edited by S. M. Zucker
1175 5073 3640 5265 New York and London, 1929, Harper & Bro. pp. 669-695
1167 5142 3684 5378 (Plays and Flaywrighte series, edited by A. H. Quin)
