4408 5784
814 735 3567 1017 ie Saturday seviee of Literature April 23, III, etc. 752, Review by
2229 907 3000 1068 Ernest S. Bates.
814 1025 3156 1193 Springfield Republican (Mass) May 15, p7f (140 w)
806 1169 3950 1408 Beston Transcript Book Section-March 23, p6, Review by S.H. (800w)
1525 1334 3016 1647 Concerning The Road to the Open
810 1455 1212 1803 Bookman
2226 1557 3665 1756 April, 1923, LVII, 208 (250 v)
2229 1705 2918 1866 by H. W. Boynton
810 1780 1678 2038 Bosten Transcript
2229 1807 3751 2010 Feb. 3, 1923, p4. Review by I.G.
2229 1932 2644 2108 (1400 w)
825 2014 2867 2249 International Book Review - Literary Digest
2210 2100 3379 2362 March, 1923, p52 (700 w)
802 2280 2957 2542 Note: For Spiel im Morgengrauen see page 25.
1299 2546 3606 2836 Concerning the Theaterstäcke (Berlin Publication)
821 2785 1803 3000 Colonnade (New York)
2210 2746 3364 2926 Sept. 1914, VIII, 99-110
2222 2883 3536 3078 Review by Florence G. Jenney
1600 3035 2484 3289 Concerning Theresa
1107 3246 3606 3469 (All dates refer to 1928, unless otherwiseilsindicated)
794 3411 1858 3637 New York Evening Post
2210 3438 4005 3641 Sept. 28, Review by Bruce Gould (Long)
2210 3559 3794 3794 als, Saturday, Oct. 13, p11, Review by
2218 3680 3278 3845 Tess Slesinger (750 w)
794 3727 3606 3970 New York H Uerald Tribune Book Section-Aug. 19, p7, Review by
2198 3927 3458 4099 Ludwig Lewisohn (Portrait)
2229 4060 2707 4189 Oot. 7, p4
2761 4083 3606 4279 Review by Malcolm
2210 4146 2933 4298 Crowley (800 w)
802 4212 1936 4494 New York Herald Tribune
2198 4248 3630 4412 Dec. 2, Eugene Lohrke inoludes
2198 4306 3993 4549 Theresa in "Recent books I have 14ed"
806 4455 1439 4713 New York Sun
2186 4494 3790 4740 Oct. 6. p9. Review by H. W. Boynton
794 4670 1674 4885 New York Telegram
2198 4682 3735 4905 Oct. 6, Review - Schnitsler pro-
2210 4803 3266 4956 duces a powerful novel
2198 4846 4021 5116 July 22, pa. Review by Gabriele Reuter
778 4838 2061 5135 New York Timea Bock Review
2179 5049 3759 5304 Nov. 25, p###e (880 v)
