4680 6168
3033 542 3258 842 xx
2016 550 2371 804 -6-
3383 617 3970 850 1 '' „ „ 4'„ —
646 1008 3887 1362 offer him and only asks to be allowed to return to his work and to
725 1283 3233 1458 remain true to the highest Comals of his profession.
979 1425 3895 1587 Some of Schnitzler's other chief days are: Der grüne Kokadu
771 1608 3895 1758 (1892), Reigen (1900), Lebendige Stunden (four one-act playe), Der
758 1766 3750 1929 einsame Weg (1903), Marianetten (three one-act playe), Komtesse
771 1883 4041 2087 Mizzi (1907), Das weite Land (1910), Komödie der Worte (three one-act
767 2062 3995 2258 plays), Fink und Fliederbusch (1917), Komödie der Verführung (1924),
762 2208 4100 2421 Gang zum Weiher (1926). Some of his chief shortauries are: Sterben
783 2350 3825 2550 (1892), Die Frau des Weisen (1896), Der blinde Geronimo und sein
779 2496 3758 2750 Bruder (1900), Leutnant Gustl (1900), Frau Berta Garlan ( 1900),
779 2691 4008 2871 Die dreifache Warnung (1912), Die Hirtenflöte (1911), Frau Beate und
783 2825 3958 3050 ihr Sohn (1913), Doktor Gräsler (1917), Casanovas Heimfahrt (1918),
783 2987 3766 3221 Die Frau des Richters (1925), and Spiel im Morgengrauen (1927).
1012 3125 4041 3366 Schnitzler achieved his greatest success perhaps in the field of
787 3271 4095 3504 the one-act play, the fittest locale for nood, temperament, and atmos-
800 3437 3958 3683 phere. Here he is universally regarded as a supreme master and has
796 3612 3966 3800 scarcely a rival in German literature. "Am allerpersönlichsten und
800 3758 4079 3962 freisten ist denn auch Schnitzler in den kleinen Einaktern geblieben",
783 3925 4050 4125 weites Julius Bab. It would seem that his genus flames into greater
800 4108 3783 4258 intensity the more circumscribed the area is in which he works.
796 4220 4066 4458 Der Pupfenspieler which is here represented has for its motif the ironic
817 4366 4066 4562 tragedy of those people who believe that they can guide the destinies
796 4554 3845 4762 of others as if they were so many Kuppets and generally¬
808 4658 4070 4891 that fate has played with them instead. Again and again Schnitzler'
817 4845 3941 5095 characters come back to the point where they cannot differentiate
796 4966 4154 5187 between truth and illusion. That life is but a stage is a common idea
808 5141 4137 5374 in his works and has found perhaps its best expression in its briefest
808 5333 4100 5562 form in the words of Paracolsus in the one-act play of the same name:
1737 5524 2162 5720 mölisher.
