4472 5880
1701 726 2552 950 Arthur Schnitsler
986 847 3688 1111 Transletions into English published in the United States
2024 1056 2335 1225 tio We
1441 1082 3032 1335 (arranged in chronologiesl order)
858 1342 3688 1532 "The Lady with the Dagger", Translated by Helen Tracy Porter
1078 1470 3083 1642 in Poet Lore, Boston, 1904, XV, no. 2, 1-0
895 1624 2665 1811 The Lonely Way, Boston, 1904, Little.
876 1774 2123 1976 "The Wife". (Die Gefährtin
2159 1800 3428 2013 XXXIX, 553-ia56, Nov. 1905.
1093 1910 2112 2075 in Current Literature
887 2005 3113 2200 "Living Kours", Translated by Helen Trecy Porter
1093 2068 3325 2258 in Poet Lore, Boston, 1906, XVII, no. 1, 36-45.
939 2218 2728 2456 Countess Mizzie, Boston, 1907, Little.
913 2376 3681 2614 "The woman with the Dagger", Translated by Horace B. Samuel
1118 2475 3534 2647 in The Fortnightly Review, xcl, 1179-91, June 1909.
924 2607 3707 2834 "The Duke and the „Jotress”, (Der grüne Kakadu) Translated by
1126 2695 3868 2882 Hans Weyss in Poet Lore. Boston, 1910, XXI. no.4. 257-284.
902 2860 3072 3043 "Tho Legacy", Translated by Mary L. Stephenson
1133 2900 3461 3120 in Poet Lore, Boston, 1911, XXII, no. 4, 241-308.
950 3087 2526 3333 The Legacy, Boston, 1911, Badger.
935 3208 3527 3498 "A Christmas Present") (Part of Anatol) IV, 6-7; 23-24
2046 3325 3611 3487 in International, New York, 1911.
935 3410 1481 3556 "An Episode"
972 3472 3729 3699 Anatol: a sequence of dialectes,orsphrased by G.Karker,
3080 3556 3523 3666 125 pages
1166 3589 3043 3740 New York, 1911, M. Kennerley Co., $1.00,
1173 3600 3949 3828 (Kennerley out of business-selston, 1917, little, Brown Co.)
2673 3762 2973 3934 Morgen
953 3776 2607 4022 “Light o’ Lovo”, Translated by B.
1170 3861 3402 4077 in The Drama. Chicago. Aug. 1912. no. 7. 14-77.
964 4004 3912 4187 "Anatol", Tranolated by Granvilleawker (Soenes from the text)
1181 4062 4011 4304 in The Green Bookousasine, Chiesgo. Nov. 1912, VIII, 618-624.
1247 4257 2882 4451 Gane. Translated by P. H. Grummann
968 4326 1254 4520 Krae
1280 4374 2533 4542 sten, 1913, Badger, $1.25.
1991 4396 3941 4634 adaptation in English by Mrs. E. Pohli
1133 4524 1881 4707 Professor Bernhard
1133 4535 4033 4770 San Princisco, 1913, P. Elder Co. $1.00, 64 pages (see 1928)
1012 4726 3941 4946 Living Hours, four one-act playe. Translated by P.N. Grummann
1214 4872 2214 5045 Beston, 1913, Badger.
