4376 5848
820 755 3700 1024 Three of Schnitzler's play's were singled out to form a volume
828 924 3723 1186 of The modern Drums series, (1) and six of the one-act playe
824 1066 3919 1371 form a volume of The modern February of the World's Best Books. (2)
835 1232 3819 1540 This is only another indiostion of Schnitzler's recognition not
843 1405 3758 1682 merely as aniaustrian writor but as one who can take his place
859 1605 3731 1836 beside the best from all nations. This statement will perhaps
855 1679 3777 1948 beer more weight when strengthened by the fact that during the
882 1894 3800 2114 world War translations continued to be published in the United
870 2040 3927 2283 Stats. This might prove, among other things, that Schnitzler was
866 2168 3684 2429 not regarded as an Austrian and therefore an enemy, but as
882 2337 3638 2591 written whose works would be eagerly read. True, the German
893 2537 3777 2745 Theater in New York City closed, but that is no reflexion on
889 2699 3815 2891 the authors whose playe were produced there. Strangely enough,
901 2772 3888 3045 however, the year 1919 was void of all mention of Schnitzler in
916 2988 3862 3238 the United States. So far as I know there was not a word about
905 3149 3981 3376 him in any nowspaper, imagine or book of that year. What the this
916 3311 3827 3542 was pure accident or whether it was due to azustile reaction
936 3446 3958 3673 against the Iountries, seolaimed to be guilty of such desolation
943 3611 3812 3850 and loss of life, would be difficult to dontain, especially
939 3781 3815 4019 since the next year ushered Schnitzler into the United States
939 3996 1259 4185 again.
1163 4069 4000 4335 Not only were ceaders buying Schnitzler's books and Theater-
966 4239 4019 4516 goers attending his playe, but writers of books on the Drama were
959 4354 3823 4601 devoting pages to the discussion of Schnitzler's dramas. The
962 4535 3954 4778 first of these weiters to take special notice of Schnitzler was
966 4736 3881 4951 Percival Pollard who headed one chapter of his book Maske and
1059 5070 3134 5251 (1) The Lonely way: Intermerzo: Countess Mizzie
2175 5182 3015 5386 ne Green Cockatoo
986 5228 1940 5378 2.) Knätöl: Living No
