4344 5496
2435 315 2742 609 1/8
764 740 3812 1022 He wrote novelettes from time to time, but it was not until 1907
776 911 3866 1173 that the little volume. Dämmerseelen, appeared. Jakob Wassermann,
776 1140 3796 1279 in the only oriticism of Schnitzler's works that he wrote, says:
813 1291 3874 1463 "Der Freiherr von Leisenbohg gehört zu den geistreichsten, ja son-
776 1406 3682 1614 derbarsten Geschichten, die ich kenne.“ (30) less well known
780 1541 3825 1761 orities like Friedrich Stein (31) and Rudolph Presberö praised the
789 1700 3759 1945 volume. The latter wrote: "Schnitzlers nachhaltige wirkung (in
785 1859 3743 2059 diesem Bändchen) beruht in der sachte gleitenden, behutsam ver-
785 2055 3878 2264 schleiernden Art des Erzählens, die scheinbar das Alltägliche gibt
776 2190 2468 2386 und doch das Wunder anbietet." (32)
1107 2321 3698 2554 Der Weg ins Freie, Schnitzler's first full-langth novel,
785 2525 3874 2746 aroused a veritable storm of Kriticiam in nevspapers and magazines
776 2640 3657 2844 in Germany and Austria. (33) Reviews of the novel appeared in
789 2775 3837 3032 seven of the periodicals used in this study. The majority of the
776 2934 3682 3159 crities recognized the style and wisdom of the book, which em-
789 3093 3772 3318 bodes practically all of Schnitzler'sötives. Chly in one in-
785 3310 3825 3514 stance was the novel attached in an entirely denunciatory manner.
776 3412 3784 3637 Carl Busse, book reviewer in Velhagen und Klassings Monatshefte,
764 3608 3866 3808 who always had a ship on his shoulder when he wrote about Schnitz-
785 3718 3808 3943 ler, said: "In künstlerischer Hinsicht ist der Weg ins Freie ein
776 3902 4062 4103 offenbarer Sandweg. Schnitzler hat noch nichts Schwächeres geschrieb-
2713 4021 2987 4152 in de
785 4049 1254 4221 en.“(34)
2427 4111 2963 4356 eitzelnden
874 4197 2178 4368 fremden. xxx pathatischen
1017 4348 3077 4519 Die Neue Rundschau, XVIII, 890, August 1907.
760 4385 964 4499 30.
785 4487 948 4577 31.
1005 4474 2145 4609 Nord und Süd, CXEL. 397.
768 4564 981 4666 32
1017 4528 2386 4699 Das Literarische Echo. X. 56.
760 4646 973 4793 33.
1238 4568 3943 4797 Das Literarische Scho, X, 1359, 1433, 1651, 1712; XI, 58,
1042 4662 1201 4728 II.
1005 4691 1471 4846 127. 731.
748 4773 973 4932 34.
1005 4720 3853 4932 Velhagen und Klassings Monatshefte, XXIII, 317, October 1908.
