4376 5848
1799 866 2268 1082 3.1925.
898 1034 1703 1306 A. Fraulein Else
1122 1274 3707 1519 The year 1915 was marked by unusual activity by way of
898 1491 3863 1679 bringing Schnitzler before the eyes of merciens. The outstand-
898 1659 3879 1835 ing event of the year was the appearance of Fraulein else which
902 1815 3911 1988 was the first of Schnitzler's works to be published by Simon and
910 1908 3771 2148 Schuster. The publishers did not over-rate this book's merits
890 2116 3735 2272 for almost immediately it was necessary to make a second and
910 2236 3771 2445 third printing. This "boem" was also not short- lived, as such
914 2437 3759 2613 sudden bursts of enthusiasm often are, for the story desired
910 2565 3815 2761 every bit of renown accorded it. At present the book is in its
902 2745 3855 2921 tenth printing. In 1927, after Simon and Schuster had published
902 2869 3827 3054 four more translations including Beatrice. Stone but the brave,
898 3030 3891 3210 Rhepsody and Daybreak, H.E.Douncehnaintained that he still like
890 3194 3819 3362 Fraulein else the best. (1) Theoritics were almost unanimous
890 3330 3815 3543 in their praise of this story. In addition, even the most con-
902 3515 3863 3675 servative of them found nothing offensive about the story. Most
890 3671 3855 3791 sincere in their preise were: Walter Yust - "It leaves one with
902 3787 3831 3871 an impression of bigness and power. It is ofauch intensity one
902 3855 3851 3951 doubts whether se reader would suffer the book to be longer than
910 3923 3771 4020 it is; indeed it is doubtful whether any author could sustain
910 3991 3855 4120 over many more pages this nervous, (emitional olevation, Violent
926 4084 3527 4248 (2) the story may seem, it is in no sense offensive; (2)
902 4208 3767 4352 Sidney Shultz - "Throughout this latest story there is a deep
890 4308 3731 4412 sineerity, anattestness which penetrates to vital truth; a
898 4392 3827 4492 richness of untinded clirity, o* though from intense broeding
902 4472 3863 4577 lies in its unfoldment;” (3) "my Loveman - "However unplensant
902 4569 3731 4657 the them of Schnitzler's la test novel may be the book is an
886 4613 3887 4733 artistic triumph. Within the brief compass of its less than 150
898 4721 3947 4841 passes it presente a Kaleidoscopic portrayal of the doubt, despoir
890 4809 3815 4977 and a gony of a soul which volumes of description could make no
1579 4929 1767 5061 ----
910 5017 2841 5198 1. New York Evening Post, Nov. 26, 1927.
890 5162 3635 5282 2.) New York Evening Post Literary Review. Nov. 7,1925. p
898 5250 4112 5430 3.) International Book Revlew of the Literary Digest. Dec. 1925, p66.
