4392 5864
1225 289 1402 510 e e
3568 382 3768 599 2.6
884 799 3772 976 "Schnitzler is one of the world's best story tellers." (1) It
848 952 3708 1169 is purely a matter of personalötaste when it comes to name
2824 1129 3865 1290 "Blind Geronimo' is a
848 1125 2784 1342 one’sbringing story. H.E.Christman says,
1302 1229 4066 1394 (2) while another feels, "The most original and memorable
856 1270 1213 1374 classio
844 1342 3833 1503 is 'The Prophecy' - a perfect and unique grost story.” (3) Un-
856 1446 4050 1639 doubtedly Sutton, who "has done an admirable bit of translation" (4)
868 1611 4026 1848 is to be vongratulated for "faithfully keeping to the spirit of the
856 1736 1543 1884 original.” (5)
1965 1892 2394 2125 S. 1930
1081 2041 3829 2262 In 1930 we have no new.translation but allication of
892 2246 3849 2451 2.0.Slade's 1923 translation of Doctor Graesler and of Eden and
856 2378 3997 2595 Cedar paul's translatien of Casanova's Homecoming. With Casamova's
856 2551 3877 2736 Homecoming we have the inauguration of a new police by the pub-
848 2708 3768 2901 lishers Simon and Schuster whereby they 16ndeavor to give more
848 2868 4078 3009 readers an opportunity of reading Schnitzler. The volume is included
848 3017 4022 3238 in their group of "Inner Sanctum Hovels" which sell for one dollars.
868 3166 3925 3339 Heretofore each book, with the exception of Anatol, published by
860 3335 4001 3515 Kennerley in 1911 and sold for one dollars, and Bertha Garlan which
856 3491 3688 3656 in 1917 sold for Sixty cents, had been $1.50 or even $2.50.
868 3736 1752 3937 Doctor Graesler
1093 3929 3857 4126 After the first publication of Doctor Graesler Ruth Snyder
880 4094 3857 4259 called Schnitzler "a born story-teller," adding that "he writes
872 4198 3965 4371 of people as they are." (7) In much the same strain Rose E.Stein
1209 4351 3917 4475 "It is almosturdnny in its ability to portray in cameo
872 4367 1169 4504 wrote,
860 4423 4074 4620 like out lines the lightning play of human thoughts and Hnotions."(8)
1539 4588 1792 4793 =====
1418 4737 2945 4897 (Wiehita, Kassas). July 28, 1929.
880 4761 1266 4998 2.
1715 4769 3672 5042 press (Albany, New York), Sept. 15, 1929.
1728 4958 2378 5058 Sept. 9. 1929.
1691 4990 3242 5183 (Cleveland, Ohio), Sept. S. 1929.
1804 5110 2061 5227 1929.
1836 5118 2868 5323 1913, also $1.00.
1864 5203 3118 5387 World. Dec. 5, 1923, p 25.
1659 5295 3166 5532 Baltimore, Md.). Dec. 29, 1923.
