4488 5944
3659 309 3827 507 7.
1380 564 2938 684 DER PUPPENSPIELER
1623 746 2707 849 Studie in einem Aufzug
1677 890 2694 993 Von Arthur Schnitzler
754 1248 3807 1417 Arthur Schnitzler (1862- ) is admittedly one of the subtlest and
527 1442 3609 1586 most notable creative writers of our age. He stands in the fore-
536 1561 3700 1743 front of those others who have given the German drama of today its
527 1726 3753 1883 distinction and preeminence, and his marvellous activity as a winter
536 1916 3679 2044 of short stories has coupleed his name with the greatest masters in
536 2031 3749 2188 that field. Hugo von Hofmannsthal krites: "In beiden Formen: Drama
544 2188 3766 2353 und Erzählung ist Schnitzler durchaus Künstler und war es vom ersten
536 2340 3584 2497 Tage an." Frank Wedekind, himself a leading dramatist, paid the
544 2488 3852 2666 following tribute to our author: "Arthur Schnitzler ist ein deutscher
548 2653 3745 2818 Klassiker. Ich weiss keinen lebenden deutschen Schriftsteller, von
548 2802 3856 2971 dem sich das mit gleicher Sicherheit behaupten liesse... Kein anderer
569 2962 3770 3139 verdient so wie er die Bezeichnung eines Meisters. Der Mangel aller
560 3115 3815 3288 Aufgeblasenheit, aller Gespreiztheit, alles falschen Pathos und aller
560 3275 3617 3432 Maniortheit liess ihn den Hausknechten des Naturalismus als kein
569 3432 3827 3601 sauberer Gast auf dem Parnass erscheinen. Heute, wo die literarische
569 3597 3700 3757 Falschmünzorei jener Tage aufgedeckt und abgetan ist, steht Arthur
569 3753 3708 3910 Schnitzler als der Dichter da, der Deutschland in den verflossenen
573 3906 3663 4071 zwanzig Jahren die grösste Zahl vollendeter Werke geschenkt hat."
3708 3889 3889 4013 And
581 4071 3671 4235 Franz Werfel: "Ein Heister, wie Arthur Schnitzler, ist unter den
569 4248 2291 4375 Deutschen ein höchst seltener Fall."
820 4367 3626 4532 Schnitzler was born in Vienna in 1862, studied medicine and
573 4544 3704 4689 obtained his H.D. degree from the university in that city in 1885.
573 4693 3716 4833 During the next few years he was attached to the resident staff of
585 4857 3692 4989 one of the largestiklinical hospitals, and has since then devotad
597 5010 3803 5158 himself to the practice of medicine and the writing of short stories
898 5463 1051 5578 not
