4488 5544
1227 1007 4092 1303 In the following study of the reception of Arthur Schnitzler
919 1271 3992 1475 in Berlin, I have limited myself to periodical literature. news-
931 1423 4068 1622 papers have been omitted entirely for two reasons. First, complete
919 1571 3980 1778 files of all the important owspapers in Berlin are not available
907 1718 3984 1938 in this country. Secondly, the type of criticism in daily papers
907 1902 3972 2090 is not always very high. Crities, after witnessing a single per-
915 1998 4020 2238 formance of a play, hastily dash off their first impressions which
915 2154 4016 2382 are frequentlyurhierly subjective or superficial. Dramatic reviews
915 2310 3788 2550 in daily papers are usually inferior to those in periodicale.
1227 2518 4128 2709 After witnessing a drama once,oritics writing for periodical
907 2673 3908 2841 may, if they so desire, see a second or third performance. They
907 2829 3920 3005 may even read the drama. Time is allowed them to think over the
899 2949 3920 3169 work in question before writing about it. Usually, the staff of
899 3113 3820 3313 a periodical like Die Neue Rundschau or Das Literarische Scho
903 3285 4016 3473 consists of men who have become more or less punishment in literary
903 3441 3960 3581 work.qeriodical literature, too, is intended for a higher class
899 3577 3944 3784 of readers than the ordinary daily newspaper, and so the attempt
899 3760 4104 3972 to discover the real attitude of Berlin toward Schnitzler is logical-
891 3900 2238 4084 ly based on this estterature.
1183 4072 4076 4256 In my discussion I have tried to give both the favorable and
875 4160 3972 4396 unf UyorabIe renctions toward the works and have assumed as far as
887 4336 2470 4560 possible a non-partisan attitude.
