4408 5864
928 824 3748 1002 Mr. Simon’s English version is daft and sure, presenving ad-
928 990 3852 1106 mirably the ldge, sharpness, inclusive quality of the original.
928 1102 3883 1245 Under the title "A mind’s dis0ection a la Schnitzler“ we read,
951 1214 3763 1323 "The thing is corking! Quite as olever, as incisive a bit of
920 1265 3895 1400 mind’s working analysis as we have read recently, and done in a
2804 1369 3848 1501 When now and then some
932 1377 2754 1497 style that is reallyclascinating." (2)
928 1470 3933 1640 adverse Kritcism is voiced it is always acompanied by an equal
920 1663 3937 1795 amount of admiration. "Every fleeting thought, every half-formed
932 1760 3906 1864 idea is carefully recorded. It is merely as paychology that the
940 1856 3709 1949 book has weight: for the ordinary render it is dull and un-
932 1914 3945 2038 plessant though it does revealed the author’s subtle understanding
940 2007 3860 2100 of the human book;" (3) "It is a story of 'things' or 'event's
928 2069 4003 2174 rather than one of 'characters', and so, it seems to me, gets out
932 2154 3964 2255 of proper proportion. Schnitzler's love for drama played a track
940 2235 3864 2340 of exäggeration on him. It comes so dangerously near to an out
920 2313 4030 2413 and out triok ending that it could hardly be called anything else.
928 2394 3945 2498 But there is keen introspection, splendid writing and a dramatic
940 2467 3895 2603 Sovelopment that is superb." (4) F.D.ussith, looking at the en-
932 2591 3887 2742 tire situation from a different point of view, thinks the story
963 2750 3898 2897 "has a thrilling olimax." (5) B.R.Redman also sees both merits
928 2932 3887 3036 and demerits, "As coming animated by a mildly satirical spirit,
932 3017 3809 3125 the little book is entering enough; but that is all it is
940 3071 3945 3245 and Ueaders will forestell disappointment by not (xpecting more).
920 3222 3779 3361 Finally, "As a study of Gustl's manner of meeting experience,
940 3322 3879 3430 of viewing life, it is astute, convincing, deft. finished, As a
928 3400 3895 3539 novel by one of the most 18tinguished writers of our day it is
948 3485 3902 3620 thin in substance and limited in conception.” (7) One observes
932 3608 3910 3763 that by this time the stories were not judged merely as stories
932 3759 3929 3941 but as a new work from the pen of a great author, the author of
932 3918 3995 4100 Fraulein Else which became the standard against which every later
928 4084 1787 4212 work was measured.
2545 4393 3670 4548 Dec. 4. l926, III. 399.
920 4393 2510 4540 1. ) Saturday Review of Literature.
1129 4506 2850 4645 Newa (St. Paul, Minn.), Oct. 17.1926.
1137 4587 3079 4707 fimes (Los Angelos, Cal.), April 10, 1927,
928 4633 3926 4772 4.) The San Franciscen (San Francisco, Cal.), Feb., 1927, p 31.
1125 4742 2750 4861 Newa (Dallas, Texas), Jan. 2, 1927,
1156 4792 3871 4935 New York Herald Tribune, Book Section, Oct. 3,ul-26, p 16.
928 4896 2676 5039 7.) The DlÈl, F66.1927. LXXXII, 162.
