4392 5864
786 750 3816 934 Difficult to imagine a book at once more compaot and more nearly
754 882 3848 1010 complete. Once opened, it is impossible to lay the book aside - it
754 982 3816 1130 holde one's interest, (1) and on February 14, 1928, in a review
750 1110 3917 1263 of books recently published, the news of Ileveland szys, "We recall
1960 1183 3965 1367 Moreover, the conbined judgment of crities
774 1243 1852 1391 with pleasure Daybreak.
754 1331 3880 1495 is: "As Cteries go, it is nothing exceptional, It is the way it is
774 1455 3772 1559 told that is. Schnitzler can put more on two hundred short pages
774 1531 3680 1648 than many writers can in two volumes. You read every word - no
778 1555 3884 1728 skipping," (2) "Here is a novelette, a simple story, yet one that
778 1676 3909 1812 is told with such infinite asill, such mystery of the human charao-
778 1748 3768 1876 ter, that one Compts he has learned a great reason in life,” (3)
798 1840 3776 1964 The delicate art of the Vienneso playwright and novelist is re-
778 1908 3905 2044 vealed in his laetest novelette Daybreak - an admirable translation.
786 1992 3913 2125 Schnitzler's irony is tender. Ee does not judge. He drawe side the
786 2065 3852 2197 curtain with a picture of sympathy and fondest understanding,” (4)
786 2137 3880 2269 and E.S.Bates believes, "Schnitzler is easily king of the realm of
778 2209 3864 2357 the novelette." (5) When "the compactness and evenness of unfold-
778 2293 3872 2461 ing" (6) are compared with Schnitzler's earlier works R. Lockridge
778 2465 3925 2598 finds, "The etandling of the material has much of the perfect sense
786 2538 3836 2714 of balance and rhythm which was so notable a factor in Casanova's
786 2654 3548 2798 Romecoming. It is like a picture without a needloss line,
1688 2714 3840 2866 ‘the same dramatic power, the same demsified
790 2762 1644 2902 Mary B.Orvis find
790 2854 3876 3051 auspense that Fraulein else has, though the method of treatment is
1900 2922 3973 3051 Walker Long finde "it shews the unmistakable
778 2958 1595 3067 less Cdistinctive,
778 3003 3792 3159 imprint of early method - those employed in Bertha Garlan, (9)
778 3135 3937 3291 and Rose Lee finda "Schnitzler is back in his old form again. There
810 3243 3884 3379 is none of the jenitimentai vagueness of Rhopsody. Schnitzler shows
786 3319 3985 3468 himself, as usual, to be a olever literary crofteman. In translation
810 3399 3977 3536 the story still ready and well. (10) It is quite possible
798 3548 4013 3704 too that we will soon see Metro-Goldwyn-Mayer advertising "Daybreak
790 3704 3957 3852 with Ramon Navarre - the first Schnitzler novel to be picturized by
810 3856 3860 4013 an America film company" for the righte to film it have already
794 4021 1776 4209 boen purchsad. (11)
2181 4201 2389 4321 ==== =====
1904 4193 2081 4317 ----
990 4297 3035 4510 Republican (Waterbury, Conn.), Jan. 6, 1928.
1022 4450 3191 4574 Telegram (Salt lake Oity, Utah), Jan. 15, 1928.
802 4462 958 4574 2.
1018 4530 2826 4646 World (Omaha, Nebraska), Nov. 27, 1927.
1034 4554 2902 4714 Kecord (Philadelphia, Pa.), Dec. 3, 1927.
1034 4618 3480 4790 worday kevien of Literature. Deo. 3. 1927, IV, 271.
814 4622 970 4790 4.
1026 4742 3427 4923 Böston Transcript. Book Section, Jan. 28, 1928. p 4.
1459 4839 2265 4959 un. Dec. 3, 1927.
1038 4859 2914 5039 lows (Indianapolis, Ind. ), Deo. 3, 1927.
1215 4939 3159 5131 stiser (Huntington, W. Va.). Jan. 15, 1928.
1006 5031 1195 5131 Advo
1491 5075 2983 5223 Imos. Book Review, Dec. 4. 1927.
766 5071 1427 5239 10.) New York
750 5191 2730 5388 11.) Brocklyn Deily Wägle. Jan. 20. 1930.
