4696 6168
2332 554 2549 797 -7-
1223 912 3355 1142 Es war ein Spiel! Wie sollt' es anders sein?
1223 1108 3448 1219 Was ist nicht Spiel, das wir auf Erden treiben?
1236 1189 3363 1296 Und schien es noch so gross und tief zu sein!
1236 1270 3201 1381 Mit wilden Söldnerscharen spielt der eine,
1240 1326 3372 1462 Ein andere spielt mit tollen Abergläubischen.
1236 1436 3308 1543 Vielleicht mit Sonnen, Sternen irgend wer, -
1270 1526 2847 1615 Mit Menschen spiele ich. Ein Sinn
1257 1569 3184 1696 Wird nur von dem gefunden, der ihn sucht.
1236 1667 3120 1769 Es fliessen ineinander Traum und Wachen,
1240 1739 3320 1854 Wahrheit und Lüge. Sicherheit ist nirgends.
1240 1812 3363 1952 Wir wissen nichts von andern, nicht von uns;
1236 1893 3231 2072 Wir spielen immer; wer es weiss; ist klug.
980 1969 3968 2212 In Der Ruppenspieler the whole art of the author isinem to
759 2182 4194 2408 creating an atmosphere of lightG melancholy. The individual who believes
776 2272 3964 2494 he can play with the destinies of others must come to realize, like
780 2477 4113 2651 Georg Merklin, that he only played away his own life's happiness. The
780 2587 4182 2813 little play seems particularly suitable for class use. It is wholesome.
784 2775 3875 3022 The language is pure and very simple. "Was seine Prosa betrifft"
789 2911 3828 3163 weites Otto Flake, "so mag es charaktervollere geben, aber keine
772 3073 3887 3299 reinere; man rechne ihn zu den Hütern der Sprache.“ The dialecte
793 3210 4011 3427 flows naturally and spontaneously, the character are drawn clearly,
793 3397 3926 3606 and the whole is Covested with a lyric pathos, s[l]ightly satirical,
789 3563 4113 3742 softlynetancholy. Richard Specht in his book on Schnitzler writes of
806 3679 3917 3917 this little piece: "Ein Akt, der durch seinen leisen, vollen Ton,
806 3875 3981 4062 durch die Besonderheit der Situation, durch seine getragene Lanner-
806 4041 4028 4199 walzerstimmung und durch viele ernsthafte Gedanken einen wundersamen
806 4216 4024 4407 Reiz hat. Es gehört Schnitzlers ganze Kunst dazu, diesen schlichten
818 4352 4083 4505 Oboespieler zu einer so angenehmen, herzlichen Gestalt zu machen, die
801 4505 3934 4702 stille, verschlossene Frau so liebenswert zu zeigen und selbst dem
810 4684 3917 4834 Puppenspieler jede Spur von Prahlerei und innere Unehrlichkeit zu
810 4804 3900 5008 nehmen, ja ihr etwas Ergreifendes und Anteilerregendes zu geben."
1057 4932 3870 5209 Schnitzler's collected works, up to 1922 are available in an
806 5106 3904 5354 excellent and inexpensive edition of nine volumes published by S.
806 5277 4164 5482 Fischer, Berlin. Der Suppenspieler is here represented by permission of
818 5452 2204 5648 the author and the publisher.
1172 5592 1607 5887 ###
