4472 5528
3661 446 3864 587 26.
1846 817 2472 1005 Bibliography
1048 1068 3986 1408 Alphabetical bibliography of periodical literature used in the
1060 1205 2276 1357 preparation of this essay.
1044 1392 3856 1658 Bühne und Welt. Zeitschrift für Theaterwesen, Literatur und
1033 1537 3665 1791 Musik. Berlin, Leipzig, Wien. Verlag von Georg Wigand.
1036 1568 1424 1690 Leipzig.
1021 1662 2049 1889 Das Literarische schon
2112 1756 3970 2034 Halbmonatsschrift für Literaturfreunde.
1025 1834 2347 1975 Egon Fleischel & Co. Berlin.
1001 1893 3958 2233 Das Magazin für Litteratur. Verlag Siegfried Krombach, Berlin.
993 2128 3950 2347 Das Theater. Illustrierte Halbmonatsschrift für Internationale
1001 2179 4036 2464 Bühnenkunst. Alliance Buchdruckerei & Verlagsgesellschaft m.b.H.
986 2261 1338 2382 Berlin.
958 2433 3919 2675 Deutsche Dichtung. Concordis Deutsche Verlags-Anstalt, Berlin.
958 2566 3731 2840 Deutsche Monatsschrift für das gesamte Leben der Gegenwart.
982 2683 2710 2836 Verlag von Alexander Duncker, Berlin.
947 2793 3583 3039 Deutsche Rundschau. Verlag von Gebrüder Paetel, Berlin.
935 2957 3962 3207 Die Gartenlaube. Illustriertes Familienblatt. Verlag von Ernst
923 3066 2210 3192 Keil's Nachfolger, Leipzig.
931 3184 4076 3465 Die Gegenwart. Wochenschrift für Literatur, Kunst und offentliches
923 3285 2714 3477 Leben, Hellmuth Johnke Verlag, Berlin.
919 3399 4048 3688 Jahresberichte für neuere deutsche Litteraturgeschichte. B. Behr's
931 3512 2613 3704 Verlag, Steglitzerstrasse 4. Berlin.
907 3645 3939 3927 Die Nation. Wochenschrift für Politik, Wirtschaft und Literatur.
907 3712 2398 3911 Verlag von Georg Reimer, Berlin.
876 3868 3946 4181 Die Neue Rundschau (Freie Bühne 1890-93, Neue Deutsche Rundschau
876 3982 3892 4255 1894-1903, Die Neue Rundschau 1904 to date). 8. Fischer Verlag,
864 4017 1224 4169 Berlin.
857 4173 2945 4416 Die Schaubühne. Erich Reiss Verlag, Berlin.
849 4326 3868 4623 Die schöne Literatur. Beilage zum Literarischen Zentralblatt für
845 4459 2734 4611 Deutschland, Eduard Avenarius, Leipzig,
841 4553 2777 4791 Die Zukunft. Verlag der Zukuaft, Berlin.
