4328 5832
869 881 3534 1084 1. Slays produced in German at the living Place Theater
1757 1049 2240 1229 1699-1915
1103 1221 3886 1417 It must not be thought, however, that America were first
881 1375 3875 1604 introduced to Schnitzler in 1911. As early as February 16, 1899
881 1577 3836 1788 a production of Freiwild was given in the Irving Place Theater
900 1723 3748 1899 in New York City. Truc, it was given in German, but the mere
884 1922 3783 2083 fact that the play was produced at all is an indication that
892 2052 3699 2240 Schnitzler wasffenized as a capable play-written and that
900 2213 3974 2385 there must have been some demand for such a play. It is interest-
884 2359 3699 2538 ing that this production was given only two years and three
904 2508 3660 2672 months after the firstolomance of the same play in the
904 2661 3978 2822 Deutsches Theater in Berlin (November 1896). The New York Theater
923 2826 3718 3021 was well- filled for the firstordermance of Freiwild which
927 2963 3955 3128 "arrested the attention of the audience, who inglauded frequently
904 3090 3886 3212 and called the Klayers before the curtain repeatedly at the end
923 3178 3871 3300 of each act. Herr Strool as Karinski was perhaps a bit too dis-
896 3251 3829 3431 mal, but yet he carried the role through in a unified manner".
923 3320 3794 3580 The performance was repeated twice on Saturday, February loth
923 3538 3722 3737 and again on February 20th. On November 10, 12 and 13, 1900
927 3641 3806 3886 Das Vermachtnis was given at the same Theater, only two years
915 3844 3928 4032 after its première in Berlin (Deutsches Theater - October 1898).
915 4005 3882 4208 In 1907 the Irving Place Theater again turned to Schnitzler for
923 4200 3802 4323 part of its program, this time anlisting three one-act Anys,
896 4296 3848 4537 Die letzten Masken, her grüne Karadn, end Literatur, which re-
911 4480 3695 4709 -ceerk enthusiastic reviens, such as: "It is the strongest
2090 4637 2538 4832 === =======
923 4790 3262 5012 1. ) New Yorker Staats Zeitung, Feb. 17, 1899, p8.
