4360 5816
2215 674 3623 978 The Pragocsive Stage Society
919 727 2156 957 As produced in Feb. 1905 b
1184 870 1974 1034 (Play called "Fli
2173 943 3249 1163 Nov. 1905, XXXIX, 552.
793 975 1684 1209 Current Literature
790 1083 3602 1391 As produced in 1907 by Kathorina Grev at the Berkeley Lyseum
1181 1247 2281 1411 (Play called The Reekon)
2184 1321 3092 1551 Dec. 1911, Li. 671
797 1391 1684 1583 Current Literature
828 1516 2666 1761 As produced in March 1916 at the Lyceum.
1188 1649 2519 1817 (Play called Playing with Lo
2201 1705 3550 1939 April 1. 1916, LXXV, s (i/e)
800 1764 1977 2002 New York Dromatio Mirror
814 1894 3333 2128 As produced at the Cherry Lane Theater Feb. 26,1929 by
1149 1956 3766 2156 Theoudauers’ Cooperative (Play called Playing with love)
2226 2093 3668 2323 Wednesday, Feb. 27, 1929, p.10
811 2124 1855 2348 New York Evening Post
2205 2226 3368 2411 Review by Robert Littell
2226 2344 2854 2502 Feb. 27, 1929
828 2414 1544 2571 New York Time
2222 2439 3571 2662 Review by J. —brooks Atkinson
1729 2613 2729 2868 Concerning Literature
835 2816 3162 3113 As produced at the living Place Theater Oct. 1907
1048 2991 1653 3130 (see per grum
842 3022 2949 3256 As produced at the Band box Theater Nov. 1915
2233 3207 3630 3424 Nov. 13, 1915, LXXIV, s (1/8)
849 3256 2023 3469 New York Dramatie Mirror
852 3357 3585 3592 in Comedies of words and Other Plays - edited by P. Loving
2260 3459 3738 3606 Cinoinnati, 1917. introduction
2243 3567 3529 3749 pXXI "High treason to art".
2250 3798 3651 3983 Feb. 1916, XLII, 646,650-651.
863 3833 1275 4144 Bookman
3158 3955 3532 4116 on (and
2257 3986 2676 4088 Revlew b
2274 4035 2914 4182 illustration)
2278 4084 3871 4304 March 1916, 11LIII, 24 (Seene from-
2260 4287 2697 4448 P ïoture)
2274 4381 3763 4605 Feb. 1916, XV, 300 (Seene frem-
863 4420 1408 4629 Green Book
2278 4521 2694 4640 Pioturo)
2292 4573 3892 4776 March 1916, LVII, 326 (Seene from-
863 4608 1635 4930 Munsey Magasins
2278 4762 2701 4881 Pieturs)
1247 4849 3330 5150 Wee also Comedies of Norde and Other Plara
