4424 5848
4010 638 4183 854 15
975 830 2663 1042 press of little, Brown and Company.
1230 987 4096 1245 In 1920 Hands around, (Heigen) was published for subscribers,
987 1136 3869 1382 and in 1926 Reigen, a series of ten comedies adopted from the
983 1304 3924 1539 German by Kathleen Kirkwood was presented at a private perfor-
963 1523 3826 1680 mance in the Triangle Theater. Due to a court decision it is
963 1645 3955 1888 unlawful to sell the translation. There was a contrary which
963 1837 3940 2021 resembles the one concerning Casanova's Homecoming. k complaint
952 1978 3854 2205 was filled by John S. Sumner, head of the New York Society for
959 2080 3959 2350 the Suppression of Vice, against Max Gottschalk for the laelling
952 2295 3916 2479 of theälleged obscere book, Hands Around. (1) On November 27,
956 2401 3783 2640 1929 Judge Brodsky Lismissed the complaint against the book,
956 2608 3916 2765 saying, "although the them of the book is admittedly the quite
948 2706 3967 2878 universel literry them of men and women, the author here ceals
940 2753 3963 2945 with it in a cold and anlytical, one might even say scientifie,
940 2847 3818 3008 manner that precludes any zalacious interpretation. I Rreful¬
940 2933 3767 3074 scrutiny of the text revealed to a single line, not a single
936 3012 4034 3188 word, that might be regarded as obscene, lend, lascivions, filthy,
940 3082 3897 3247 indecent or disgusting within the meaninge of the state." (2)
928 3243 3736 3454 Son after the decision of the Magistrate's Court, Posky was
928 3388 3995 3560 h�iled into the Court of Special Sessions of the City of New York
905 3552 3728 3756 for selling Hands around, and the decision was reversed. On
916 3662 3983 3920 October 24. 1930 the Court ofbringing of New York State by a vote
912 3830 3384 4053 of five to two affimed the conviction of Pesky. (3)
1128 4038 4030 4222 In 1921 and 1923 "Living Hours" was honored by being included
881 4159 3865 4398 first in Dickinson's Chief Contemporary Dramatists and then in
889 4296 3850 4527 Lowing's edition of Ten-Minute Plays: in 1922 "Countess Missie"
881 4484 4030 4692 was parluded in Moses' Representative One-Not playa by da/c d. Kontinental
877 4609 3850 4860 Ruthors, and in 1924 Representative Continental Dramse, Revolu-
1707 4805 2506 4946 ʼos  =================
865 4876 3043 5126 1.) Publishers' Weekly, Dec. 14. 1929, p 2758.
881 5040 1296 5142 2. ) 16lä.
873 5091 2620 5299 3.) New York Telegram. Oct. 25. 1930.
