4424 5848
802 691 3879 1084 1914. when a London publisher put on sale Samuel's translation of
826 1004 3752 1262 The Green Cocxatoo and Other Plays americens were sufficiently
834 1088 3835 1386 interested in Schnitzler to want to know about this publication.
929 1290 3629 1513 review by Helen Molfee read thus: "Creditably translated.
850 1382 3843 1608 Since 1899, when The Green Cockatoo was produced, Schnitzler has
850 1461 3799 1675 written subtler and more finished plays. But for their rapidity
861 1540 3716 1759 of Harmoterisation by a few tollingbringing and for vigor of
854 1588 3807 1834 handling aaglot charged from the first with dramatio intensity,
861 1707 3819 1929 he has never equalled this performance. As an expression of his
873 1771 3736 2013 philosophy of irony, it is a 'tour de force'. (1) In 1917 a
869 1921 3883 2172 third translator, Grace Colbron, gave her version, together with
873 2080 3867 2307 her vereion of some other playe which had previously been trans-
869 2187 3966 2525 lated. The book was called Anatol:Living Kours: The Green Cockatoo
889 2386 3783 2608 (under "Living hours" was included the series of four one-act
889 2561 3899 2811 plays). The comments concerning this volume were given in a dis-
897 2632 3871 2958 cession of "Anatol". (2) Just as Samuel's translation was pub-
917 2823 3831 3120 lished twice so also Miss Colbron's.translation was to be pub-
897 3009 3775 3303 lished twice, the second time being in November,No 26 in The
921 3124 4034 3418 Golden Book. In 1928 along came "Der grüne Kakadu" as one of three
925 3327 3918 3557 plays. Der grüne Kakadu:literatur:Die letzten Masken, edited by
945 3462 3787 3716 Otto P. Schinnerer for use in the class-room. But since this
933 3633 3906 3887 play was not satisfied with mere conquests on the printed page,
965 3768 3946 4030 we hear its lines being spoken from the stage. We have heard of
957 3942 3752 4180 the German production of 1907. (3) In 1910 ärs. Fiske gave
965 4133 3819 4375 The Green Cockatoo at the Lyceum. In the reviews all the em-
945 4232 4141 4542 phasis is on Hanneles Himmelfahrt which was given at the same time.
969 4399 3966 4697 The Green Cockatoo seemed to please, but was obviously not con-
969 4566 3978 4816 sidered important, in January,oude the Triangle Theater gave a
1004 4855 3240 5153 1. ) Yale Review, new series. Oct. 1915, v. 192.
992 5097 1731 5213 2.) See page 7.
992 5157 1731 5387 3.) See page L.
