4392 5864
1270 281 1475 521 B
3535 365 3767 563 2 b
905 756 3835 1076 tables seem to have turned and Schnitzler is more widely known
889 1019 3877 1205 for his novelettes and short stories. This may be partially due
916 1194 3908 1327 to the fact that Simon and Schuster, since then his chief Ameri-
893 1308 3911 1498 can published only prose works, with the excep-
897 1501 3908 1692 tion of Professor Bernhardi, which had already been published in
893 1654 3638 1840 1913. I wonder why Der Schleier der Beatrice and Der junge
901 1806 3858 1988 Medardus were never translated. They are too long and there are
886 1980 3854 2140 too many character to produce them with great success but they
874 2129 3843 2281 might be read - or are they too trpically "Vienna" to appeal to
878 2273 3816 2471 trouerioan readers? Perhaps the real reason is that America is do
878 2406 3748 2615 not generally read playe. Other dramas which have never been
886 2577 3851 2737 translated are "Der Suppenspieler" and "Zum grossen Wurstl" and
870 2752 3858 2935 the later dramas Fink und Fliederbusch. Die Schwestern, Komödie
867 2908 3900 3075 der Verführung, Im Spiel der Sommerlüfte and Der Gang zum Weiher.
867 3064 3858 3239 I believe the only prose works never translated into English are
867 3231 3649 3368 Sterben and Die dreifache Warnung. Of late we find that the
855 3372 3752 3558 English translations are published very soon after the German
851 3554 3835 3702 Etories are put on sale on the continent. seineriaan readers like
863 3695 3512 3862 the deftness of Schnitzler's style and they realize that
848 3790 3832 3988 Schnitzler achieves in a novelette more than many a write does
840 3957 3710 4185 is a long novel. This of necessity involved a compact, terse
840 4174 3900 4383 style, which results in a book which one can not easily put aside
832 4295 1859 4501 until it is finished.
