4392 5848
1282 320 1502 493 B
801 809 3778 1044 had it been a more masterful one, theoritics would better have
832 967 3828 1159 seen the real worth of the playe. W.Haynes wrote: "A translation
851 1044 3736 1225 of Schnitzler's 'einektere' has more than timely interest. For
824 1125 3740 1313 Sifteen years he has been one of the most-followed teachers to
843 1202 3786 1383 a large school of playwrighte who have been supplying the inti-
832 1279 3755 1444 mate playhouses of Europe with realistic short pieces, and re-
843 1363 3663 1540 cently his influence has been extended to the young merican
855 1440 3713 1610 dramatists whose one-not play* are being presented in our own
859 1510 3659 1695 Little Theaters -- The first thing to stride the render of
867 1587 3655 1764 these playe is that the plot of each one has a sexual basis.
863 1668 3909 1845 Taken alone each situation is perfectly possible; taken as a col-
863 1752 3659 1941 lection they are unnatural —. We miss 'the over 'tge man'. To
855 1791 3859 2007 comprehend this characteristie of his work we must remember that
863 1895 3901 2080 Schnitzler is a practising physical, a specialist in psychology,
951 1972 3767 2153 student of Freud. He is so keenly interested in pathological
874 2049 3824 2249 paychology that the normal human being does not interest him at
870 2130 3778 2349 all." (1) The Schnitzler-Freud relation is brought out in an¬
874 2284 3797 2473 other review: "Schnitzler is Freud turned dramatiet. His great
886 2345 3882 2557 power oonsists in his building (plays not upon the broad basis of
886 2434 3840 2638 general and tested character values, but upon the psychology of
893 2507 3924 2711 our ocussional lapses away from the overage, our hinden (omitional)
893 2615 3659 2811 unleschings, sulden angers and momentary esprices." (2) In
886 2700 3701 2969 The Nation prise is mixed with rebuke: "In the normal dram
897 2808 3894 3023 Schnitsler's art is fragile, not to say fleeting; in the one-act
917 2915 3894 3100 ploy it is compet, serried, tingling, spiculer. No lower of ad-
917 3000 3755 3170 dress can afford to neglect these virtuosities; if they share
909 3066 3897 3247 theetturely retrospect of Ibsen in the smugness of their pack-
917 3146 3659 3324 ing the rival the master himself – The final judgment on
917 3208 3897 3412 Schnitzler will hardly be altered by the suscinot vigor of these
897 3281 3994 3485 mesterly vignettes. He lacks body on he lacks soul. In Schnitzler
928 3385 3820 3566 pession has the tenuity of sentiment, and built has the teste-
924 3443 3859 3636 lessness of innocence. The translation is plebeian, but not un-
924 3497 3967 3720 rendable." (3) The review which seems to give the fairest report
924 3678 3921 3878 of the playe is from the Springfield Republican; "Hr. Schnitzler
928 3770 3786 3963 Geeps his literary fabrie delieste, and his lrony permits his
917 3859 4005 4040 readers to believe that he, too, is much amused by his character,
936 3917 3897 4109 and is wisely refusing to idealize any of them, or to give them
928 4001 3917 4198 more importance then they observe. The 'littleness' of the playe
932 4109 3439 4279 is thus justified to the artistie consciousness." (4)
1155 4202 3936 4437 In 1917 another group of playes was published but we are al-
936 4410 3867 4618 ready well-acquinted with this volume Anatol:Living Hours:The
940 4533 3974 4787 Ireen Cockatoo. Anderner's translation of Anatol came from the
955 4864 2657 5041 1. ) Tho Dial. July, 1917. LKIII. 63.
1163 4987 2985 5145 Revlew of Revlews. Oct. 1917, LVI, 444.
959 5057 2800 5211 3.) The Nation. Aug. 30, 1917, OV, 125.
963 5138 3181 5326 4. ) Springfleld Repablican, Aug. 5, 1917. p 15.
