4248 5384
3550 170 3749 344 34.
639 957 1581 1127 Zum Grossen Wurstel
1019 1075 3258 1252 Das Literarische Scho, VIII, 1106, May 1, 1906.
646 1245 1300 1429 Dämmerseelen
1027 1367 3254 1551 Die Neue Rundschau, XVIII. 889-90. August 1907.
1034 1496 2685 1633 Kunstwart, XXI, 181. November 1907.
1045 1518 3709 1725 Velhagen und Klassings Monatshefte, XXII, 489, June 1907.
672 1721 1511 1891 Der Weg ins Freie
1042 1762 3280 2017 Das Literarische Höhe, X. 56-7, October 1, 1907.
1038 1943 3243 2094 Das Literarische Scho, XI, 28, October 1, 1908.
1049 2024 2719 2157 Kunstwart, XXII, 41-3, October 1908,
1060 2083 3505 2261 Die Deutsche Rundschau, CXXXVII, 314, February 1909
1071 2150 4037 2320 Velhagen und Klassings Monatshefte. XXIII. 316-17. October 1908.
1060 2235 3262 2394 Das Literarische Echo, X, 1545, August 1, 1908.
1071 2320 3014 2493 Die Zukunft, LXVI, G17-18. March 13, 1909.
1060 2423 3265 2549 Die Neue Rundschau, XIX, 1851-2, December 1908.
691 2549 1374 2737 Komtesse Mizzi
1053 2671 2844 2874 Kunstwart, XXV, 391-2, March 15, 1912.
1071 2748 3361 2907 Das Literarische Echo, XI. 671, February 1. 1909.
1071 2866 2955 3021 Bühne und Welt, XI, 347-8, January 1909.
1067 2951 2789 3092 Nord und Süd, CXL. 478, February 1912.
1053 2988 3214 3136 Die Deutsche Rundschau.CLI, 470-71, June 1912.
1071 3077 3269 3254 Westermanns Monatshefte. CXII. 133. March 1912.
702 3243 1891 3428 Der Schleier der Pierette
1079 3365 2660 3557 Kunstwart, XXVI, 284-85, May 1913.
1082 3457 3029 3653 Die Schaubühne. VI, 238-40, March 3, 1913.
1082 3516 3328 3705 Westermanns Monatshefte, CXIV, 634-5, June 1913.
709 3694 1585 3897 Der Junge Medardus
1079 3782 3191 3993 Die Schaubühne, VI. 1263-8, December 8, 1910.
1097 3912 3468 4056 Die Schöne Literatur, XI, 487-8, December 17, 1910.
1097 4022 3007 4181 Bühne und Welt, Kill, 487, December 1910.
1097 4126 2911 4222 Schaubthne. VII. 636-41. June 22, 1911.
1090 4141 3749 4336 Velhagen und Klassings Monatshefte, XXV, 208, March 1911.
1082 4277 3158 4421 Die Schaubühne, x. 314-16. October 29, 1914.
2660 4318 3579 4510 1319. December 1898.
