4456 5864
1120 1064 3233 1316 SURIOL ADITIONS OF AATHUR SCANITELM'S wordS
793 1667 1818 1850 "Die dreifache Warnung
1604 1688 3608 1899 man Etories edited by Allen W. Rorterfield
1014 1790 1429 1916 in Modern
1014 1853 2580 2008 New York, 1028, D. C. Hoath & Co.
821 1934 3643 2173 Der grüne Kakadu, Literatur, Die letzten Masken edited with
1021 2032 3791 2183 an introduction, notes and vocabulary by Otto f. Schinnerer
1021 2131 2847 2278 New York, 1928, A. A. Knopf, 169 pages.
1035 2183 3475 2376 (Helf-title: Borzoi German Texts) Letters on over:
1025 2324 1973 2425 Ihree One-Act Plays.
1021 2359 3226 2541 New edition: New York, 1930, F. S. Crofts & Co.
818 2520 2443 2703 “Leutnant Gustl” (a selection from)
1035 2590 3345 2783 in Deutsches Geistesleben der Gegenwart edited by
1046 2720 1787 2826 Otto Kölschwitz.
1035 2724 2689 2948 New York, 1928, Knopf, pp. 101-105.
846 2864 3594 3054 Der blinde Geronimo und sein Bruder edited with notes and
1053 3026 2545 3117 vocabulary by Lawrence M. price.
1039 3050 3352 3236 Chiongo, 1929, University of Chicago Press, $.60
832 3208 1685 3408 "Der 9 Puppenspieler
1053 3229 3219 3454 in Lust unamt und Leid edited by William soumond and
1060 3408 1906 3535 Christel Schomaker
1053 3450 2587 3640 New York, 1929, Henry Holt & Co.
888 3531 3629 3805 Stories and Plays by Arthur Schnitzler, edited with retro-
1064 3696 3601 3836 duction, notes and vocabulary by Allen W. Porterfield.
1074 3784 2987 3914 Beston, New York, 1930, D. O. Hoath & Co.
2682 3822 3475 3991 306 pages, $1.36
1067 3868 2604 4068 (Henth's Modern Language series)
