4376 5480
3619 222 3805 440 14.
824 784 3796 1062 generally received with high acclain and is still considered by
820 1030 3889 1244 many to be Schnitzler's masterpiece. Samuel Lublinski considered
868 1183 3841 1341 diese Schilderung in nuce der französischen Revolution in ihrer
820 1309 3893 1519 Art ein Meisterstück.“ (48) And Max Lorenz: “Ich halte den grünen
820 1502 3970 1676 Kakadu für ein überaus geistreiches und dabei tiefsinniges, effekt-
812 1660 3805 1862 reiches und doch inhaltsvolles Meisterwerkchen moderner Dramen-
820 1765 1422 1955 kunst. (49)
1135 1931 3720 2165 Berlin periodical literature did not echo the storm of
808 2076 3833 2262 protest (50) around by the series of dialect, Reigen, written in
820 2221 3784 2427 the winter of 1896-97 and first privately printed as manuscript
812 2379 3744 2569 in 1900. (51) In general a discreet silence washnintained by
832 2577 3869 2718 the oritios, who, as the Reigen trial in Berlin later proved, had
812 2734 3736 2884 read the work but preferred todiscuss it in private. In fact,
812 2863 3869 3053 most literarilyίnclined Austrians and Germans had read the book,
808 3053 3914 3227 but charged the opinion with theoritics that it was just a bit too
796 3199 3942 3384 risque to be connected on in periodical literature for the approba¬
808 3340 3962 3562 tion or disapproval of the general public. Alfred Kerr alnne dared
812 3518 3946 3671 come out in print and state that Reigen was "Ein wundervolles Buch"
796 3651 4031 3869 Sein Wert liegt in den Lebensaspekten und der komischen Gestaltung.-
788 3788 3934 3994 Es ist ein kleiner Dekameron unsrer Tage.“ (52) After the release
808 3930 3817 4168 of the book for the general public but one more opinion about it
779 4269 977 4390 48.
1034 4241 3368 4422 Das Literarische Scho, II, 227, November 15. 1899.
784 4366 965 4475 49.
1030 4350 3344 4523 Preussische Jahrbücher, 10VII, 498, October 1899.
800 4455 969 4560 50.
1026 4467 2989 4548 See general bibliography appended, page 97
1038 4527 3207 4665 Das Litererische Echo, II. 1173, May 15, 1900.
808 4527 969 4620 51.
779 4600 977 4754 52.
1026 4503 3809 4778 Die Neue Deutsche Mundschau, XI. 566, June 1900. (Note that
1018 4697 3243 4883 this was before the work was publicly printed.)
1741 4786 2128 4952 tatiete
1854 4923 2076 5052 aco.
