4360 5864
3515 377 3742 568 26
713 811 3977 989 inuluded in the volume Theorherd's pipe and Otheraries of 1982;
726 997 3847 1172 and "The Blind Geronimo" had appeared with each of the two stories
730 1163 3835 1309 last mentioned and in the year whengton translated it as one of
734 1313 3770 1451 his little Nevels it also appeared in the iotorial Review. Once
734 1480 3766 1638 again Schnitzler is lauded by reviewers all over the country and
734 1613 3579 1804 never does anyone »hesitate to pronocunce Little-Novels one of
730 1767 3665 1938 Schnitzler's greatest achievements. From San Francisco we hear
734 1921 3843 2067 Lionel L.Houser afforming, "It is a surpassingly fine book. I know
746 2019 3661 2153 of no stories in the English language that I would rate higher
754 2100 3365 2250 than 'Blind Geronimo' or 'The Death of a Bachelor'.* (1)
746 2230 3924 2388 G. Egerton Harriman insiste, "To the familiar names of De Maupassant,
746 2339 3648 2461 Kipling, Poe, O.Henry, Conrad and Anatole France, acknowledged
742 2428 3648 2546 princes of the short-atory form of our own and aParceding day
746 2465 3851 2623 must be added another, worthy to rank with these horses of the pen
742 2566 3705 2684 as a full equal - Arthur Schnitzler whose fame as a short-atory
754 2663 3717 2781 uriter has been widespread for years in Austria and Germany. As
758 2720 3888 2842 collection of short stories of the finest type Little Hovels should
754 2821 3754 2939 be found in every well- filled liberty.” (2) further tributes to
746 2951 3774 3121 the stories are: "They hold your interest. They make you keep on
754 3065 3608 3162 thinking about them after you finish reading, (3) “They are
758 3134 3762 3239 skillfully written and are as easy to read as Viennose coffee is
754 3190 3835 3304 to drink. Schnitzler does masterly work when he troads the border-
754 3292 3851 3409 line between truth and fantaay." (4) Edwin Seaver evidently is in
758 3434 3892 3567 perfect agreement with Babette Deutsch for he says, "The talents of
754 3519 3912 3640 Schnitzler reach their augmation in the form of the short story and
758 3600 3754 3705 especially in those atories where the real and the unreal are so
758 3648 3888 3798 interteined that it is difficult to tell where the one ends and the
766 3746 3997 3908 other begins." (5) M.S.- a Magazine for Htudents of Greative Nriting
758 3904 3879 4058 contains & review by Lillian Gilkes; (6) Claire S.Hanks heads her
742 4038 3948 4175 review in thejetroit free Press with the words, " ahort Etories that
754 4151 3912 4269 rank high"; (7) another Detroit paper says, "The art of Schnitsler
770 4228 3632 4329 the master is 'great', His short stories show him in the full
754 4301 3944 4475 flower of his genus"; (8) another Western paper says lonvincingly.
730 4573 2550 4792 1. ) San Francisco Newa. Aug. 21. 1929.
1358 4727 1942 4800 am Grundischen
754 4727 1220 4856 2.) Record
1322 4739 2943 4893 Philadelphin, Ba.), Aug. 24, 1929.
981 4840 2335 4986 Sew York World. Aug. 25, 1929.
1674 4877 4050 5063 Tribune, Book Section, Aug. 25, 1929, p 7, Deutsch.
997 4974 1196 5083 1 Järzainen 1
1119 5035 2659 5160 törk Evening Post. Nov. 9, 1929.
997 5096 2080 5221 S., Dec., 1929. p 6-7.
774 5116 945 5221 6.
1245 5124 3502 5331 ress (Detroit, Mich.), Dec.1, 1929, Part 4, p 8.
754 5185 969 5298 7.
746 5254 2728 5416 8.) Newa (Détroit, Mich.), Aug. 25, 1929.
