4280 5384
3598 220 3791 404 33.
631 330 1121 551 'V. 'T. 'J
2690 367 2874 517 1
1108 1095 3197 1268 Deutsche Monatsschrift, IV, 143, April 1903.
1128 1232 2890 1328 Zukunft, XLII, 517-30, March 28, 1903.
1121 1305 2890 1438 Bühne und Welt. V. 571-72, April 1903.
1115 1385 3047 1505 Deutsche Rundschau, CXV. 296-8. May 1903.
744 1522 1579 1692 Der Ruppenspieler
1121 1682 3211 1826 Das Literarische Scho, VI, 135, October 1903
734 1859 1682 1969 Der Tapfere Cassian
1128 1936 3087 2096 Bühne und Welt, VII. 253-4. December 1904.
1111 2053 3518 2209 Das Literarische Echo, VII, 442, December 15, 1904.
728 2223 1509 2370 Der Einsame Reg
1125 2356 3511 2483 Das Literarische Scho, VII. 867-69, March 15. 1904.
1128 2463 2950 2577 Bühne und Welt, VI. 471-73, March 1904.
1121 2536 2947 2647 National, XXI, 332-34, February 20, 1904.
1138 2580 3137 2743 Die Neue Rundschau, XV, 504-08, April 1904.
1128 2700 2814 2807 Kunstwart, XVII, 340-42, March 1904.
1121 2783 3097 2874 Deutsche Rundschau. CXIX. 293-4. May 1904.
1135 2864 3067 2977 Die Schaubühne, A, 271-75, March 5, 1914.
744 2950 1669 3121 Der Blinde Geronimo
1121 3154 3561 3271 Das Literarische Echo, VIII, 11-16, October 1, 1905.
734 3277 1402 3444 Zwischenspiel
1128 3398 3004 3591 Zukunft, LIII, 306-76, December 9, 1905.
1121 3521 2957 3648 National, XXIII, 140-1, December 2, 1905.
1135 3631 3040 3745 Deutsche Rundschau, CXXVII, 299, May 1906.
1121 3695 3054 3808 Kunstwart, XIX, November 1905, pp 220-22.
744 3851 1642 3988 Der Ruf des Lebens
1128 3952 2777 4125 Kunstwart, XIX, 658-60, March 1906.
1128 4062 2860 4199 National, XXIII, 346-48, March 3, 1906.
2119 4145 3441 4259 VIII, 962-3, April 1, 1906.
1135 4159 2086 4289 Das Literarische Scho
1135 4225 3117 4332 Die Neue Rundschau, XVII, 492-8. May 1906.
1138 4299 2810 4446 Nord und Süd. CXVII. 441. June 1906.
1138 4372 2864 4486 Die Zukunft, LIV. 956, March 3, 1906.
1128 4442 3277 4606 Die Schaubühne. V. 712-717. December 30. 1909.
1138 4499 3825 4669 Velhagen und Klssings Monatshefte. XXIV, 536, April 1910.
