4472 5528
3693 344 4029 578 74.
680 453 890 635 P. I.
902 975 4061 1145 which cast aspersions on Schnitzler and his associates. "Dass muss
902 1125 3952 1307 eine eigentümliche Gesellschaft sein, in welcher der Dichter ver-
898 1282 3503 1452 kehrt, wenn er solche Lebensanschauungen gewinnt.“ (91)
1230 1416 3924 1626 Two years later, when Schnitzler was in conflict with the
910 1586 4053 1820 men könte. In fact, all during
898 1780 3810 1921 his career, Schnitzler has been exposed to these attacks. The
910 1905 3940 2091 Österreichische Volkspresse (June 30, 1901) in commenting on Leut-
910 2047 4154 2233 nant Gustl wrote in part: "literaturjude Schnitzler -- Schundwerke
922 2200 4166 2419 -- Schandstück -- alle anderen Schunderzeugnisse dieses Juden." (92)
906 2358 3839 2544 The Kikeriki published an Anti-Semitis article entitled "Aaron
886 2508 4001 2694 Schnitzler" (June 27, 1901) and on July 4, 1901, printed a cartoon,
938 2670 4069 2852 "Der fliegende Literatur-Hebräer", depieting Schnitzler being bodily
914 2823 4094 3022 ousted. Theikl of the literature, in the cese of Leutnant
890 2969 3980 3147 Gustl, was a poem which the above mentioned street printed July 25,
894 3155 1165 3309 1901.
1242 3252 2908 3446 "Leutnant Gustl, der von Schnitzler,
1262 3430 2621 3539 Als ein Feigling hingestellt.
1262 3491 2698 3616 Der nicht Mut noch Ehre kennet
1262 3568 2629 3697 Und als Kneifer sich gefällt:
1254 3657 2569 3742 War der etwa nicht ein Jude.
1254 3693 2811 3859 Wie es Schnitzler ist und bleibt?
1266 3810 2718 3940 Und wenn ja, warum dann klagen,
1246 3875 2904 3976 Dass ein Jud' 'nen Jud beschreibt?
1262 3964 2908 4098 Schnitzler kann doch das nur sagen.
1266 4033 2920 4174 Was er selber glaubt und fühlt.
1254 4102 2759 4215 Andres denken, anders schreiben,
1250 4154 3187 4348 Könnt er nur, wenn er's wo stiehlt.“ (93)
862 4401 1044 4518 91.
1112 4373 2152 4547 Ibid.. p. 185, Note 6.
886 4494 1052 4648 92.
1104 4409 3361 4611 The Germanio Reviev. V. No 3. July 1930. p. 245.
3454 4421 3964 4648 "Schnitzler
1104 4587 3932 4757 and the military Censon ship. Unpublished Correspondence by
1100 4656 2018 4765 Otto F. Schinnerer.
866 4716 1052 4870 93.
1092 4733 3458 4915 This material quoted from the above named article.
