4392 5848
921 921 4055 1113 of the " Brustrian Hauptmann", as ono reviewer called Schnitzler. (1)
921 1113 4012 1242 The drama "without a woman in it", (2) "the one play by Schnitzler
921 1211 3796 1359 in which an crotic underourrent is entirely looking”, (3) was
940 1348 3667 1524 again published in 1928, with Simon and Schuster using the
932 1493 3792 1685 translation by Hetty Landstone. Bruce Gold thought that this
932 1638 3831 1802 ploy introduced "a serio-comic Schnitzler, and that Schnitaler
940 1755 3827 1869 might have produced a more profound and more dramatic play had
925 1798 3937 1943 he not Dircked the cards so clearly in favor of Bernhardi, which
921 1908 3921 2021 resulted in the drama s becoming one of la'intrigue rather than one
932 1994 3847 2104 of genuine emotion". (4) Anotheroritie admitted that there is
968 2068 3353 2225 "not much doing but you can't get away from it". (5)
921 2276 2703 2523 2. The history of The Green Cockatoo
1163 2542 3827 2723 If Liebelei takes a punishment position when we ask only
983 2656 3906 2864 "Which play was produced most often?" The Green Cockatoo comes
944 2801 4015 2966 to the fore when we are concerned with finding the play frequently
948 2950 3867 3154 produced, frequently published and frequently trenslated. Men¬
944 3130 4098 3334 tion has already been made of Hans Weysz's.translation in 1910. (6)
952 3271 3694 3451 In 1913 H.B.Samuel's.translation was published in a volume
956 3459 3961 3616 called The Green Cociatoo and Other Hays, the other plays being
968 3596 3925 3765 "Paracelsus" and "The Mate". This volume may be said to contain
956 3718 4051 3925 two of the most popular play, since "The Mate" has been published
956 3929 3957 4082 at least four times; once, back in 1905, (7) then in this volume
944 4078 3749 4254 of 1913, later in The International of 1915 and in a volume
964 4231 3878 4388 ent Conedies of words and Other Plays, the last two times
952 4407 4015 4560 the.translation by Pierre Loving being used. Samuel'a
952 4533 3976 4732 of "The Green Cockatoo" was also published in German Classies of
1622 4677 1904 4858 =========
968 4811 3103 4995 1. ) Current Literature. Nov. 1905, XXXIX, 552.
1265 4983 2977 5108 Frent opinion, March, 1914, LVI. 193.
964 4991 1124 5089 2.
1207 5054 2680 5167 Wilwänkee Journal, Oct. 27, 1928.
1156 5108 2883 5265 New York Evening Post. Aug. 21, 1928.
1163 5218 2472 5359 New York Sun. Aug. 21, 1928.
968 5308 1673 5414 6.) See page 4.
956 5375 1685 5551 7.) See page 4.
