4392 5864
1247 298 1457 489 B
3564 375 3793 577 26
834 784 3663 975 Regerding its rating as compared with other Schnitzler works
845 956 3610 1101 we find P.L. saying, "It is a quite perfect aandling of the
822 1040 3717 1189 novelette form. It lacks the fantastic charm of Rhapsody, yet
845 1128 3843 1258 possesses a unity and truth of description that give it poignant
826 1224 3793 1369 reality," (1) we find Edwin Muir saying, "The story is simple,
845 1308 3568 1407 rapid,ieconomical. It is a novel of fate. It i* not one of
837 1380 3763 1491 Schnitzler's major works, but one of the most perfect and more
845 1472 3843 1579 convincing than Casanova's Homecoming which, in spite of beauti-
857 1537 3663 1640 ful opisodes, is not indisputably the real thing. Schnitzler
849 1617 3854 1732 treatment of love is here, as elsewhere, at once frank and with-
837 1725 3912 1839 out Schwärmerei." (2) He says further, "The translation is good,
845 1828 3656 1942 and Gerald Holland believes it is translated "in commendable
857 1950 3877 2061 fashion," (3) but another thinks "The translation is only fair.
837 2034 3816 2214 The story seems not to haveionxcitedoritics tremendously. among
845 2210 3866 2348 the other oomments I jotted down are: "It is Vieuna," (5) "it is
849 2340 3350 2417 a narrative simple, human and in many ways effecting,
868 2394 3904 2516 within its limits it is a little work of capitalKcellence. The
849 2474 3667 2573 real villain is the subtle and sorry fortieth year." (7) and
879 2554 3675 2658 "Schnitzler does notversach nor flambuoyantly teach but just
857 2623 3912 2799 tells the story." (8) The story was also the subject of a speech
849 2795 3640 2933 broadoast by Gertrude M. O’Reilly in which she called it "a
857 2883 2367 3021 wonderful story of human nature.
834 3063 2038 3265 B. Casanova's Homecoming
1082 3315 3831 3483 Without a doubt Casanova's Homecoming was the recipient of
837 3476 3782 3636 more publicity than any other work by Schnitzler. However, the
849 3613 3789 3778 circumstances occasioning this publicity were not exactly what
857 3774 3831 3969 one would call fortunate. In 1921, 1250 copies of the book were
837 3969 3885 4122 printed for &ubscribers only (at $10 a copy) and in 1922 Seltzer
857 4084 3912 4271 publiched the same book at $2.50 the copy. After the first print-
857 4252 3766 4393 ing Joseph Hergesheimer wrote, "More than a score of America
857 4367 3694 4489 reviewers are lpractically unanimous in bestowing the highest
857 4424 3912 4604 pSise on this work, calling it a masterpieue. (9) nevertheless
1939 4738 2573 4871 June 28, 1930.
1052 4745 3189 4952 Posten Transerink), Feb. 27, 1924, v111, 395.
1560 4917 2845 5040 Newe-Tines, April 27, 1930.
1900 4994 2397 5120 July, 1930.
1897 5024 3548 5212 Jan. 20, 1924, p 22, by D. Douglas.
1690 5151 3017 5261 publican, Jan. 29, 1924, p 8
1625 5208 3640 5365 Oly, 10Es, LXXIX, 68-71, by Cuthbert Night.
1457 5307 2004 5506 (Fert Wayne)
1992 5315 3048 5521 1051; 5 736. 25. 1923.
1679 5395 2004 5518 so. 14.
857 5323 1021 5514 9.1
