4520 5624
2062 698 2569 880 Fragebogen
829 992 3759 1194 1) Ist "Das Abenteuer seines Lebens" je veröffentlicht worden?
1011 1104 1209 1217 Wo?
814 1221 3720 1395 2) Heisst der Titel: Der freie Landesbote oder Der Bayrische
1046 1356 3565 1472 freie Landesbote oder Der Münchner freie Landésbote?
833 1480 3755 1639 3) Genaue Angabe, wann "Er wartet auf den vazierenden Gott“ in
1201 1577 3224 1717 der Deutschen Wochenschrift erschienen ist:
806 1670 2836 1810 4) Sind die drei Gedichte: "Morgenandacht“
2840 1690 3410 1864 "Lebewohl",
3484 1744 3794 1868 "Anfang
1194 1779 3751 1949 vom Ende", die 1912 im Merker erschienen, vorher schon
1190 1876 2240 2019 veröffentlicht worden?
790 1976 3685 2166 5) Auf Seite 58 zitiert Körner ein Gedicht "Ohnmacht" und auf
1097 2108 3871 2251 Seite 67 ein anderes ohne Titel. Sind diese Gedichte vorher
1089 2189 2329 2337 schon irgendwo erschienen?
663 2310 3747 2484 6) Genaue Angabe, wann "Die überspannte Person“ im Simplizissimus
1135 2410 1852 2554 erschienen ist.
790 2561 3910 2763 7) Genaue Angabe, wann "Um eine Stunde“ in der Neuen Freien Presse
1081 2647 1794 2759 erschienen ist.
790 2774 3639 2922 8) Genaue Angabe, wann das Gedicht "Wandernde Musikanten" im
1209 2871 3902 3046 Tag erschienen ist? Stimmt1926 für Das Prager Tageblatt?
775 3050 3511 3224 9) Im "Freien Landesboten", 1880, glaube ich, ist auch ein
1108 3185 3763 3352 Gedicht erschienen. Könnten Sie mir davon eine Abschrift
1286 3251 1651 3383 senden?
760 3344 3538 3565 10) Sonstige Werke, die nicht in Buchform erschienen sind:
