4408 5848
1030 844 3884 1143 select the first play of the season, and above all the first
1034 1065 3915 1232 program of a Theater. This was a privateolormance. In 1S25
1022 1232 4051 1423 The Call of Life was put on by the Actors' Theater at the Comedy
1038 1419 3977 1551 Theater. In the cast was Eva Le Gallienne who five years later
1042 1524 4016 1726 produced The Green Cockatoo. (1) The play was fated as "one of
1042 1714 3915 1897 the playe of the season most worth seeing." (2) The reviewer
1030 1854 3946 1975 whose opinion we have just lnoted thought also, "the first act
1034 1975 3899 2076 is by far the best because it is simplest and most clear cut.
1042 2029 4012 2146 After the girl goes to her lower the play grows lessbringing
1038 2123 4051 2231 as a picture of real life; but the genuineness of the émotion is
1057 2193 3969 2356 always clear and interestingly evident. In 1928 the America
1038 2348 3864 2519 Laboratory Theater presented The Bridal Vell. Robert Littell
1034 2476 4008 2628 called this production "pantomine at its best" (3), adding that
3849 2644 4027 2764 very
1069 2640 3767 2776 "it is one of the most competent and impginative item in
1042 2741 4051 2896 rem Vrk theatricaI wcason and is one of those things
1050 2842 2364 3009 that ought not to be missed.
1026 3048 1784 3227 10. Retrospect
1271 3250 4008 3437 If we pause for a brief retrospect we find that Schnitzler
1034 3437 3969 3627 was suadually but steadily evening for himself a stronghold in
1042 3553 3899 3716 the United States. His one-act playe met with the highest ap¬
1046 3744 3880 3899 proval. It is his one-act playe that built up his Keputation
1046 3872 3957 4016 utside of Europe but that is only one more proof of their ex-
1034 4051 3992 4249 cellence.oritics usually agree that a real test of an author's
1030 4210 4012 4366 ablety lies in whether or not his works adpeal not only to the
1030 4377 4059 4521 comparorsively small group of people living in hisürative city or
1042 4502 3981 4692 country, but also to people in foreign lands. If we are to use
1022 4669 4090 4848 this criterion in determining Schnitzler's field of most success-
1022 4817 4148 4992 ful activity up to 1918 it would be the realm of the one-act play.
1046 5100 1812 5295 1. ) See page 11.
1042 5190 3196 5369 2.) The Nation. Oct. 28, 1925, CXXI, no. 3147.
1034 5334 2978 5505 3.) New York Evening Post. Feb. 13, 1928.
