4280 5320
3472 227 3786 376 38.38
1262 819 3762 980 In Das Literarische Scho, in addition to the material
1274 925 3805 1074 which specifically pertaines to the reception of Arthur
1262 1003 3668 1144 Schnitzler in Berlin, the following bibliographical
1250 1066 2743 1230 material on Schnitzler appears:
827 1297 3805 1528 L.a. I. 862-3. April 1. 1899. Review of a performance of Para¬
831 1470 3919 1615 celsus, Gefährtin and Grüner Kakadu in Vienne by Arthur Jellinck.
839 1544 1160 1716 L.B.I.
1191 1552 3789 1771 , 466, January 1, 1899.bringing of "Vermächtnis" in Vianna
831 1638 1740 1826 by Arthur Jellinek.
823 1736 3907 2014 L.A. II. 1173, May 15. 1900. notice of the printing of "Reigen" as
815 1901 1356 2018 manuscri pt.
3527 2022 3774 2132 G.C.H.F.P
815 2006 3860 2226 L.S. II, 703, February 15, 1900. Comment on an article by Alfred
815 2128 3684 2324 Klaar on the activity of Austro-Germans in modern literature.
819 2281 3797 2445 L.E. II, 1209, June 1, 1900. Comment on article that pointed
807 2387 3758 2543 out "Der Grüne Kakadu" as the last link in a chain of dramas of
803 2437 1850 2582 the French Revolution.
3496 2547 3817 2680 Alperzes
796 2551 1861 2743 L.E.III, 550. February
1901 2543 3840 2810 1901. notice of an loestigation because
803 2688 2586 2818 of the published of Leutnant Gustl".
803 2774 3852 3037 L.A. III, 1145, July 1901. Hotice of Schnitzler’s expression from
3523 2767 3797 2916 Métale
784 2916 1411 3033 the reserve s.
768 2998 3742 3241 L.A. III. 911. April 1901. notice of an essay on Schnitzler by
772 3123 2935 3276 Hans Benjamin (Berl. Ztg., Sonnt.-Bl. no. 23).
768 3217 3793 3468 L.A. 111. 1127, May 1901. notice of an article on Schnitzler by
768 3378 2598 3558 Georg Brandes (N. Fr. Tresse, 13, 166).
760 3503 3911 3735 L.E. III, 1416, July 1901. Reprint of part of an article by Alfred
745 3593 3358 3762 Klaar in the Voss. Ztg. on the Leutnant Gustl question.
2410 3727 2563 3817 833
748 3758 3668 3919 L.E. IV, 50, October 1901. notice of a reviev of Schnitzler's
748 3833 3221 4025 Works by Prof. Max Koch in Die Zeit (bien) no. 361.
737 3993 3707 4170 L.L. IV. 509-24, January 1902. assay by Rudolf Lothar, (Wien).
741 4079 3648 4224 He says, "Seine (Schnitzler's) lyrische Kraft - Kraft der Emp-
737 4154 3652 4326 findung, Riefe des Gefühls - hebt ihn hoch über die Gruppe der
725 4220 2708 4358 Jungviener. ibid. p. 514.
1383 4338 1799 4452 t Jaffe
1881 4330 3351 4487 chon wieder ein jüdischer Roman
3437 4322 3652 4467 dont
1877 4409 2598 4558 Regesztg.. 1801
