4488 5528
3715 364 3960 633 23.
2342 376 2591 625 1,11
1250 910 4027 1135 The statement that "a complet is not without honor save in
914 1120 3996 1333 his own country “holds true in the reception of Arthur Schnitzler
926 1262 3940 1460 in Berlin. There was an altogether different tone in the criti-
926 1389 3936 1618 cisms of Schnitzler in Berlin than in Austria, especially in the
922 1559 3909 1741 more unfavorable ones. The genial, easy-going Viennesse seem to
922 1729 4012 1895 take pleasure in condemning the works of one of their active sons.
906 1899 4012 2113 when possible, and in their condemnation often become very person
898 2022 1084 2140 al.
1219 2128 3976 2382 In Berlin, even if a.critic.disapproved krongly of a work
910 2346 4008 2512 of Schnitzler, he mentioned an attitude of respect for the author
898 2524 3972 2651 in his review and never became personal.nenerary criticiem does
910 2647 3913 2825 not warrant reflections on the personal character of the author.
898 2773 3822 2983 This is what happened in Vienna. There were two diametrically
910 2971 3814 3141 opposed groups oforities in theSustrian city, who, dependin¬
894 3086 3786 3296 largely onBpolitical bias and party affiliations, as Dr. O.P.
882 3244 3917 3466 Schinnerer has pointed out in a recent article. "The Suppression
898 3410 3988 3620 of Schnitzler's Der grüne Kakadu", condemned or preised Schnitzier
874 3576 3984 3786 in accordance with the police of their paper. (90) The unfavorable
874 3739 3936 3897 press usually availed itself of the opportunity to carry on Auti-
866 3865 3905 4063 Semitie propaganda. Of Der Grüne Kakadu in Vienna the Deutsches
866 4027 4004 4233 Volksblatt (March 2, 1899) said: "Die erste Bühne der Stadt ist zu
862 4154 4035 4348 einer Ablagerungsstätte der dramatischen arzeugnisse des dichtenden
862 4336 3818 4514 Judentums geworden", thereby ce sting reflections on Schnitzler
855 4486 4031 4653 personally. More insulting was the Wiener Witzblatt (March 5, 1899)
2785 4724 3216 4850 named are
835 4819 3315 4977 90. The Germanic Review VI, 185, No.2, April 1931.
