4232 5336
3530 226 3752 379 39.
873 306 1038 456 1/2
1275 295 1428 436 " " "
272 371 479 513 1) 1
2251 1053 3779 1252 travorable reven of
1045 1061 2209 1252 V 1496, August 1, 1903,
838 1137 2600 1336 Reigen“ in Die Nage (Wien). VI, 23,
1937 1325 3871 1474 1903. notice of Schnitzler's marriage to
819 1309 1888 1478 L.E. V. 1516, August 1
819 1432 1918 1562 Fräulein Olga Gussmann.
816 1539 3614 1708 L.E. VIII. 363, December 1, 1905. Reviev of "Zwischenspiel"
819 1662 1727 1803 produced in Vienna.
3588 1650 3748 1815 G.H.F.P.S.
827 1773 3898 1937 L.E. VIII. 1525, August 1, 1906. notice of an article on Schnitz-
819 1888 3074 2025 ler by Victor Klemperer. (Ost und West ) VI, 5-6.
3392 2029 3856 2163 “Schetten-
2025 2010 3323 2159 1907. notice of an article
808 2014 1983 2175 L.L. IX, 616, January 15
808 2125 3733 2259 spiele" (Schnitzlers "Marionetten") by H. Friedemann, (Ost und
827 2186 1899 2336 West, Berlin, VI, 112).
2305 2316 3702 2473 travaille, the
1979 2332 2217 2450 1907,
816 2316 1941 2473 L.E. IX. 1096. April 15.
1979 2424 3212 2558 Neue Freie Presse (15291).
819 2427 1945 2565 seelen by Max Burckhard
2336 2554 3817 2669 Annoumcement of the Grillparzer
819 2558 2263 2684 L.E. X, 738, February 15, 1908.
827 2661 3339 2799 prize award to Schnitzler for his play "Zwischenspiel".
2167 2795 3894 2944 Notice of an analysis of Schnitzler's
819 2761 2079 2914 L.E. X. 803. March 1, 1908.
819 2895 3342 2994 werks by F. von Cuyck in "De vlaamsche Gids (III, 4).
2274 2998 3733 3147 “literatur” and Abschiedssouper
819 3029 2186 3166 L.E. X. 1011, April 15, 1908.
827 3128 3297 3262 ployed with success by the New Stage Club in England.
3055 3262 3691 3377 Der Weg ins
2144 3243 3078 3381 F Uyorable review of
1034 3231 1800 3411 x. 1359, July 1.
1834 3251 2087 3373 1908.
816 3254 999 3388 L.K.
1149 3354 3856 3488 by Raoul Auernheimer. (Neue Freie Presse 15728) and Willi
808 3369 1072 3446 Freie
804 3427 1099 3530 Handl.
1149 3427 2561 3557 ( Berliner Lok.-Anzeiger, 287).
3078 3461 3365 3591 G.C.F.P.
819 3553 3725 3702 L.E. X. 1433, July 15, 1908. duitice of unfavorable reviews of
858 3653 3859 3787 Der Weg ins Freie by Ludwig Hirschfeld (Frankf. Gen.-Anz., 148)
816 3741 2634 3875 and Monty Jakobs (Berliner Tagebl.319).
2795 3760 3021 3905 re vt
3285 3752 3626 3921 I Sehnt
808 3886 3725 4024 L.E. X. 1651, September 1, 1908. notice of more Iriticisms of
842 3974 1673 4089 Der Weg ins Freie
1129 4020 3633 4170 Arthur Eloesser (Voss. Ztg. 325)
1129 4127 3679 4254 Stephan Grossmann (Wiener Arbeiter Ztg. 194
1126 4204 3117 4315 Franz Zweybrück (Wiener Fremdenblatt, 199)
1129 4246 3928 4380 Herman Kienzel (Grazer Tagespost, 221)
1834 4342 3821 4495 "Schon wieder ein jüdischer Roman“ Deutsche
1118 4349 1773 4491 Robert Jaffe
1834 4426 2604 4533 Tagesztg., 180).
1792 4572 2477 4667 Wiener Freude
2573 4518 2795 4667 att.
2895 4506 3607 4706 29) Schnitsler
1574 4637 3775 4797 of the mesu[n] t-gennly
1137 4717 1719 4843 human fates.
