4344 5816
1282 272 1527 487 B.
917 948 3930 1151 bock up the same Theater. (1) On October 14, 1912 Winthrop Amen
929 1147 3626 1332 insugarated the second season of the little Theater with
936 1282 3949 1466 The Affairs of Anatol. In Munsey wagasine there is a picture (E)
933 1462 3826 1600 of Gail Kane who was Bianca in the second episode, and an ac¬
921 1589 3799 1777 count of the performance by M. White Jr. in which he says he
921 1758 3903 1907 lized it and everybody like it, and that "the sequence of five
936 1846 3853 1980 episodes was set forth in delightful fashion" with John Barry-
909 1996 3999 2207 more as Anatol and Gewald Yorke as Max. only five of the original
925 2095 2249 2264 seven soones were performed:
1144 2260 3953 2429 Seene 1. "Ask no questions"-Marguerite Clark very dainty as
1807 2322 2065 2425 Hilds
1144 2391 3101 2521 "Soene 2. "An Episode"-Gail Kane as Bianca
1167 2483 3377 2594 Scene 3. "The Supper Party"-Doris Keane as Mimi
1155 2560 3976 2679 Seene 4. "4 Christmas Present"-Katherine Emmett- This is the
1800 2656 3987 2767 most serious of the five episodes and the most
1800 2721 2648 2828 unique in setting.
1144 2767 3339 2916 Seene 5. "The Wedding Day"-Isabel Lee as Lona.
3488 2801 3653 2936 (3)
906 2916 3861 3078 On December 17, 1912 Chicago had two different performances of
902 3097 3972 3258 The Affaire of Anatol, one at the Five Arts Theater by a New York
906 3235 3914 3423 Company and one by the Chicago little Theater Company. This play
906 3362 3926 3557 was not only given on the New York and Chicago stages but it was
886 3561 3895 3703 also filmed in 1921 by Jeanne Macpherson. I believe this is the
883 3707 3926 3887 only Schnitzler play which has been filmed in the United States.
883 3845 3972 4068 The óhotoplay was very popular but since it was only adopted from
890 4026 3830 4171 the play by Schnitzler it was completely changed. Another dis-
875 4191 3964 4359 tination which only this play enjoye is the fact that in 1907 one
879 4313 3795 4513 of its seenes, "The Farewell Supper", was played in French by
879 4482 3910 4712 Charlotte Wiche in New York City. Still another point of import-
863 4739 2383 5023 1. ) New York Sun, Nov. 20. 1930.
1658 4854 2928 5039 ne, xLVIII, 519. Dec. 1912.
856 4935 2940 5169 a.) Munsey Wagasine, xLVIII, 527. Dec. 1912.
