4488 5880
1640 745 2777 956 Prose Works (continued)
918 914 3556 1129 Casanova's Homecoming. Translated by Eden and Ceder Paul
1072 982 3695 1178 New York, 1922, r. Seltner, 32.50, 201 pages (see 1930)
2720 1117 3744 1298 Translated by K.Burke
899 1178 2649 1306 "The fate of the Baron von Leisenbohg"
1102 1272 2901 1445 in The Dial, Dec. 1923, LXXV, 565- Sch2d.
918 1377 3612 1576 The Road to the Open, authorized translation by H. Samuel
1102 1490 3296 1637 New York. 1923. k. A. Knopf, $2.50, Hegages.
929 1648 2927 1821 Doctor Graesler, Translated by E. C. Slade
1114 1663 3702 1851 New York, r. Soltser, 1923, f2.50, 180 pages (see 1930)
1129 1791 3623 1953 (Albert and Charles Boni, New York, have acquired the
1155 1885 2498 2051 publiastions of T. Seltzer).
914 2024 2950 2186 "The Greek Dancer", in Stories from The Dia
1114 2133 2743 2276 New York, 1924, Lincoin Mac Veagh.
918 2261 3112 2412 “Lieutenant Gustl”, Trans1sted by Kenneth Burke
1125 2367 2931 2528 in Thedonnal, ug. 1925, LXVIX. 89-117.
941 2487 2954 2626 "The New Jong", Translated by Kenneth Burke
1136 2570 2980 2732 in Theausl, Nov. 1025, LXXIX, 365-369.
959 2724 3040 2897 Praulein Elee. Translated b Robert A. Simon
1155 2826 3642 2942 New York, 1925, Simon and Schuster, $1.50, 145 pages,
1159 2905 2382 3066 (Now in its 10th printing)
933 3014 3909 3221 "Fridolin and Albertine", (Traumnovolle), Translated by Posselt
1155 3149 2615 3303 in Vanity Fair. Oct.-Nov. 1920.
1437 3285 2724 3416 Translated by Agnes Jacques
948 3307 1392 3462 Bestrice.
1155 3307 3661 3499 New York,ul926, Simon and Schuster, $1.50, 173 pages.
1900 3484 3864 3612 (Leutnant Gustl), Translated by R.L. Simon
1163 3518 1851 3691 but the Breve,
959 3522 1159 3699 Nonc
1170 3589 3623 3747 Jew York, 1928, Simon and Schuster, $1.25, 74 pages.
948 3710 3443 3921 "Flower", in Great toties of All nations, edited by
1166 3830 2502 3962 M. Lieber and B. O. Williams
1166 3909 3074 4086 New York, 1927,urde's, pp. 505-51l.
978 4045 3672 4233 Rhapsody. (Traumnovelle) Translated by Otto P. Schinnerer
1166 4146 3691 4289 New York, 1927, Simon and Schuster, $1.50, 167 pages.
982 4263 3864 4474 Deybreak. (Spiel im Morgengrauen), Translated by Wm. A. Druke
1196 4368 3687 4519 New York, 1927, Simon and Schuster, $1.50, 204 pages.
2957 4459 3875 4639 Translated by Drake
1407 4504 2897 4699 The Chroniele of a roman's Life
1163 4534 1362 4692 -
982 4534 1178 4711 Thei
1166 4602 3706 4775 New York, 1928, Simon and Schuster, $2.50, 46O pages.
2163 4692 4109 4899 in Short Stories from Venity Feir le26-27.
963 4775 1697 4914 „she never knew“
982 4865 4003 5046 "Dead Hen tell No tales") with a foreword by Frank Crowninshield,
2163 4914 4082 5053 New York (Cop.ets-28) Horace Liveright
