4408 5864
3539 398 3755 565 2.6
839 789 3829 1040 when the book was put on public sale the following year John 3.
862 986 3895 1187 Sumner declared it immoral and on July 31, 1922 presented a case
866 1145 3848 1354 against it and at the same time against two other books, not by
874 1303 3883 1477 Schnitzler. The Publishers' déekly contains an excellentnenary
886 1462 3751 1632 of the suceeding events: "Carl Van Doren, Gilbert Seldes and
897 1512 3891 1709 others appeared in Comrs. Ind And Aressistant District Attorney James
886 1617 3895 1779 Wilson wsa inclined to admit all valid testimony and thus give a
886 1702 3802 1868 fair hearing to the defence. Magistrate Simpson read the books
893 1767 3895 1938 and declared all three 'a distinct contribution to literature of
905 1853 3771 2023 the present day.' Mr. Summer then, through the then District
886 1891 3910 2100 Attorney Banton sacred a Grand Jury Indictment. Mr. Seltser had
886 2011 3813 2170 not the necessary time and money and agreed not to missue the
897 2092 3782 2286 book, if the case were Lismissed.” (1) Consequently the book
901 2201 3918 2433 was not Gvailable in English translation until on Friday, August
893 2402 3840 2626 8, 1930 Simon and Schuster released their publication. So soon
897 2568 3837 2738 as the book was put on sale John S. Sumner, acting as a repre-
913 2700 3887 2901 sentative of the Society for the Suppression of Vice, presented
913 2819 3802 3094 a search warrant issued by Magistrate Gottlieb and seised 477
920 3013 3883 3225 copies of the novel. There were also summonses for the published-
928 3125 3871 3353 ing company, for Richard L. Simon and for Lawrence Hoyt of the
928 3307 3968 3535 sales staff, requiring them to appear before Magistrate Gottlieb
948 3496 3999 3721 at the fourth District Court at 10:30 on Monday, August 18, 1930.
928 3628 3956 3856 Simon and Schuster was represented by the Attorney Messrs. Gook,
932 3779 3898 4018 Nathan and Lehman and by Messrs. Greenbaum, Wolff and Ernst as
951 3953 3868 4146 special Counsel. The publichers stood by the book, stating "We
963 3976 4072 4223 submit that Casanova's Homecoming is not only a recognized classie
944 4119 3829 4312 of modern litérature but an entirely unimpeschable book," (2)
959 4274 3933 4459 and pointing to Otto P. Schinnerer's production to the book-
975 4432 3929 4587 "Casenova's Homecoming, therefore, is not a study in croticism,
971 4525 3933 4680 but a postie rendition of an experience that is universally hum
963 4602 3937 4761 and one to which all of us will sooner or later have to submit:
971 4637 4088 4827 the imporvitable fading of youth, the waning of our powers,
978 4757 3856 4923 the approach of age. That Schnitzler has personally felt this
971 4834 3864 5035 more Zeenly than the overage human being is merely due to his
2440 4997 2603 5175 ==== =====
1338 5113 3392 5322 Liehers' Weekly, Aug. 16, 1930, CXVIII, 595.
971 5256 3272 5484 2.) In a statement issued by Simon and Schuster.
