4472 5880
1782 883 2575 1070 Arthur Schnitsler
1020 1070 3685 1190 Transletions into English published in the United States
1953 1170 2438 1364 Prose Works,
1444 1281 3033 1428 (arranged in chronological order)
2404 1388 3782 1575 Translated by Fred. Eisemann
866 1444 1301 1585 "Flowers"
2441 1548 3591 1638 with an introduction, in
876 1531 1652 1662 "The Sage's Wife"
2448 1605 3919 1735 Vienneso Idylle by 2. Schnitsler
883 1605 2327 1742 "Blind Geronimo and his Brother
2434 1719 3812 1829 Boston, 1913. J.W. Luce & Co.
876 1709 2324 1839 "Andreas Thameyer's Last Letter
876 1786 1501 1899 "The Frerewell
2424 1782 2916 1909 182 pages.
876 1842 1836 2000 "The Dead are Silent"
886 1990 3153 2137 "She never knew", translated by Bestrice Marshall
1103 2070 3260 2240 in Fortnightly Review. Jan. 1914, Cl. 165-177.
889 2207 3554 2361 "Dead Men tell No demles", Translated by Bestrice Marshall
1097 2334 3350 2458 in Fortnightly Review, June 1914, OI, 1109-1122.
896 2471 2000 2615 "Dead Men tell No demles"
1103 2498 3310 2728 in Metropolitan, New York, July 1916, 11-XLIV, 26.
1605 2682 2899 2815 Translated by Agnes Jacques
913 2715 1568 2876 Bertha Gerlan.
1103 2802 2839 2912 New York, 1917, Boni & Liveright Inc.
1110 2856 3798 2989 (Half-title: Tho Modern Library of the World's Best Books
1134 2959 2327 3106 No. 39) $.60, 246 pages.
899 3076 1769 3233 "Crumbled Blosoms"
1842 3060 3130 3240 Trans1ated by Pierre Loving
1103 3160 3019 3324 in Tho Diel, June, 1920, IXVIII, 711-718.
1802 3297 3086 3464 Trans1ated by Pierre Loving
889 3324 1729 3467 "The Greek Dancer"
1117 3391 2949 3584 in Tho Diel. Sept. 1921, LXXI, 263-264.
869 3538 3277 3728 TThe Affairs of Anatol", Apartionized by Gladye Hall
1097 3641 3601 3778 in Motion Ploture Classic, June 1921, XII. 37-41, 70.
1354 3805 3561 3946 a Homecoming, Translated by Eden and Ceder Paul
920 3778 1311 3966 Cass nov###
2645 3879 3631 4016 for subscribers only,
1120 3892 2608 4012 New York, 1921, private Printing
2615 3949 3130 4093 (see 1922).
1120 3982 2438 4106 10., 201 pages, 1250 copies
906 4096 3518 4270 "Doctor Greesler", Translated by Paul Bloomfield Zeisler
1719 4170 3912 4347 Jaly-Nov. 1922, LXXIII, 1-22, 162-180, 246-270
1110 4216 1545 4354 in Tho Di
1110 4253 1926 4437 411-t24, 509-624.
2648 4360 3752 4517 Translated by O.F.Theis
896 4410 1879 4574 "The Shepherd's Pipe“
2976 4504 3584 4618 Shepherd's P
2648 4517 2986 4634 In The
1147 4524 1548 4628 Murderex“
896 4537 1100 4638 sthe
896 4591 3538 4721 “The Blind Geronimo and his Brother”) Otheruvries by 30
3574 4527 3956 4715 mitzler
1117 4705 2906 4795 New York, 1922, N.L. Brown, 169 pages
1134 4748 3574 4895 (On verso of half-title: The Sea Gull Library edited
1180 4832 2300 4942 by O.F. Theis, Vol. III)
1147 4892 3615 5072 (Frank Maurice Ino., New York, have acquired the pub-
1157 5006 3046 5133 lications of N. L. Brown prior toI926).
