4408 5496
3654 305 3971 555 13.
1694 341 1912 583 1.° 11
2480 353 2789 567 1.
956 742 4035 964 is an accusation which recurs often in criticisms of Schnitzler's
952 928 4102 1127 dramatic works. That he is a master of the "Einakter" is generally
952 1067 4023 1297 conoursed. Alfred Kerr (45), alone, who in the period embrac¬ by
944 1222 4027 1412 this study was perhaps the outstanding dramaticoritic of the Ger-
944 1361 4059 1579 man drama, preised this work. Of Freiwild he said: "Der ungewöhn-
940 1531 3936 1698 lich feine Uariss des Ganzen, diese Linien, wie vom Silberstift
952 1686 4003 1881 gezeichnet, diese meisterliche Schlankheit, kurz, das, was dieser
944 1865 3936 2051 Glückliche im gegenwärtigen Deutschland allein besitzt: das ist
952 1996 1734 2182 vorhanden." (46)
1262 2131 4039 2357 Schnitzler gained back some lost ground with his next play.
944 2309 4039 2515 Vermächtnis, which, like the drama just mentioned had its premiere
940 2468 4098 2646 in Berlin at the Deutsches Theater on October 8, 1898. The opening
940 2642 3991 2801 was well attended and the work was received with considerable en-
932 2773 3964 2952 thusiasm, yet it was apparent from the start that a long run was
920 2924 3999 3107 not assured. Alfredern, in his perculiar, yet charming oritical
920 3079 4110 3261 style, gives in four terse s[s]ntences a most Kornhensive criticism.
952 3226 3868 3420 "Ich hörte einst die süsse Stimme eines Knaben. Dann bekam er
909 3392 3944 3559 Stimmwechsel. Schnitzler stammt von einem dramatischen Meister.
916 3539 2373 3737 Er weist in die Zukunft.“ (47)
1234 3678 3979 3888 With the drama of the French Revolution. Der Grüne Kakadu,
905 3864 3845 4043 which & tracted much interest during the last two years of the
905 4043 3896 4217 nineteenth century, Schnitzler receptured whatever favor he may
901 4182 3845 4368 have lost with his tworieceding playe. This one act play was
881 4364 4063 4713 45. See Alfredern's complete oritical works. Die Welt im Drama.
1131 4594 3829 4765 S. Fischer Verlag. Berlin. 1917. Vol. I. 119-47 contains
1131 4694 2337 4809 criticisme of Schnitzler.
901 4741 1071 4860 46.
1143 4729 2460 4892 Die Neue Deutsche Rundschau.
2488 4725 3670 4900 VII. 1229. December 1896
897 4824 3622 5007 47. Die Neue Deutsche Kunischau, IX. 1319. December 1898.
