4472 5528
1243 941 3909 1143 It has been pointed out by Dr. O. P. Schinnerer that the
922 1100 3816 1340 first words of Arthur Schnitzler ever to find their was into
934 1274 3866 1495 point, a poem entitled "Liebeslied der Ballerine" and a dialect
945 1449 3866 1670 "Über den istriotismus" appeared not in a Viennese or Austrian
934 1615 3847 1809 peper, but in Germany in Der freie Landesbote of Munich. This
922 1790 3990 1952 fact foreshadows the fate of many of Schnitzler's later works. 1)
1759 1890 1933 1991 G.H.F.P.
1240 1914 4036 2100 After early contributions, chiefly to the periodical Ñn der
914 2053 3936 2262 schönen blauen Donau.(2) Schnitzler contributed regularly to the
926 2251 4013 2440 Neue Deutsche Rundschau, published by S. Fischer, and thereby came
922 2421 4036 2588 into contact with the published house that was to issue the great
922 2530 3967 2739 majority of his works. From 1892 until 1914 this periodical pub-
926 2673 3982 2898 strinted thirteen works by Schnitzler, most of which were represented
914 2828 1964 2983 later in book form. (3)
3424 2917 3905 3072 univermäri
1224 3037 3847 3192 It is interesting to note that during the corresponding
910 3192 3971 3355 period Gerhart Hauptmann, the most outstanding author in Germany,
914 3351 3932 3525 published only seven works in the above mentioned periodical. (4)
3374 3544 4060 3688 Innissler einen
910 3552 4005 3750 1. "The early Works of Arthur Schnitzler". The Germanic Review.IV,
2533 3742 3982 3866 The Literary Apprenticeship of
1100 3730 2398 3878 No.?  April 1929. pp. 157f.
1108 3823 3738 3986 Arthur Schnitzler. Ibid., V. No. 1, January 1930. p. 59.
1112 3889 3142 4025 Of. Schinnerer, op.cit., 156, Bibliography.
1089 3955 3978 4079 See Bibliography of Schnitzler's works first published in the
1089 4052 2642 4145 Neue Rundschau, 1892-1914. p. 37.
1096 4126 4005 4242 Hauptmann's publications in the Deutsche Rundschau, 1895-1914:
1240 4219 3297 4319 1. Das Friedensfast, I, 16-30, 49-61, 78-88.
1243 4284 3924 4451 2. Einsame Menschen, I, 1259-63; 11, 21-32, 49-56, 74-80,
1375 4354 2836 4447 100-04, 122-28, 150-60, 176-84.
1112 4432 4071 4532 3. Prolog zur Wiedereröffnung des Deutschen Theaters, V.968.
1220 4528 2580 4610 4. Das Hirtenlief, XV, 1-26.
1220 4598 2134 4683 5. Elga, XVI, 1-51.
1232 4664 2499 4769 6. Drei Sonette, XVII, 1-3.
1232 4676 3843 4931 7. Die Griechische Reise, XIX, 6-30, 584-99, 1283-1301.
