4115 4423
2168 1026 3386 1230 Mit herzlichem Gruße an Sie u. Ihre Frau
605 1066 1016 1238 JOSEF POPPER
2174 1153 2481 1296 gemalie
1236 1170 1968 1355 Wien den 23. November
695 1193 958 1281 WIEN
2388 1181 2744 1333 bin ich Ihr
658 1261 1021 1360 1º V'altergasse 2
2821 1246 3133 1393 J. Papper
1486 1283 1650 1386 147
603 1365 1530 1571 Sehr geehrter Herr Doctor
570 1446 1913 1678 Meinen besten Dank für die Zusendung Ihrer
650 1563 1421 1741 Konkodie fink in Kinderbusch.
708 1550 1901 1818 Ich habe sie in einen Zuger-durchgelesen,
705 1658 1780 1868 2 mich 1) köstlich auch mit 2) Mit im
660 1640 1918 1923 Tandagen u. den Grüßelhieber sehr gefundt,
690 1728 1938 1995 Als besonders hinter und geist mich erscheint
685 1825 1721 2061 mir der 1. das finale des 3. Mts.
713 1881 1891 2141 Fetreffend die von der Kritikum in den
715 1933 1961 2204 Januoden eingebietete hatzkanzogne möchte
680 2053 1955 2356 Gerade bezeigen, denn Brief die Tadeln ist, sind
690 2093 1340 2284 ich einige Worte sagen,
688 2151 1951 2391 Der empfindlichsten Wenn sie selbst kritisam
716 2211 1886 2446 werden. Das weiß ich schon seit langem.
750 2263 1926 2518 bei Ihrem Lieutenant Püstel haben sie
700 2321 1920 2616 gan nichts auszusetzen gehabt obmahl sie
705 2413 1910 2646 mit demselben Recht /unrecht / hätten sogar
730 2448 1940 2718 können der Autor klagt mein ganzer Brief
741 2533 1873 2774 an dem doch so viele ehmewerthe Männer,
753 2568 1963 2829 angehören. Aber bei Ihrer Konödie, das sagen
765 2651 1895 2894 sins! Kannach einer hat ganz wichtig auf
753 2678 1923 2961 Molière's Tartaffo hinzweise. Da
773 2773 1925 3016 dürfte Niemand einen schlechten Gerekter
808 2824 1918 3058 auf die Bühne bringen, mit jedes
800 2891 1901 3138 Jndicidium irgend einige Berufe an¬
961 2989 1866 3218 gehört. Sie den auch anständige
1130 3049 1576 3213 Lette gegen.
