4115 4423
384 829 769 1011 OISEF PPER
972 931 1806 1151 Wien der 7. April 1919.
440 997 696 1084 WIEN
327 1035 844 1156 XIII. Wollargasse 2 s
520 1115 1645 1354 Sehr geehrter Herr u. Freund.
457 1245 1823 1488 V lige diesem ein Gedicht bei, das mir
552 1323 1925 1548 sehr gefällt u. ich möchte wissen, was
573 1468 1814 1719 der Dichter“ ist Vorrektor beim N. W.
523 1477 1078 1652 Die Dazu sagen.
587 1649 945 1800 Frigblatt.
614 1623 1887 1884 bitte, Herr Herr - Hofmann eine Freude
598 1751 1877 2014 sowohl an seinem Werk, ob am Erfolg
617 1848 1714 2058 im Burgtheater mitzutheilen,
575 1911 1906 2210 Jetzt dann man Wien wahrhaftig
564 2044 1754 2264 nicht nachsagen, daß es, wenig
633 2114 1811 2368 stens, in Gebiet des Dramas¬
627 2176 1908 2418 das doch ein hohes Kultingebiet
639 2269 1833 2498 ist - nicht eine sehr hohe Stufe
583 2370 1908 2612 einnimmt; ich glaube die Franzosen
626 2447 1910 2697 haber jetzt nicht so beden fande,
641 2552 1869 2788 Dramatsker, auch die deutschen
675 2650 1898 2888 nicht wie Sie Schönherr Wild
684 2825 1696 2979 Geur u. Beur - Hofmann.
728 2880 1511 3083 Ich freue mich damit.
760 2945 1881 3222 herzliche Grüße an Sie von Ihre
781 3103 1442 3384 Frau Gemalin.
1417 3200 1708 3430 1. Nopper
348 3357 771 3526 mit einem Gedicht.
