<?xml version="1.0" encoding="UTF-8" standalone="yes"?>
<PcGts xmlns="http://schema.primaresearch.org/PAGE/gts/pagecontent/2013-07-15" xmlns:xsi="http://www.w3.org/2001/XMLSchema-instance" xsi:schemaLocation="http://schema.primaresearch.org/PAGE/gts/pagecontent/2013-07-15 http://schema.primaresearch.org/PAGE/gts/pagecontent/2013-07-15/pagecontent.xsd">
    <Metadata>
        <Creator>prov=READ-COOP:name=TrHtr:version=2.1.0:model_id=51170:date=25_07_2023_12:21</Creator>
        <Created>2023-05-01T22:05:43.003+02:00</Created>
        <LastChange>2023-07-25T12:21:25.604+02:00</LastChange>
        <TranskribusMetadata docId="1416469" pageId="54947977" pageNr="5" tsid="130621674" status="IN_PROGRESS" userId="64420" imgUrl="https://files.transkribus.eu/Get?id=MBYJTCVXGGQPDSKUCYVTYERG&amp;fileType=view" xmlUrl="https://files.transkribus.eu/Get?id=AGTNTOGZPOFXQRIZNJLQGOLP" imageId="44452032"/>
    </Metadata>
    <Page imageFilename="1416469_0005.jpg" imageWidth="4124" imageHeight="4424">
        <ReadingOrder>
            <OrderedGroup id="ro_1711830090116" caption="Regions reading order">
                <RegionRefIndexed index="0" regionRef="tr_2"/>
                <RegionRefIndexed index="1" regionRef="tr_1"/>
            </OrderedGroup>
        </ReadingOrder>
        <TextRegion id="tr_2" custom="readingOrder {index:0;}">
            <Coords points="567,911 1958,911 1958,3081 567,3081"/>
            <TextLine id="tr_2_tl_1" custom="readingOrder {index:0;}">
                <Coords points="621,981 688,964 824,969 847,988 957,1019 938,843 911,859 893,847 859,855 821,885 771,859 733,873 713,861 678,873 649,862 611,885"/>
                <Baseline points="629,964 674,961 719,964 764,967 808,973 853,979 898,988 943,991 958,994"/>
                <TextEquiv>
                    <Unicode>OISEF POPPE</Unicode>
                </TextEquiv>
            </TextLine>
            <TextLine id="tr_2_tl_2" custom="readingOrder {index:1;}">
                <Coords points="1165,1059 1248,1078 1298,1050 1372,1052 1417,1079 1470,1059 1539,1107 1608,1062 1659,1083 1859,1005 1866,929 1783,969 1628,916 1568,948 1387,964 1174,933"/>
                <Baseline points="1176,1053 1194,1053 1238,1050 1283,1047 1328,1044 1373,1038 1417,1038 1462,1032 1507,1029 1552,1029 1597,1026 1641,1026 1686,1023 1731,1017 1776,1011 1820,1003 1865,1003"/>
                <TextEquiv>
                    <Unicode>Wien den 5. Juni 1916</Unicode>
                </TextEquiv>
            </TextLine>
            <TextLine id="tr_2_tl_3" custom="readingOrder {index:2;}">
                <Coords points="685,1050 723,1060 735,1053 781,1069 787,1062 835,1072 840,1065 869,1084 935,1079 921,1000 898,1002 885,991 861,993 837,979 807,981 768,967 730,973 688,964 673,973"/>
                <Baseline points="692,1038 737,1050 782,1056 826,1065 871,1071 916,1077 937,1074"/>
                <TextEquiv>
                    <Unicode>WIEN</Unicode>
                </TextEquiv>
            </TextLine>
            <TextLine id="tr_2_tl_4" custom="readingOrder {index:3;}">
                <Coords points="556,1186 652,1162 1017,1229 1112,1184 1213,1227 1446,1158 1549,1200 1938,1117 1938,1022 1472,1112 1312,1071 1241,1112 1060,1086 878,1124 558,1021"/>
                <Baseline points="567,1074 611,1086 656,1107 701,1131 746,1140 791,1149 835,1155 880,1158 925,1161 972,1163 972,1163 1003,1182 1047,1191 1092,1185 1137,1182 1182,1176 1226,1173 1271,1167 1316,1164 1361,1164 1406,1158 1450,1155 1495,1149 1540,1149 1585,1146 1629,1143 1674,1134 1719,1134 1764,1125 1809,1119 1853,1116 1898,1107 1943,1098"/>
                <TextEquiv>
                    <Unicode>XIII. Woltergasse 24 Jahre geehmtem Herr Doctor!</Unicode>
                </TextEquiv>
            </TextLine>
            <TextLine id="tr_2_tl_5" custom="readingOrder {index:4;}">
                <Coords points="582,1344 680,1301 890,1327 969,1281 1083,1322 1227,1251 1608,1251 1843,1212 1847,1164 1198,1231 1115,1182 1007,1236 594,1203"/>
                <Baseline points="594,1298 597,1298 641,1298 686,1298 731,1295 776,1292 820,1289 865,1283 910,1280 955,1277 1000,1274 1044,1268 1089,1265 1134,1262 1179,1256 1223,1253 1268,1247 1313,1244 1358,1241 1403,1238 1447,1232 1492,1226 1537,1226 1582,1226 1626,1220 1671,1214 1716,1208 1761,1206 1806,1203 1850,1197"/>
                <TextEquiv>
                    <Unicode>Ich wollte Ihnen schon vor einigen Tage</Unicode>
                </TextEquiv>
            </TextLine>
            <TextLine id="tr_2_tl_6" custom="readingOrder {index:5;}">
                <Coords points="614,1427 745,1375 979,1353 1022,1401 1098,1341 1868,1282 1874,1210 1341,1244 1079,1331 971,1281 890,1339 826,1298 623,1337"/>
                <Baseline points="629,1382 665,1382 710,1376 755,1370 800,1364 844,1361 889,1358 934,1352 979,1352 1023,1346 1068,1343 1113,1340 1158,1334 1203,1331 1247,1325 1292,1322 1337,1316 1382,1313 1426,1304 1471,1304 1516,1301 1561,1298 1606,1295 1650,1289 1695,1280 1740,1274 1785,1271 1829,1265 1874,1256"/>
                <TextEquiv>
                    <Unicode>schreiben, dachte aber ich sollte Sie doch</Unicode>
                </TextEquiv>
            </TextLine>
            <TextLine id="tr_2_tl_7" custom="readingOrder {index:6;}">
                <Coords points="613,1491 756,1436 1313,1415 1881,1320 1744,1270 1553,1349 1442,1305 1270,1372 1186,1341 1021,1398 976,1356 618,1432"/>
                <Baseline points="626,1456 629,1456 674,1450 719,1441 764,1435 808,1429 853,1429 898,1423 943,1417 988,1411 1032,1408 1077,1408 1122,1406 1167,1400 1211,1397 1256,1394 1301,1388 1346,1385 1391,1382 1435,1379 1480,1376 1525,1367 1570,1361 1614,1358 1659,1352 1704,1349 1749,1343 1794,1340 1838,1337 1883,1328"/>
                <TextEquiv>
                    <Unicode>nicht mit meinen (leiblichen) Unge¬</Unicode>
                </TextEquiv>
            </TextLine>
            <TextLine id="tr_2_tl_8" custom="readingOrder {index:7;}">
                <Coords points="602,1539 781,1563 1065,1501 1201,1565 1392,1473 1921,1410 1926,1343 1530,1363 1312,1436 1220,1396 1038,1406 966,1458 761,1430 651,1504 608,1485"/>
                <Baseline points="614,1528 626,1528 671,1522 716,1516 761,1510 805,1504 850,1498 895,1495 940,1492 985,1486 1029,1480 1074,1477 1119,1474 1164,1471 1208,1465 1253,1465 1298,1462 1343,1453 1388,1453 1432,1447 1477,1447 1522,1441 1567,1435 1611,1432 1656,1423 1701,1420 1746,1417 1791,1414 1835,1408 1880,1397 1925,1400"/>
                <TextEquiv>
                    <Unicode>legenheiten belästigen und unterließ es</Unicode>
                </TextEquiv>
            </TextLine>
            <TextLine id="tr_2_tl_9" custom="readingOrder {index:8;}">
                <Coords points="639,1683 1145,1620 1210,1666 1332,1608 1427,1658 1541,1590 1623,1621 1720,1570 1907,1578 1914,1516 1413,1539 1279,1506 1201,1565 905,1544 804,1602 645,1608"/>
                <Baseline points="650,1671 659,1668 704,1665 749,1659 794,1653 838,1650 883,1644 928,1638 973,1638 1017,1632 1062,1629 1107,1626 1152,1620 1197,1617 1241,1617 1286,1611 1331,1608 1376,1606 1420,1603 1465,1597 1510,1591 1555,1585 1600,1579 1644,1573 1689,1570 1734,1564 1779,1564 1823,1561 1868,1561 1913,1561"/>
                <TextEquiv>
                    <Unicode>Nun Lam aber herben Ihr u. Ihrer wer¬</Unicode>
                </TextEquiv>
            </TextLine>
            <TextLine id="tr_2_tl_10" custom="readingOrder {index:9;}">
                <Coords points="645,1608 668,1616 701,1594 714,1592 726,1601 754,1587 769,1599 781,1594 800,1604 838,1582 868,1585 871,1556 811,1547 781,1563 773,1554 726,1565 701,1539 652,1558"/>
                <Baseline points="656,1600 695,1594 740,1588 785,1582 829,1576 874,1573"/>
                <TextEquiv>
                    <Unicode>dafür.</Unicode>
                </TextEquiv>
            </TextLine>
            <TextLine id="tr_2_tl_11" custom="readingOrder {index:10;}">
                <Coords points="676,1764 1100,1699 1224,1718 1429,1664 1830,1664 1838,1587 1547,1601 1439,1654 1331,1608 1210,1666 1146,1620 933,1685 802,1656 682,1723"/>
                <Baseline points="689,1740 719,1737 764,1734 808,1731 853,1725 898,1719 943,1716 988,1710 1032,1707 1077,1701 1122,1698 1167,1692 1211,1689 1256,1686 1301,1680 1346,1674 1391,1668 1435,1665 1480,1662 1525,1656 1570,1653 1614,1647 1659,1644 1704,1641 1749,1638 1794,1635 1838,1629"/>
                <TextEquiv>
                    <Unicode>than Frau Gemalie hierinliches</Unicode>
                </TextEquiv>
            </TextLine>
            <TextLine id="tr_2_tl_12" custom="readingOrder {index:11;}">
                <Coords points="773,1852 824,1871 991,1790 1108,1806 1181,1764 1360,1788 1446,1742 1694,1745 1828,1716 1833,1659 1692,1640 1556,1697 1408,1664 1324,1709 1019,1707 883,1773 833,1732 783,1749"/>
                <Baseline points="785,1826 803,1823 847,1811 892,1800 937,1794 982,1788 1026,1782 1071,1776 1116,1773 1161,1767 1206,1761 1250,1758 1295,1752 1340,1746 1385,1743 1429,1740 1474,1734 1519,1731 1564,1728 1608,1722 1653,1719 1698,1716 1743,1713 1788,1710 1832,1707"/>
                <TextEquiv>
                    <Unicode>Schreiben aus Alt — Außer¬</Unicode>
                </TextEquiv>
            </TextLine>
            <TextLine id="tr_2_tl_13" custom="readingOrder {index:12;}">
                <Coords points="706,1904 1422,1812 1849,1807 1874,1720 1757,1714 1528,1783 1413,1754 1306,1802 1189,1764 787,1880 713,1838"/>
                <Baseline points="716,1901 752,1898 797,1895 841,1886 886,1877 931,1871 976,1868 1020,1862 1065,1856 1110,1850 1155,1844 1200,1838 1244,1835 1289,1829 1334,1823 1379,1820 1423,1814 1468,1809 1513,1806 1558,1803 1603,1800 1647,1797 1692,1794 1737,1791 1782,1785 1826,1782 1871,1776"/>
                <TextEquiv>
                    <Unicode>in dem Sie sich nach meinem Be¬</Unicode>
                </TextEquiv>
            </TextLine>
            <TextLine id="tr_2_tl_14" custom="readingOrder {index:13;}">
                <Coords points="688,1973 730,1997 969,1943 990,1966 1050,1936 1399,1909 1410,1830 1220,1835 1136,1871 1096,1850 983,1911 864,1880 780,1921 695,1904"/>
                <Baseline points="698,1973 734,1970 779,1967 823,1961 868,1955 913,1946 958,1940 1003,1937 1047,1931 1092,1925 1137,1922 1182,1916 1226,1913 1271,1910 1316,1904 1361,1898 1406,1898"/>
                <TextEquiv>
                    <Unicode>finden erkundigen.</Unicode>
                </TextEquiv>
            </TextLine>
            <TextLine id="tr_2_tl_15" custom="readingOrder {index:14;}">
                <Coords points="704,2081 1344,1985 1411,2019 1718,1948 1835,1997 1923,1967 1935,1849 1756,1885 1656,1840 1484,1871 1358,1955 1208,1933 711,2016"/>
                <Baseline points="716,2065 722,2065 767,2056 811,2047 856,2038 901,2032 946,2026 991,2017 1035,2014 1080,2009 1125,2006 1170,2000 1214,1997 1259,1994 1304,1988 1349,1982 1394,1976 1438,1973 1483,1967 1528,1961 1573,1958 1617,1955 1662,1952 1707,1946 1752,1943 1797,1940 1841,1937 1886,1934 1931,1937"/>
                <TextEquiv>
                    <Unicode>Vor Allem meinen besten Dank für</Unicode>
                </TextEquiv>
            </TextLine>
            <TextLine id="tr_2_tl_16" custom="readingOrder {index:15;}">
                <Coords points="780,2165 828,2181 952,2117 1203,2076 1372,2093 1541,2038 1701,2045 1709,1962 1625,1966 1542,2019 1506,2000 1406,2029 1344,1983 1219,2047 1165,2009 1067,2014 988,2069 883,2033 788,2079"/>
                <Baseline points="794,2119 811,2119 856,2116 901,2110 946,2104 991,2098 1035,2095 1080,2086 1125,2083 1170,2080 1214,2074 1259,2071 1304,2065 1349,2062 1394,2056 1438,2050 1483,2044 1528,2038 1573,2032 1617,2029 1662,2026 1707,2020"/>
                <TextEquiv>
                    <Unicode>nen Aufmerksamkeit.</Unicode>
                </TextEquiv>
            </TextLine>
            <TextLine id="tr_2_tl_17" custom="readingOrder {index:16;}">
                <Coords points="785,2245 960,2186 1062,2224 1169,2162 1520,2117 1883,2112 1911,2060 1718,2083 1573,2036 1360,2093 1287,2069 902,2136 790,2191"/>
                <Baseline points="798,2202 844,2200 889,2194 934,2188 979,2182 1023,2176 1068,2173 1113,2167 1158,2161 1203,2155 1247,2152 1292,2146 1337,2140 1382,2134 1426,2128 1471,2122 1516,2116 1561,2110 1606,2107 1650,2107 1695,2101 1740,2098 1785,2098 1829,2095 1874,2095 1910,2092"/>
                <TextEquiv>
                    <Unicode>Mein Heiserkeit blieb unver¬</Unicode>
                </TextEquiv>
            </TextLine>
            <TextLine id="tr_2_tl_18" custom="readingOrder {index:17;}">
                <Coords points="723,2301 1592,2186 1675,2248 1797,2189 1924,2207 1930,2153 1744,2107 1589,2164 1491,2121 1217,2183 1181,2158 1076,2224 964,2186 728,2245"/>
                <Baseline points="734,2283 764,2280 808,2277 853,2271 898,2265 943,2262 988,2259 1032,2253 1077,2247 1122,2238 1167,2232 1211,2223 1256,2220 1301,2214 1346,2212 1391,2206 1435,2200 1480,2194 1525,2191 1570,2188 1614,2185 1659,2182 1704,2179 1749,2176 1794,2176 1838,2179 1883,2179 1928,2182"/>
                <TextEquiv>
                    <Unicode>ändert trotz Inhalationen. Gestern</Unicode>
                </TextEquiv>
            </TextLine>
            <TextLine id="tr_2_tl_19" custom="readingOrder {index:18;}">
                <Coords points="754,2365 1386,2289 1547,2341 1701,2260 1947,2248 1952,2193 1847,2220 1787,2189 1673,2250 1589,2188 1497,2238 1374,2226 1312,2275 1241,2220 1074,2275 763,2289"/>
                <Baseline points="764,2361 788,2358 832,2352 877,2346 922,2340 967,2334 1011,2331 1056,2325 1101,2319 1146,2310 1191,2304 1235,2301 1280,2295 1325,2289 1370,2283 1414,2283 1459,2277 1504,2271 1549,2265 1594,2265 1638,2262 1683,2259 1728,2256 1773,2253 1817,2250 1862,2244 1907,2238 1952,2232"/>
                <TextEquiv>
                    <Unicode>wurde mit Kellkopffpiegel im</Unicode>
                </TextEquiv>
            </TextLine>
            <TextLine id="tr_2_tl_20" custom="readingOrder {index:19;}">
                <Coords points="735,2449 864,2487 979,2411 1041,2451 1270,2382 1871,2339 1880,2257 1701,2260 1551,2339 1479,2312 1365,2358 1152,2313 1096,2353 950,2339 742,2391"/>
                <Baseline points="746,2438 758,2435 803,2432 847,2429 892,2423 937,2417 982,2412 1026,2403 1071,2400 1116,2397 1161,2391 1206,2388 1250,2382 1295,2379 1340,2373 1385,2367 1429,2364 1474,2358 1519,2355 1564,2349 1608,2346 1653,2343 1698,2337 1743,2328 1788,2322 1832,2319 1877,2319"/>
                <TextEquiv>
                    <Unicode>tersucht, Befund. Keine Spur</Unicode>
                </TextEquiv>
            </TextLine>
            <TextLine id="tr_2_tl_21" custom="readingOrder {index:20;}">
                <Coords points="759,2522 1899,2420 1905,2346 1740,2325 1584,2410 1441,2365 1394,2396 1272,2382 1177,2441 1084,2420 991,2475 764,2479"/>
                <Baseline points="770,2513 785,2513 829,2510 874,2501 919,2498 964,2492 1008,2486 1053,2480 1098,2474 1143,2471 1188,2465 1232,2459 1277,2453 1322,2453 1367,2447 1411,2444 1456,2441 1501,2438 1546,2435 1591,2429 1635,2426 1680,2420 1725,2417 1770,2409 1814,2403 1859,2397 1904,2394"/>
                <TextEquiv>
                    <Unicode>von Katarrh, sondern ein Stimm¬</Unicode>
                </TextEquiv>
            </TextLine>
            <TextLine id="tr_2_tl_22" custom="readingOrder {index:21;}">
                <Coords points="792,2609 1078,2615 1257,2535 1432,2573 1647,2499 1811,2523 1885,2504 1895,2422 1580,2477 1429,2455 1191,2534 1076,2480 800,2522"/>
                <Baseline points="803,2594 820,2594 865,2588 910,2579 955,2573 1000,2570 1044,2561 1089,2558 1134,2552 1179,2546 1223,2540 1268,2537 1313,2531 1358,2528 1403,2522 1447,2519 1492,2516 1537,2510 1582,2507 1626,2501 1671,2495 1716,2492 1761,2486 1806,2477 1850,2471 1895,2468"/>
                <TextEquiv>
                    <Unicode>band ist geichmt (paralyzierth;)</Unicode>
                </TextEquiv>
            </TextLine>
            <TextLine id="tr_2_tl_23" custom="readingOrder {index:22;}">
                <Coords points="811,2675 1279,2646 1429,2601 1575,2639 1694,2572 1769,2603 1845,2561 1947,2575 1955,2498 1720,2541 1652,2499 1551,2511 1432,2572 1251,2535 1079,2615 964,2597 814,2639"/>
                <Baseline points="820,2671 835,2668 880,2662 925,2656 970,2650 1014,2644 1059,2641 1104,2632 1149,2626 1194,2620 1238,2617 1283,2614 1328,2609 1373,2606 1417,2600 1462,2600 1507,2594 1552,2582 1597,2573 1641,2570 1686,2570 1731,2564 1776,2561 1820,2558 1865,2552 1910,2549 1955,2546"/>
                <TextEquiv>
                    <Unicode>wir warten eine, Woche, wenn es</Unicode>
                </TextEquiv>
            </TextLine>
            <TextLine id="tr_2_tl_24" custom="readingOrder {index:23;}">
                <Coords points="759,2757 942,2735 1065,2773 1344,2685 1680,2646 1757,2682 1819,2640 1948,2664 1957,2585 1694,2572 1604,2635 1375,2618 1238,2666 1024,2644 763,2725"/>
                <Baseline points="770,2749 794,2749 838,2743 883,2737 928,2734 973,2728 1017,2722 1062,2716 1107,2710 1152,2704 1197,2698 1241,2692 1286,2689 1331,2686 1376,2680 1420,2674 1465,2668 1510,2665 1555,2659 1600,2656 1644,2650 1689,2644 1734,2641 1779,2635 1823,2632 1868,2629 1913,2626 1958,2626"/>
                <TextEquiv>
                    <Unicode>nicht besser wird so elektrisiere</Unicode>
                </TextEquiv>
            </TextLine>
            <TextLine id="tr_2_tl_25" custom="readingOrder {index:24;}">
                <Coords points="1107,2840 1267,2809 1308,2825 1363,2794 1456,2828 1568,2780 1630,2792 1699,2745 1890,2735 1919,2656 1819,2640 1757,2682 1732,2658 1676,2690 1616,2666 1544,2701 1497,2673 1392,2720 1360,2687 1250,2699 1114,2775"/>
                <Baseline points="1122,2788 1158,2785 1203,2779 1247,2773 1292,2767 1337,2761 1382,2755 1426,2752 1471,2749 1516,2749 1561,2743 1606,2740 1650,2737 1695,2734 1740,2728 1785,2725 1829,2719 1874,2713 1919,2710"/>
                <TextEquiv>
                    <Unicode>Jetzt fürchte ich, daß die</Unicode>
                </TextEquiv>
            </TextLine>
            <TextLine id="tr_2_tl_26" custom="readingOrder {index:25;}">
                <Coords points="680,2940 787,2907 952,2943 1155,2862 1720,2807 1811,2871 1885,2844 1895,2742 1100,2852 1029,2794 692,2826"/>
                <Baseline points="692,2919 731,2913 776,2907 820,2904 865,2898 910,2892 955,2886 1000,2880 1044,2874 1089,2868 1134,2862 1179,2856 1223,2853 1268,2850 1313,2844 1358,2841 1403,2835 1447,2832 1492,2826 1537,2823 1582,2820 1626,2815 1671,2812 1716,2809 1761,2803 1806,2800 1850,2794 1895,2794"/>
                <TextEquiv>
                    <Unicode>Sachs nicht mehr gut, wird ich</Unicode>
                </TextEquiv>
            </TextLine>
            <TextLine id="tr_2_tl_27" custom="readingOrder {index:26;}">
                <Coords points="807,2825 821,2826 831,2819 852,2826 864,2818 873,2823 876,2819 890,2830 904,2818 907,2823 926,2821 933,2751 917,2752 866,2794 838,2764 812,2756"/>
                <Baseline points="817,2823 841,2820 886,2817 931,2812"/>
                <TextEquiv>
                    <Unicode>ich.</Unicode>
                </TextEquiv>
            </TextLine>
            <TextLine id="tr_2_tl_28" custom="readingOrder {index:27;}">
                <Coords points="742,3038 945,2966 1353,2961 1515,2909 1943,2950 1952,2857 1804,2873 1601,2823 1392,2856 1281,2919 747,2971"/>
                <Baseline points="755,2988 791,2985 835,2982 880,2976 925,2970 970,2961 1014,2958 1059,2955 1104,2949 1149,2946 1194,2946 1238,2943 1283,2940 1328,2937 1373,2931 1417,2925 1462,2916 1507,2910 1552,2907 1597,2907 1641,2898 1686,2898 1731,2895 1776,2892 1820,2889 1865,2886 1910,2880 1955,2880"/>
                <TextEquiv>
                    <Unicode>für immer Stimlos bleibe, wozu</Unicode>
                </TextEquiv>
            </TextLine>
            <TextLine id="tr_2_tl_29" custom="readingOrder {index:28;}">
                <Coords points="766,3079 1313,3023 1418,3081 1554,3024 1751,3076 1802,3062 1814,2918 1713,2945 1661,2902 1568,2935 1482,2912 1274,2992 1208,2945 1083,2997 979,2961 769,3048"/>
                <Baseline points="776,3071 782,3071 826,3062 871,3056 916,3053 961,3047 1005,3041 1050,3038 1095,3032 1140,3029 1185,3026 1229,3020 1274,3020 1319,3015 1364,3012 1408,3006 1453,3003 1498,3000 1543,2997 1588,2997 1632,2991 1677,2988 1722,2985 1767,2979 1811,2973"/>
                <TextEquiv>
                    <Unicode>ich bemerken muß, daß ich</Unicode>
                </TextEquiv>
            </TextLine>
        </TextRegion>
        <TextRegion id="tr_1" custom="readingOrder {index:1;}">
            <Coords points="2080,833 3468,833 3468,2562 2080,2562"/>
            <TextLine id="tr_1_tl_1" custom="readingOrder {index:0;}">
                <Coords points="2069,1002 2224,1022 2382,964 2453,1016 2563,945 2945,912 2979,942 3028,905 3121,967 3241,888 3363,911 3370,804 3109,859 2868,800 2714,861 2078,886"/>
                <Baseline points="2080,979 2116,976 2161,973 2206,970 2250,967 2295,964 2340,961 2385,958 2429,955 2474,952 2519,946 2564,946 2609,943 2653,940 2698,937 2743,931 2788,925 2832,919 2877,916 2922,913 2967,910 3012,907 3056,907 3101,904 3146,901 3191,898 3235,892 3280,889 3325,886 3370,883"/>
                <TextEquiv>
                    <Unicode>Der größte Possenist und Feigling (von ganz fu¬</Unicode>
                </TextEquiv>
            </TextLine>
            <TextLine id="tr_1_tl_2" custom="readingOrder {index:1;}">
                <Coords points="2100,1090 2189,1055 2363,1090 2587,1022 2761,1057 3062,985 3215,1031 3437,959 3446,850 3324,911 2847,916 2694,971 2561,945 2444,1021 2382,964 2107,1017"/>
                <Baseline points="2113,1056 2143,1059 2188,1056 2232,1050 2277,1047 2322,1041 2367,1038 2412,1035 2456,1032 2501,1026 2546,1023 2591,1020 2635,1017 2680,1017 2725,1011 2770,1008 2815,1003 2859,1000 2904,991 2949,985 2994,982 3038,982 3083,976 3128,973 3173,970 3217,964 3262,964 3307,961 3352,955 3397,949 3441,946"/>
                <TextEquiv>
                    <Unicode>roga) bin, d.h. ich möchte unter angenehm¬</Unicode>
                </TextEquiv>
            </TextLine>
            <TextLine id="tr_1_tl_3" custom="readingOrder {index:2;}">
                <Coords points="2119,1181 2621,1088 2831,1141 3010,1129 3203,1048 3381,1095 3403,976 2887,997 2757,1059 2596,1021 2379,1084 2129,1072"/>
                <Baseline points="2134,1137 2149,1140 2194,1140 2238,1131 2283,1125 2328,1116 2373,1116 2417,1110 2462,1110 2507,1104 2552,1098 2597,1092 2641,1086 2686,1083 2731,1080 2776,1077 2820,1071 2865,1062 2910,1059 2955,1056 3000,1050 3044,1047 3089,1044 3134,1041 3179,1038 3223,1035 3268,1032 3313,1026 3358,1017 3403,1011"/>
                <TextEquiv>
                    <Unicode>leben als ich ob ich noch gar nicht</Unicode>
                </TextEquiv>
            </TextLine>
            <TextLine id="tr_1_tl_4" custom="readingOrder {index:3;}">
                <Coords points="2157,1255 2181,1267 2262,1201 2320,1191 2355,1207 2418,1176 2463,1200 2570,1186 2596,1207 2627,1200 2635,1086 2553,1122 2479,1114 2441,1134 2384,1119 2336,1131 2315,1115 2265,1153 2164,1167"/>
                <Baseline points="2170,1208 2185,1208 2229,1200 2274,1197 2319,1191 2364,1185 2409,1179 2453,1179 2498,1176 2543,1173 2588,1170 2632,1170"/>
                <TextEquiv>
                    <Unicode>gelett' hätte.</Unicode>
                </TextEquiv>
            </TextLine>
            <TextLine id="tr_1_tl_5" custom="readingOrder {index:4;}">
                <Coords points="2179,1305 2422,1263 2530,1327 2697,1236 2833,1287 2904,1239 3282,1212 3425,1158 3238,1114 2878,1117 2625,1207 2420,1177 2184,1248"/>
                <Baseline points="2188,1295 2217,1292 2262,1283 2307,1277 2352,1271 2397,1265 2441,1262 2486,1259 2531,1253 2576,1247 2620,1241 2665,1238 2710,1232 2755,1229 2800,1226 2844,1220 2889,1220 2934,1217 2979,1211 3023,1208 3068,1206 3113,1203 3158,1200 3203,1197 3247,1194 3292,1188 3337,1185 3382,1179 3426,1182"/>
                <TextEquiv>
                    <Unicode>Sie hatten ja das schönste Wetter in</Unicode>
                </TextEquiv>
            </TextLine>
            <TextLine id="tr_1_tl_6" custom="readingOrder {index:5;}">
                <Coords points="2208,1372 2479,1379 2635,1320 3406,1265 3413,1186 2978,1227 2845,1287 2697,1236 2615,1282 2568,1250 2492,1296 2406,1263 2215,1310"/>
                <Baseline points="2217,1373 2247,1367 2292,1364 2337,1358 2382,1352 2426,1346 2471,1337 2516,1331 2561,1328 2606,1325 2650,1319 2695,1316 2740,1310 2785,1307 2829,1301 2874,1298 2919,1292 2964,1292 3009,1289 3053,1283 3098,1280 3143,1277 3188,1271 3232,1265 3277,1262 3322,1256 3367,1250 3412,1250"/>
                <TextEquiv>
                    <Unicode>Außer u. freue ich mich damit</Unicode>
                </TextEquiv>
            </TextLine>
            <TextLine id="tr_1_tl_7" custom="readingOrder {index:6;}">
                <Coords points="2172,1460 2255,1487 2699,1391 2782,1460 3026,1370 3315,1358 3362,1332 3368,1265 2754,1312 2425,1403 2179,1387"/>
                <Baseline points="2182,1453 2206,1453 2250,1450 2295,1444 2340,1438 2385,1432 2429,1423 2474,1420 2519,1414 2564,1411 2609,1406 2653,1400 2698,1391 2743,1388 2788,1382 2832,1379 2877,1376 2922,1370 2967,1367 3012,1364 3056,1364 3101,1358 3146,1355 3191,1349 3235,1343 3280,1340 3325,1337 3367,1325"/>
                <TextEquiv>
                    <Unicode>daß die einen Angenehmen Aus¬</Unicode>
                </TextEquiv>
            </TextLine>
            <TextLine id="tr_1_tl_8" custom="readingOrder {index:7;}">
                <Coords points="2251,1565 2418,1565 2547,1494 2587,1520 2721,1475 2876,1491 2973,1441 3322,1425 3363,1382 3239,1351 3133,1406 3024,1372 2930,1432 2768,1456 2677,1391 2542,1442 2263,1465"/>
                <Baseline points="2268,1516 2289,1516 2334,1513 2379,1510 2423,1504 2468,1501 2513,1495 2558,1492 2603,1489 2647,1483 2692,1477 2737,1471 2782,1465 2826,1459 2871,1456 2916,1450 2961,1444 3006,1441 3050,1438 3095,1435 3140,1429 3185,1426 3229,1420 3274,1417 3319,1411 3364,1408"/>
                <TextEquiv>
                    <Unicode>Flug genießen Könnten. Nur</Unicode>
                </TextEquiv>
            </TextLine>
            <TextLine id="tr_1_tl_9" custom="readingOrder {index:8;}">
                <Coords points="2895,1549 2986,1551 3053,1530 3076,1554 3129,1523 3227,1534 3339,1496 3396,1506 3427,1496 3434,1439 3346,1442 3270,1417 3174,1451 3131,1436 3036,1463 2974,1442 2905,1460"/>
                <Baseline points="2907,1537 2940,1537 2985,1534 3029,1531 3074,1528 3119,1525 3164,1519 3209,1513 3253,1507 3298,1504 3343,1495 3388,1489 3432,1489"/>
                <TextEquiv>
                    <Unicode>Carpe diem</Unicode>
                </TextEquiv>
            </TextLine>
            <TextLine id="tr_1_tl_10" custom="readingOrder {index:9;}">
                <Coords points="2203,1630 2260,1608 2275,1623 2351,1606 2396,1621 2448,1599 2498,1608 2549,1584 2566,1596 2630,1577 2634,1542 2596,1534 2549,1491 2480,1546 2442,1544 2418,1565 2384,1547 2339,1580 2291,1547 2263,1566 2238,1542 2210,1551"/>
                <Baseline points="2214,1603 2232,1603 2277,1600 2322,1594 2367,1591 2412,1588 2456,1579 2501,1576 2546,1570 2591,1570 2635,1564"/>
                <TextEquiv>
                    <Unicode>Es weiter</Unicode>
                </TextEquiv>
            </TextLine>
            <TextLine id="tr_1_tl_11" custom="readingOrder {index:10;}">
                <Coords points="2219,1687 2773,1623 2831,1664 3210,1590 3458,1639 3470,1508 2895,1547 2220,1666"/>
                <Baseline points="2229,1680 2253,1680 2298,1677 2343,1674 2388,1668 2432,1665 2477,1656 2522,1650 2567,1644 2612,1641 2656,1635 2701,1632 2746,1626 2791,1623 2835,1623 2844,1620 2886,1608 2931,1608 2976,1606 3020,1603 3065,1600 3110,1597 3155,1594 3200,1591 3244,1591 3289,1585 3334,1582 3379,1579 3423,1576 3468,1579"/>
                <TextEquiv>
                    <Unicode>„Koorin mein ganzes“ Latein besteht).</Unicode>
                </TextEquiv>
            </TextLine>
            <TextLine id="tr_1_tl_12" custom="readingOrder {index:11;}">
                <Coords points="2241,1809 2480,1814 2563,1751 2754,1711 2928,1725 2985,1683 3026,1725 3153,1737 3319,1673 3325,1604 3138,1599 3053,1651 2895,1630 2831,1666 2775,1623 2380,1704 2253,1697"/>
                <Baseline points="2256,1767 2295,1767 2340,1761 2385,1752 2429,1746 2474,1740 2519,1734 2564,1731 2609,1725 2653,1722 2698,1719 2743,1710 2788,1710 2832,1704 2877,1698 2922,1689 2967,1686 3012,1680 3056,1677 3101,1674 3146,1671 3191,1668 3235,1665 3280,1659 3325,1650"/>
                <TextEquiv>
                    <Unicode>Auf Ihren Betuch womöglich</Unicode>
                </TextEquiv>
            </TextLine>
            <TextLine id="tr_1_tl_13" custom="readingOrder {index:12;}">
                <Coords points="2298,1868 2585,1811 2675,1852 2897,1776 2938,1806 3005,1764 3413,1744 3422,1663 3257,1671 3143,1740 3028,1726 2985,1683 2895,1742 2756,1707 2563,1751 2487,1807 2305,1802"/>
                <Baseline points="2310,1844 2346,1838 2391,1835 2435,1826 2480,1820 2525,1817 2570,1811 2614,1806 2659,1800 2704,1791 2749,1788 2794,1785 2838,1782 2883,1776 2928,1767 2973,1764 3017,1761 3062,1758 3107,1755 3152,1752 3197,1746 3241,1743 3286,1740 3331,1734 3376,1731 3420,1728"/>
                <TextEquiv>
                    <Unicode>auch den Ihrer Frau Gemalin¬</Unicode>
                </TextEquiv>
            </TextLine>
            <TextLine id="tr_1_tl_14" custom="readingOrder {index:13;}">
                <Coords points="2269,1943 2358,1957 2763,1869 2819,1930 2883,1892 2907,1919 2995,1856 3405,1816 3410,1773 3090,1757 3017,1802 2900,1776 2683,1859 2625,1814 2549,1871 2441,1830 2277,1861"/>
                <Baseline points="2280,1925 2289,1925 2334,1922 2379,1913 2423,1910 2468,1904 2513,1901 2558,1892 2603,1886 2647,1883 2692,1877 2737,1871 2782,1865 2826,1862 2871,1856 2916,1850 2961,1847 3006,1847 3050,1841 3095,1838 3140,1832 3185,1829 3229,1826 3274,1823 3319,1817 3364,1811 3409,1803"/>
                <TextEquiv>
                    <Unicode>Famme ich mich sehr bitte aber</Unicode>
                </TextEquiv>
            </TextLine>
            <TextLine id="tr_1_tl_15" custom="readingOrder {index:14;}">
                <Coords points="2284,2012 3355,1916 3365,1825 3150,1864 3059,1842 2907,1919 2883,1892 2818,1928 2745,1873 2666,1919 2573,1893 2362,1954 2293,1940"/>
                <Baseline points="2295,2006 2331,2000 2376,1997 2420,1991 2465,1988 2510,1988 2555,1979 2600,1973 2644,1967 2689,1961 2734,1958 2779,1952 2823,1946 2868,1943 2913,1937 2958,1931 3003,1925 3047,1922 3092,1916 3137,1916 3182,1913 3226,1907 3271,1901 3316,1895 3361,1895"/>
                <TextEquiv>
                    <Unicode>noch zu warten, bis ich Sie</Unicode>
                </TextEquiv>
            </TextLine>
            <TextLine id="tr_1_tl_16" custom="readingOrder {index:15;}">
                <Coords points="2272,2103 2429,2112 2677,2043 2768,2095 2961,2016 3298,2035 3429,1981 3439,1885 2802,1957 2733,1995 2448,1986 2279,2041"/>
                <Baseline points="2283,2083 2316,2083 2361,2080 2406,2074 2450,2071 2495,2068 2540,2065 2585,2059 2629,2050 2674,2044 2719,2038 2764,2032 2809,2026 2853,2023 2898,2017 2943,2014 2988,2009 3032,2006 3077,2000 3122,1994 3167,1988 3212,1982 3256,1976 3301,1973 3346,1967 3391,1961 3435,1958"/>
                <TextEquiv>
                    <Unicode>verständigt habe daß ich schon</Unicode>
                </TextEquiv>
            </TextLine>
            <TextLine id="tr_1_tl_17" custom="readingOrder {index:16;}">
                <Coords points="2294,2215 2439,2214 2522,2150 2766,2146 2847,2105 3172,2074 3277,2122 3405,2105 3418,1990 3381,1973 3193,2057 2878,2043 2757,2095 2680,2041 2467,2109 2306,2096"/>
                <Baseline points="2310,2158 2340,2158 2385,2161 2429,2155 2474,2152 2519,2146 2564,2140 2609,2131 2653,2125 2698,2122 2743,2119 2788,2113 2832,2107 2877,2104 2922,2098 2967,2095 3012,2089 3056,2083 3101,2080 3146,2080 3191,2071 3235,2068 3280,2062 3325,2059 3370,2053 3415,2044"/>
                <TextEquiv>
                    <Unicode>sprechen (oder“ par ein mehr)</Unicode>
                </TextEquiv>
            </TextLine>
            <TextLine id="tr_1_tl_18" custom="readingOrder {index:17;}">
                <Coords points="2310,2282 2367,2282 2411,2312 2542,2226 2659,2214 2683,2227 2802,2198 2809,2138 2735,2172 2661,2129 2584,2177 2537,2153 2492,2169 2437,2214 2408,2196 2319,2203"/>
                <Baseline points="2322,2247 2358,2238 2403,2235 2447,2232 2492,2226 2537,2223 2582,2214 2626,2212 2671,2203 2716,2200 2761,2197 2806,2188"/>
                <TextEquiv>
                    <Unicode>sprechen) Laun</Unicode>
                </TextEquiv>
            </TextLine>
            <TextLine id="tr_1_tl_19" custom="readingOrder {index:18;}">
                <Coords points="2458,2408 2516,2389 2549,2401 2566,2389 2582,2396 2606,2387 2616,2399 2668,2387 2677,2398 2728,2380 2745,2386 2769,2241 2711,2231 2646,2274 2618,2274 2589,2294 2554,2294 2516,2312 2479,2288"/>
                <Baseline points="2477,2352 2495,2349 2540,2343 2585,2334 2629,2328 2674,2322 2719,2313 2764,2298"/>
                <TextEquiv>
                    <Unicode>färzlich</Unicode>
                </TextEquiv>
            </TextLine>
            <TextLine id="tr_1_tl_20" custom="readingOrder {index:19;}">
                <Coords points="2733,2467 2847,2463 2874,2487 2957,2444 2983,2465 3005,2460 3090,2406 3210,2368 3215,2325 3078,2282 2974,2332 2897,2329 2830,2289 2756,2301"/>
                <Baseline points="2749,2412 2770,2414 2815,2403 2859,2397 2904,2388 2949,2382 2994,2379 3038,2373 3083,2367 3128,2361 3173,2355 3217,2352"/>
                <TextEquiv>
                    <Unicode>Ihr vergebener</Unicode>
                </TextEquiv>
            </TextLine>
            <TextLine id="tr_1_tl_21" custom="readingOrder {index:20;}">
                <Coords points="2878,2568 2931,2580 2979,2615 3055,2601 3100,2615 3200,2559 3258,2568 3272,2461 3186,2473 3129,2422 3014,2458 2976,2485 2959,2470 2890,2472"/>
                <Baseline points="2889,2552 2913,2546 2958,2546 3003,2543 3047,2531 3092,2525 3137,2522 3182,2516 3226,2510 3271,2498"/>
                <TextEquiv>
                    <Unicode>Josef Pappier</Unicode>
                </TextEquiv>
            </TextLine>
        </TextRegion>
    </Page>
</PcGts>
