7608 4968
444 546 2944 820 dem Zimmer eines Weises, das mich küsste,
449 730 2471 987 Mich küsste! Glücklicher Äegidius.
449 897 2842 1166 Und doch unglücklich! Beides bist du ja
485 1036 2997 1341 Du hast das Glück des einen heisten Kusses
538 1260 3079 1513 Mit deiner Sehnsucht stets erneuter Qual
579 1386 2618 1688 Erkauft - und - (Er sieht nach der Thüre)
1549 1566 3282 1867 Zittern fühl' ich meinen Leib,
579 1733 3136 2031 Schau ich dorthin - - der sonderbare Mann
608 1921 3074 2194 Verließ mich, und in jedem Augenblick
603 2035 3560 2353 Kann er dorther mit - Wie T1- Nein - oh mit ihr? -
603 2226 3882 2475 Er kommt mit ihre? - mit ihr -? War sie 28?! Sie war?“
616 2442 3303 2663 die mich - ja, ja, sie war's, die mich geküsst¬
587 2601 3160 2891 Ein jubelnd Fühlen glüht durch meine Brust¬
563 2740 3507 3038 O Sie will mich sehn, den kranken Mönch Zegidius,
599 2928 3270 3172 Sie brachte ja die Krankheit auf sein Haupt¬
555 3115 3286 3409 Sie will ihn sehn, will ihm ihr Mitleid gollen,
567 3278 3026 3539 Sie will ihn fragen, ob ihm wohler ist,
534 3454 3507 3759 Sie will Genesung bringen dem Erkrankten,
538 3588 3503 3923 Sie frägt ihn mild: „Wie bring’ ich Heilung dir?“
514 3812 3723 4082 Besinn' ich mich -? - Weib, Weib; du mußt mich lieben,
534 3951 3458 4273 den kranken Mönch begidius mußt du lieben,
591 4122 3127 4432 den du geküsst, mit solcher Gluth gekürst!
616 4298 3185 4628 So kann die Leidenschaft nur küssen – Nur
4037 363 6691 754 die Leidenschaft, die wahre, stürmischer heiße
4102 628 7148 922 Und wahr und feurig liebst du mich – Weib, Weib
4069 791 6973 1089 Du hast den armen Mönch geküsst und liebst ihr
4077 983 6985 1219 Und er ist da und wartet dein — komm, komme!
4073 1138 6748 1427 Und sag ihm selbst – und laß dir sagen, daß —
4073 1321 5093 1602 daß ich dich liebe!
5109 1325 6765 1741 (Foustina tritt herein)
4102 1651 6903 1961 Aegidius starrt sie an. Pause, er bleibt stumm.
5317 1863 6687 2080 Fauctina fasst seine Hand,
5317 1986 6867 2247 Aegidius fährt zusammen.
5146 2173 5953 2414 Faustina
5150 2247 6512 2618 Ganz derselbe Blick,
4057 2491 6850 2838 Der auf mich fiel, als ich Euch predigen hörte.
5256 2707 5937 2968 Aegidius.
4065 2871 5105 3164 Derselbe Blick...
5309 3017 6088 3242 Faustinea.
4987 3176 6793 3450 Und drinn dieselben Fragen.
5280 3368 6092 3605 Aegidius.
4086 3507 7331 3853 Dieselben Frage? Weh, mich schwindelt!.. Lasst mir
4086 3694 6830 3996 Zeit zum Besinnen, denn jetzt scheint es nur,
4102 3861 6622 4171 Als schwebt ich schwindelnd hoch hinüber nun
4114 4045 6145 4298 Von einer Nätte, da ich elend war
4163 4220 6695 4526 zu einer fremden, unbekannten, neuen
