7765 4947
4927 204 5522 536 Nacht.
4000 400 7189 731 Hendeltreppe. Auf der unterster Rufe l. igt Stegedius.
2759 489 3384 706 der Arther
3988 667 7401 931 Leonhard und Relicitas sind im Begriff, die treppe herabgekommen.
578 655 3316 957 Dort zittert weich und zauberhaft die Luft
5153 816 5850 1020 Leonhard.
646 855 3099 1118 Die Lüste sind berauscht; ein trunkner duft
4013 897 7125 1195 Die Sommernacht wird trüb. Die Wolken sammeln
655 1008 3227 1284 Wie Wohllustohnung nicht, in stillen Raum¬
5408 1105 5701 1237 Geareg
4051 1110 6721 1407 Zu immer Düstern Schändern sich. In Kunst
693 1173 3648 1411 Und unten träumt die Welt - wie selber träumen
4022 1250 6581 1594 Hüllt sich das wandelnde Gesetz der Sterne.
638 1356 3439 1586 Und dennoch sind wir wach- und unser Wachsein
4009 1475 5748 1798 Ich muß das Forschen lassen.
633 1547 3006 1824 Ist so unsäglich füß - - Faustinä - ach -
5425 1611 6058 1892 Felicitas
1845 1688 2534 1905 Faustina.
5633 1790 6679 1994 Und der Wind,
633 1871 3120 2134 Ich bleibe heut daseim. Du darfst mich küssen,
4009 1947 6555 2279 der kühl hinwegstrich über das Gesinns.
663 2019 3554 2325 legidius (Sie küsst ihr) Lebe wohl. (as in ihr Haus)
5412 2134 6198 2385 Leonhard.
940 2211 3001 2444 Aegidius nach einer Weile ihr nach
4047 2359 6343 2636 Dir sind die Locken los geworfen.
872 2389 3142 2581 Stelle. - Nach einer kurzen Weile kommt
1314 2525 2151 2670 ein höchster Erregung, dißen
5493 2487 6211 2763 Etelicitas
889 2555 3154 2785 Regidius mit zurück und stürzt fort.
6249 2559 6555 2861 Jas
4111 2768 6798 3086 Das Band ist weggeflogen, das sie hielt.
5425 3001 6237 3222 Leonhard.
4064 3142 6674 3456 Wie heute abends, als die Sonne eben
4081 3303 6964 3643 Erst untersungegen, das weite Meer des Urthers
4085 3456 7015 3741 So helt und leuchtend war! Sachst Du, mein Kind,
4111 3660 6998 3949 des Hegasus stillglänzend Bild? Mich dünkt
4119 3822 6496 4128 Der Abend heute war den Dichtern hold.
4107 4009 7338 4302 Und nordwärts stand des Schwans vielsterein Zeichen.
