7688 5080
3918 418 7216 759 richtig sein soll, lieber Benedikt, meinte er daraus, er
3880 544 7216 957 scheint mir noch nicht völlig kurirt. Darauf machte ich ein
1902 527 3125 890 Ihr habt ihr gesprochen?
481 624 1181 924 Faustina.
3922 768 7250 1105 ernstes Gesicht, gab dem besorgten Hilarus mit den Augen
2117 793 2733 1012 Benedikt.
3889 894 7178 1236 ein Zeichen, das ich selber nicht verstand, drückte ihm die
578 966 2029 1291 Er klagte über Euch -?
3943 1050 7296 1451 Hand — und verschwand — das sich sehr geheimnis voll aus¬
2126 1122 2720 1358 Faustina.
3981 1206 7275 1539 Wolltihr ihr völlig kuriren, faustnia -? - Aber Ihr
561 1240 3821 1565 Es war eine seltsame Nacht, in der wir uns zum letzten
3939 1396 7271 1792 seid zerstreut, liebe Freundin; ich will Euch eine Geschichte
561 1501 1261 1797 male sahen.
2189 1577 2796 1847 Benedikt.
3964 1695 4610 1957 erzählen.
789 1771 3041 2126 Er hat mir von dieser Nacht erzählt —
5369 1700 6073 1999 Faustina.
2193 1940 2788 2176 Faustina.
4247 1894 5879 2277 Ich kann Eure Geschichten -
5466 2092 6149 2256 Benedikt.
540 2105 2214 2467 Ich verschloß ihr die Thüre
4099 2210 7317 2535 Ich erzähl Euch immer dieselbe. Ganz natürlich - die
2109 2214 2750 2488 Benedikt.
3960 2421 7322 2712 Menschheit bildet sich’s immer ein, daß es etwas andres
557 2463 2577 2682 Er war damals kaum bei Sinnen.
4002 2535 7322 2935 gäbe, es giebt nur eines - (Er nimmt ihren Facher) Er¬
2239 2573 2859 2813 Faustina.
3977 2712 7360 3011 laubt — (er legt den Fächer zusammen) - Sehl, das ist eine Ge¬
595 2771 2522 3121 Sagt lieber, daß ich's nicht war.
3952 2919 7347 3235 schichte (er giebt dem Fächer eine andre Form) - Das ist eine
2092 2902 2822 3184 Benedikt.
3994 3041 7376 3433 zweite (der giebt ihm wieder eine andre Form) - das eine drit¬
321 3100 523 3260 de
725 3062 1620 3437 Faustina -?
4019 3197 7343 3522 te (er thut das noch einige Male) - und so weiter, und am
2092 3256 2725 3496 Faustina.
4023 3382 7351 3766 Ende ist's doch nur das! (Er giebt der Faustina den Fächer
717 3446 2526 3787 Ihr habt mich recht verstanden.
2130 3581 2796 3834 Benedikt.
4023 3610 5344 3952 zurückt; beide ab.
4272 3678 7292 4083 Anselmus Zopf will auf, sich die Herne trock
595 3699 3943 4091 Ihr wollt ihm die Thür nicht mehr verschließen? Der
612 3918 3935 4243 Abt fragte mich gestern: Lieber Doktor, seid Ihr mit
4061 3964 6225 4243 nend; mit ihr ein Aestordner)
671 4040 3994 4352 dem Kranken zufrieden? - Ich erwiderte mit einer Frage
654 4196 3901 4643 Seid Ihr mit dem Mönch zufrieden - : - Wenn ich auf¬
