7688 5048
1667 731 2323 1079 Regidius
2454 832 3027 1210 Ih bin's.
1821 1128 2443 1390 Faustina.
551 1292 1637 1558 Um diese Stunde -
1836 1454 2420 1693 Fegidius
1517 1633 2532 1907 Und Faustina flieht
528 1828 2203 2109 Um diese Stund ihr stilles Heim
1839 1971 2454 2222 Faustina
2087 2150 2671 2405 Und trifft
547 2319 2405 2585 Agidius hier zu später Nachtzeit —
1806 2499 2390 2716 Aegidius
2345 2619 2574 2881 Ihn
502 2787 2960 3012 Treibt wilde Sehnsucht nach der Heißgeliebten
450 2967 2705 3278 In ihre Näh- doch wohin eilt Faustina?
1768 3151 2401 3368 Faustina.
562 3315 3109 3566 Nun ich Dich sah, magst du mich nur begleiten
577 3492 2701 3761 Zumal ich selbst in diesem Augenblick
554 3660 2978 3900 des eignen Wegs noch nicht entschieden bin.
551 3802 3566 4072 Kennst Du denn nicht Faustinas Art –? Sie flieht
562 4012 3016 4226 Ihr Heim- ihr zeil ist unbestimmt. Wohin
584 4162 2630 4439 der Zufall ihre Schritte lenkt, dorthin
558 4334 1727 4630 führt sie ihr Weg.
4968 603 5631 963 Jegidius.
4795 862 5960 1098 derfich, Faustina
4031 1041 6425 1277 Darf ich dein Ziel bestimmen lächte nicht
4031 1240 6380 1454 Mit dieser kalten, unberührter Miene
4061 1352 6166 1648 In jener letzten Tage trübem Lauf
4057 1525 6039 1851 Hab ich dies Antlitz allzurft gesehe¬
4091 1723 6286 2027 If hab’s gesehe, so oft mein wilder Sinn
4046 1903 6118 2154 Um Liebe flehte - hab’s gesehn, so oft
4042 2064 6312 2334 Dem hiebertollen Wunsche du versagtest,
4083 2248 6485 2488 Du nicht länger mehr versagen darfst,
4128 2255 4334 2390 Thes
4061 2383 6743 2622 2. Ohn dass der Mohnsinn meiner mächtig wird¬
5166 2544 5765 2768 Faustina.
4136 2724 6331 2997 Aegidius will mein Ziel bestimmen
5215 2900 5942 3136 Aegiduis
5983 2881 6324 3308 Ja,
3945 3109 6301 3506 Ich kenn ein Ziel, das Seligkeiten nur
4057 3390 6200 3641 Das dir der Liebe feurigste Gemüsse,
4042 3585 6316 3821 Uns beiden süße, himmlische Erfüllung,
4035 3731 6230 3956 Das wahres Glück uns bieten kann...
4023 3904 6440 4117 Lass uns hinan die Treppe steiger, daß uns
4008 4091 6822 4323 Dein duftend Zimmer leisen Schritts durchwandeln¬
4057 4233 6466 4589 Bis zu der Lagerstatt des schönsten Weibes.
