7608 4968
1718 417 2446 667 Negidius.
827 539 3425 865 Du liesest Glück! Ja, ja, ich hab’s gefunden!
789 747 3607 1020 Ein Mandrer war ich, Mädchen — eine Frefahrt
796 925 3136 1195 Mein Leben. Seit ich jene Reise antrat
793 1096 3330 1354 Durch's weite Land der menschlichen Gefühle,
785 1297 3326 1528 Geschah mir nie so wohl wie jetzt. - Laß mich
804 1426 3057 1638 Die süßen Lippen küssen, die holdflästernd
751 1604 2916 1794 Sich völlig mir zu eigen gaben. Liebe
736 1786 3026 2006 Giebt als Geschenk sich freudig selbst dahin.
743 1923 3053 2188 Die Kleinlichkeit der schlaffen Vorurteile
774 2082 3144 2355 Verschwindet von der wahren Leidenschaft
732 2257 3136 2499 Wie der Gemuss von kurzen Augenblicken
762 2423 3117 2674 Zu einigem Glücke mählig sich verklärt.
743 2583 3163 2784 Was kümmern uns die Leute unter uns
683 2746 2810 2996 Mit ihrem schüchternen Empfinden, die
702 2920 2841 3186 Vor dem, was allerhöchste Monne ist
694 3049 3148 3337 Furchtsam erbeben, und gleichgiltige Schnörkel
713 3258 3155 3500 Von Menschenhand an's Götterbild zu malen.
641 3409 3235 3683 Ein Wandrer wirft sich unter Baumes schatten,
671 3565 3189 3857 Wenn heiß die Sonne auf die Erde glüht;
690 3739 3178 3963 So offen liegt das Glück vor uns, Geliebte,
743 3899 3167 4160 daß wir genießen - doch die Menschheit ist
732 4077 3159 4354 Vernarrt in ihre Schnörkel, und pedantisch
4039 368 6151 690 Mißt das Jahrhundert die Gefühle ab.
4050 652 6277 842 Ich aber rufe kühn: die Lieb' ist frei¬
4081 758 6390 963 Und also lieb’ ich dich und liebst du mich¬
4100 914 7119 1172 Was ist die Welt, wenn sich zwei Menschen lieben!
5298 1085 5837 1312 Felicitas.
4062 1240 6800 1513 Nichts ist sie, nichts! Mein liebsten, liebster¬
5393 1415 7175 1646 (Sie umarmt ihn leidenschaftlich)
4122 1555 6622 1794 Du mußt mir doch einmal erzählen, liebster
4119 1764 5844 2002 Wie er vormals dir erging.
5344 1911 6110 2154 ségidius.
5787 2063 7005 2302 Nicht gut, nicht gut...
4157 2166 6648 2503 Drum las mich heute. Zu gelegner Stunde
4176 2404 6599 2647 Will ich von hin gezogen Tagen verlen.
4138 2586 6861 2837 Jetzt bin ich glücklich! Könnt ich doch, Geliebte
4157 2734 6508 2977 Dir unverwandt in's blaue Auge sehe,
4176 2894 6603 3102 An deiner Seite weilen, wortlos; deine
4183 3042 6823 3262 Trautholde Hand still in der meinen halten
4198 3212 6910 3485 Und oft, wenn allzuriel des Glücks ich fühle,
4153 3379 6845 3652 An deinem Halse weinen wie ein Kind -!
4270 3542 7316 3815 Er verbergt sein Antlitz an ihrem Busen; sie fährt ihm durchs
4350 3781 6500 3978 Haar u. küsst ihn leise auf die Herrn)
4342 3918 5533 4160 Leonhard tritt auf.
