7624 4984
1585 378 2428 701 Aegidius
2390 564 3270 809 Was ist's?
1577 689 2382 1008 Leonhard.
365 822 2901 1241 Spät in der Nacht ists und die Luft ist kalt
357 1125 2897 1370 Wir wollten euch zur Heimkehr raten.
1677 1204 3747 1498 Acgidius. (nach einer Stille) Und
353 1444 2955 1706 Wo ist mein Heim? Ich lank auch, Herr.
311 1598 3104 1897 (Stehtauf u. will gehe; er hat Felicitas noch nicht beachtet,
2793 1722 3445 1971 Ich bitt euch
349 1967 3129 2191 Nur eins vorher – mich plagt ein arger Nurst.
336 2154 2179 2436 Hab ihr "nen frischen Trunk".
1884 2291 2556 2552 Leonhard.
2187 2444 3129 2698 O gerne, Herr¬
394 2648 3739 2868 Mein eignes Heim liegt drüben kaum zwei Schritte
411 2797 3328 3100 Die Fenster auf der einen Seite liegen dem Schl
344 2971 2930 3299 Dem Schlusse zu; die andern aber säht ihr
432 3146 3146 3399 „Mar nur das Licht ein wenig feller, schon
506 3362 3835 3565 (Herr erblickt Regidius selizitas; aber ohne besondere Ausdruck)
419 3519 3038 3760 Von da. Schließ hinter uns die Thüre, kind.
4934 917 6150 1278 Markenball
4225 1245 7387 1523 Faustina nimmt die Maske ab und geht der Benedikt
4142 1453 6495 1656 entgegen, der sehr ruhig auf und abgeht.
5569 1619 6113 1805 Faustina.
4179 1635 4955 2000 Benedikt!
5557 1901 6175 2158 Benedikt
4104 1884 5478 2324 Ich stehe zu diensten an
5598 2241 6213 2494 Faustina.
4162 2378 4835 2627 Ist er da?
5607 2556 6229 2797 Benedikt.
4133 2606 5383 2976 Nicht daß ich wüßte.
5690 2897 6291 3137 Faustina.
4204 3030 5524 3308 Ihr sagt das so kalt¬
5719 3216 6374 3482 Benedikt.
4167 3274 5283 3648 Seid Ihr's nicht?
5648 3544 6300 3727 Faustina.
4158 3544 6814 3938 Ich habe Angidius drei Tage lang nicht gesehn¬
5648 3880 6291 4108 Benedikt.
4150 4034 5586 4320 Er wird hieher kommen.
