7688 5048
1769 554 2454 854 A. Lopf.
517 726 3656 1059 Ger zerstört mein Renommée! (will in den Saalstürzen)
1826 940 2713 1207 Komite mitglied
492 1120 1847 1416 Was wollen Sie thun?
1900 1252 2495 1498 A. Zopf
562 1367 3870 1761 Ich will den Leuten sagen, daß - Rahs - daß sie aus Irrthum
575 1580 3747 1851 taugen. (verschwindet in der Mang a der tanzenden Plaare)
451 1736 3726 2101 (Das Komitümitglied nimmt sich eine Länzerin und langt
1884 1908 3316 2187 Aegidius tritt auf.
1083 1994 1642 2228 Tause.
529 2035 1010 2241 mit)
1966 2109 2770 2323 Aegidius.
550 2212 3517 2536 Mozu dies Weib noch einmal sehe? Muß ich’s?
533 2454 3275 2688 Klar muss es werden zwischen mir u. jener,
562 2553 3024 2901 die ich zu lieben glaubte. Einmal - dann
1863 2717 3119 2988 (fauflicer Kommt).
550 2815 1445 3086 Nie wieder
1769 2955 2462 3119 Faustina
2860 2992 3369 3279 (Pause)
1420 3115 2606 3349 Mein lägidius!
562 3258 3739 3521 Aegidius, - es freut mich, daß du kamst (er schweigt)
497 3398 3012 3767 Ich ließ dich bitten. Kannst Du, weil ich bat?
2056 3591 2762 3845 Aegidius.
595 3821 1674 4075 Weswegen sonst?
2208 3894 2848 4145 Faustina.
1633 4071 3242 4338 Nimm meine Hand, Agidius,
1982 4243 2996 4481 du bist erstaunt.
562 4293 1921 4617 Und setze Dich zu mir.
4005 456 5696 706 du denkst des letzten Abends -
5212 583 5930 845 Hegidius.
5528 722 6353 973 Nein, ich will
4116 932 6443 1219 Der hingegangnen Zeit nicht denken; nur
4108 1051 6681 1399 Die Gegenwart scheint mir des Lebens wert.
5446 1268 6098 1494 Faustina.
4067 1391 6845 1687 Wie das? - die Gegenwart -? Der Augenblick,
4128 1576 6619 1900 Der jetzo unser Sein um grenzt -? Aegidius,
4108 1761 6468 1999 Warum sind deine Augen so verschleiert,
4157 1925 6722 2204 Marum siehst Du Faustinen nicht ins Antlitz
5425 2081 6164 2335 Aegidius.
4178 2257 5725 2557 Was willst Du von mir?
5462 2360 7231 2626 Faustina (in plötzlicher Leidenschaft)
5569 2540 6927 2827 Dich, Dich selbst, Agielius
4198 2766 6353 3033 (Siesicht ihn in ängstlicher Erwartung an)
4215 2910 6866 3156 Was soll der Blick, - so zu ble doch - Aigidius -
4210 3094 6701 3345 Bist Du nicht glücklich -? Sieh! - Ich bin! -
4169 3201 6825 3542 Ich liebe dich -! Und du - - - du sagtest doch,
4186 3377 6152 3665 Du hast nur einst gestanden, - du¬
4235 3554 6890 3874 (Da sie sein seltsames benehmen bemerkt, stockt sie)
5368 3710 7358 3948 Aegidius (sie eigentümlich ruhig ansehend)
5918 3903 6693 4128 Ich sagte einst,
4305 4001 6911 4375 Dass ich dich liebte; damals glaubt ich, daß ich
