7480 4984
697 555 3169 835 Entrückt dem menschlichen Erinnern, hoffen.
679 766 3221 948 Zerrissen sind die Wolken - hin die Träume
662 917 3307 1142 der Frühling hin - und völlig menschlich greift
655 1131 3387 1362 Ein wüster Schmerz an mein verzweifelnd Herz¬
1931 1221 2518 1500 Hilarius
645 1414 3287 1673 Mit diesem Fluch kam jeder auf die Melt -,
631 1576 3363 1828 Nie mehr als Mensch zu sein -; drum tröste dich.
576 1749 3345 2018 Ich will auf Heilung denken und komm wieder,
614 1945 1642 2214 find’ ich sie erst...
2052 2052 2628 2293 Felicitas.
1631 2238 3128 2449 Konun niemals wieder¬
1117 2411 3249 2687 (Hilarius geht, kehrt aber gleich zurück)
2018 2597 2562 2835 Hilarius
3007 2738 3435 2931 Mädchen,
614 2911 3087 3166 Ich kann nicht scheilen, ohne daß ich als sagte¬
2159 3083 2721 3280 Felicitas.
662 3276 2128 3518 Weißt du schon Heilung¬
2093 3387 2687 3635 Hilarius.
2200 3549 3597 3797 Später komme ich wieder
655 3666 1931 4007 Und bring sie Dir.
