7304 5000
1724 560 2264 822 Selicitas
375 782 2119 1052 Ich fleh" Euch an! Last mich!
1769 931 2381 1180 Hilarius.
2095 1064 3175 1293 Weh mir und dir,
371 1225 2574 1519 Dass ich Dich sah. Weh dir! Felizitas¬
387 1390 3062 1680 Denn ich will glücklich werden. Wer verwehrt
395 1543 3078 1849 Wir jetzt mein Glück nach! da ich ja an Gott
403 1785 1156 2063 Nicht glaube!
1744 1910 2365 2151 Felicitas.
1136 2067 2776 2349 Abt! Der reinste Gottesglaube
451 2260 1704 2542 Ist menschliches Gefühl¬
1700 2393 2292 2590 Hitarius
1652 2570 2490 2812 Ich liebe Dich —
439 2631 2651 3042 Und keine andre liebt' ich je zuvor dir
1740 2901 2389 3171 Felicitas.
395 3110 1132 3364 Lass mich¬
1736 3231 2325 3473 Hilarius.
1064 3408 2764 3678 Die Ruh des Herzens schwand,
407 3582 2679 3819 In meinen Pulsen ras die Leidenschaft,
419 3735 2985 4001 Wie vor dem Mand die Wolken aber jagen,
492 3908 1813 4226 Sei mein, Feligitas
508 4057 3662 4347 (Sie reißtl sich los und stürzt sich über das Brückenge¬
560 4270 3122 4540 länder in den Flufs. Der Abt schreit laut auf.
4266 314 7006 681 die Beurline habt sich - die Szene zeigt die Kirche¬
3916 564 7151 798 Abendmesse Bruder Kleophas steht auf der Kanzel, nu
3920 753 7127 971 ten die Andächtigen. die Lichten sind angezündet, eben beginnt
3944 919 5318 1148 die Orgel leise zu spielen.
5270 999 5914 1273 Leophas
4331 1213 7135 1426 und so, geliebte Andächtigen, lebet fort im Glauben
3956 1374 7042 1632 an Gott Vater, Gott Sohn und den heiligen Geist, auf
3940 1567 7091 1805 daß ihr nicht sterbet als Ketzer und im Eigefeuer tratet
3964 1769 7107 1902 wo die Flammen um leden die sündigen Seelen in eine
3956 1885 5483 2131 ger Verdammis. Amen.
5282 2022 5950 2288 Orgelspiel.
3988 2180 6962 2449 Während des Orgelspieles, das einige Zeit währt, steht
3964 2393 7179 2546 Begiclius still im Schatten einer Säule. Langsam sieht man
4017 2538 7147 2711 den Abt dem Manche nahen. Augi deus bemerkt den Abt¬
3956 2655 7054 2933 nicht. Dieser sieht ihn lange an. Wie sich Augidius zum
3944 2852 6285 3130 Gehn wendet, erblickt er den Abt vor sich.
5306 3018 5918 3247 Hilarius.
3964 3183 6829 3461 Du brauchst dich nicht mehr nach der Welt zu sehnen,
3988 3352 5020 3618 Felizitas ist tot¬
6325 3412 6938 3606 geht langsam
4287 3513 6982 3747 Regidius sieht ihn wie erstarrt an u. verschwindet
3928 3670 5306 3920 theilten staust in die Sakriste.
4089 3872 7058 4125 Hilarius setzt sich auf die Stufen eines Altars und
5850 3992 7167 4283 verbigt sein Gesicht in der Hännt¬
5221 4053 5544 4383 Mr
5278 4291 5805 4532 Ende.
