7592 5000
392 571 3674 972 ich Euch berücken will. Ich habe wichtigen Auftrag, niel¬
400 784 3624 1105 del mich bei der Ablissin von der Gräfin Flüchtina.
430 1001 2256 1322 Stimme. Ich geh, Euch zu melden.
1560 1147 2915 1372 Benodikt (allein, singt.)
1568 1289 3123 1564 Haha, Nämlein wunderlieb,
1593 1451 3023 1722 Nönnlein wunderschön¬
421 1668 2348 1960 Nein, das fängt zu eintauig an:
1643 1776 3465 2060 Verschlossen in einsamer Zelle
1605 1989 2840 2193 Betet ein stilles Kind;
1585 2106 3169 2389 Der Mand schimmert so helle¬
425 2335 3757 2652 Hm, wenn ich jetzt auf das stille Kind eine Kind reinen
392 2439 2948 2773 wollte, so wäre das ein unreiner Reim¬
534 2606 3724 2948 (das Thor des Klosters öffnet sich, die Nonne, die vorhin mit
455 2798 3603 3090 Benedikt sprach, tritt heraus, hinter ihr die Ablissin
550 3011 2769 3228 Nonne. Ich that, wie Ihr mich hießet.
509 3140 2944 3394 (Benedikt beugt sich tief vor der Abtissin)
509 3261 3782 3603 Ablissin. Ihr verlängtet mich zu sprechen. ihr seid von
534 3469 2761 3782 Faustina zu mir geschickt worden.
563 3565 3745 3874 Benedika. Mein Name ist Benedikt Romnald, wenn
517 3853 1464 4145 Ihr ihr kennt.
588 3928 3791 4237 Abtissen. O ich kenne ihn - doch muß ich Euch gestehe, daß die
550 4116 3740 4416 Tracht, in welcher Ihr vor mir erscheint, seltsam dem Bilde
1697 4291 1893 4416 nay
496 4274 3757 4645 widerspricht, das ich nun den Andeutungen entworfen, die
3928 492 5579 780 Faustina von Euch gemacht.
7231 530 7448 721 der
3878 617 6993 876 Benedikt. Sehr begreiflich, ehrwürdige Frau, denn ihr
7222 688 7443 947 nichts
3861 834 7106 1076 seht mich nicht so, wie ich gewönlich zu sehen bin – warum,
3849 930 7206 1222 das soll Euch der Brief lehren, den ich Euch von Faustina bring.
3882 1080 7127 1376 Äblissin. (sie hat den Brief schon in der hand) Gebt, gebt u. doch
7256 1180 7448 1351 sa
3857 1280 7197 1568 eins vorher: Entschuldigt, dass ich Euch nicht bitten kann, die Räu¬
7256 1314 7460 1547 elein
3841 1485 7135 1722 me dieses Klosters zu betreten; gerade in dem letzten Tagen
7239 1539 7460 1685 vor
3861 1576 7131 1889 ist von dem Bischof unserer Diözese der verschärfte Befehl
7256 1668 7431 1826 eit
3874 1822 6947 2043 Benedikt. Nichts davon; ich begreife das vollkommen.
3882 1902 7172 2252 (zur Nonne) gestattet, würdige Schwester, dass ich Euch das
3899 2118 7202 2364 Licht aus der Hand nehme und Euch zugleich bitte, von neue
3895 2285 7181 2569 in Euere Zelle zurückzukehren, aus der man Euch rufen
3924 2489 5871 2740 wird, wenn man Eurer bedarf.
3928 2585 6918 2898 (Nimmt das Licht, küsst sie, sie geht schnell ab.)
7256 2556 7439 2840 Sieb
3911 2736 7243 3040 Oblissin (liest) Teuerste Maria. Ich will dich an eine Zeit
3932 2965 7189 3228 gemahnen, die wohl schon dahin ist, deren Erinnerung
7298 3002 7464 3169 für
3920 3102 7147 3382 aber du dir gewahrt hast; ich weiß ja, du bist der Welt
3924 3236 7218 3519 nicht fremd geworden, die du verlassen hast, und kannst
3932 3453 7110 3740 bei anderen die Gefühle verstehe, die du im eignen
3945 3557 7181 3853 Buser nicht mehr hegen darfst. Ich liebe, meine teure
3936 3745 7281 4032 Maria, und an dies Geständnis knüpft sich meine Bitte.
3962 3903 7289 4191 Ich will, um schneller zum Ende meines Briefes zu kon¬
3957 4112 7260 4441 men, alle Entschuldigungen, die eine weniger freisinnige
