7624 5112
4736 527 6009 892 Schenke
4051 827 7347 1119 Lackere Gesellen, schöne Mädchen. Lustiges Treiben, Zegidius
3960 947 7415 1320 reiset sich eben von einer Dirne los und setzt sich zu Benedikti¬
4008 1290 7364 1607 Aegidius. Mich langweilt hier. Das erste mal, als ich
4068 1492 7265 1762 da war, erschien mir's neu. Nun aber widerts mich an¬
3999 1714 4968 1972 Lass uns gehe.
4021 1792 7415 2143 Benedikt. Ogerne, sehr gerne. Wir wollen beide gehe¬
4072 2032 7445 2250 Nur mußt du mir gestatten, einen Weg einzuschlagen, der
4059 2212 5645 2452 dem Deinem nicht gleich ist.
4046 2327 6116 2610 Aegidius. Wohin willst du? -
4055 2482 7428 2752 Benedikt. Wohin ich will? Ich will zu einem Weib¬
4055 2675 6785 3000 Aegidius. Zu einem Weib, das du liebst
4055 2885 7445 3103 Benedikt. Und das mich wieder liebt - Aber eigent¬
4106 3000 7385 3283 lich ist das eine nicht mehr und das andere nicht wahr¬
4081 3155 7377 3459 Ich will zu ihr; was brauchen wir uns weiter zu be¬
4145 3339 7497 3605 kümmern? Ich will dort in einem tollen Genusse mich
4149 3553 7462 3806 berauschen, ich will' Nacht werden lassen um mich, — was
4081 3746 5375 4008 sollen die Skrupel?
4128 3845 7381 4106 Aegidius (athmet tief auf, sampft mit dem Fuste auf der
4149 4072 7124 4363 Bäden, für sich) Und was sollen die Caprien-?
4329 4231 5311 4531 Benedikt laff.
