7672 5112
1671 633 2649 903 Anselmus Zopf.
338 755 3725 1148 Wollen Sie, sehr wertes Komitumitglied nicht allergütigst
329 975 3666 1291 noch einen Moment verziehen; ich will dann geduldig jedes
354 1249 1367 1536 Wort anhören.
1780 1299 2810 1586 Komitemitglied.
384 1439 3670 1844 Oh bitte. Zum Glücke hat eben die Kause begonnen, und im
397 1616 3700 1987 Saale werden Erfrischungen herumgereicht. Erst in ei¬
375 1797 3755 2173 ner halben Stunde wird der Tanz von neuem beginnen.
392 1970 3772 2329 Ich möchte Ihnen, sehr geehrter Herr Kapellmeister, nur auf
397 2092 3582 2472 nige Andeutungen über die Reihenfolge der Tänze.
1932 2308 2607 2552 A. Zopf.
481 2464 3759 2860 Ich weiß alles – Vor allem wird wieder eine Volka
498 2578 3464 2978 Mazour getanzt; hierauf folgt eine Quadrille
1903 2831 2949 3075 Komite mitglied.
650 2978 2898 3358 Zwei, geschätzter Herr Zopf, zwei
1780 3168 2649 3409 A. Zopf.
662 3375 2080 3712 zwei Quadrillen -?
1911 3476 3038 3721 Komite mitglied.
654 3611 3869 3928 Es sind so viele Taupen da, und der Raum ist beschränkt,
629 3822 3151 4160 und wir haben das alles zu verantworten
2063 3978 2708 4210 A. Zonf
565 4101 3624 4451 Also zwei Quadrillen - hierauf ein Walzer und zwar
570 4274 3915 4674 (Es ist unterdessen ein junger Mann aufgetreten, der sich durch lange
852 4510 3282 4852 blende Haare als Künstler zu erkennen giebt,
5185 405 5784 667 Künstler
4033 641 5868 894 Hochgeehrter Herr Kapellmeister.
5282 759 5915 1012 A. Zopf.
4101 962 5594 1219 Guten Abend, mein Herr
5282 1101 5818 1337 Künstler
4037 1282 7383 1548 Guter Abend. Erlauben Sie, hochgeehrter Herr Kapellmeister
3987 1401 7303 1658 daß ich eine Bitte an Sie richte. Mein Name ist – hohe — ein
4004 1569 7104 1873 Geheimnis, denn bevor ich meines Erfolges nicht sicher bin¬
5396 1747 5986 2038 A. Zopf.
4354 1831 4662 2067 Thres
4012 1869 5126 2244 Meines Erfolges
5463 2067 6058 2299 Künstler.
4020 2190 7412 2472 Meine Absicht ist - kurz und gut - noch im Laufe dieses Abends
4054 2434 6121 2708 ein berühmter Mann zu werden. —
5455 2565 6075 2810 A. Kopf.
4122 2662 5640 3050 Auf dem Maskenball -?
5493 2902 6467 3130 Komite mitglied.
4058 2991 7210 3379 Ich habe die Ehre, mich als Komitümitglied vorzustellen.
5586 3236 6168 3455 Kunstler
4172 3421 7303 3679 Ich- kurz und gut - habe einen Malzer komponirt, den
4109 3578 7336 3831 ich Sie – erlauben Sie mir, frank und frei zu reden – noch
4075 3750 6472 4004 im Laufe dieses Abends aufzuführen bitte.
5198 3890 6564 4172 (Schreckensvolle Pause)
