7448 5016
4829 966 6337 1343 Efer des Stromes.
4275 1276 6684 1542 Später Abend. Wind.- Eine Brücke.
4792 1387 6673 1660 Arbs Hilarius kömmt langsam.
5456 1579 5991 1789 Hilarnis
4047 1741 6706 1948 Mögt heut ein wenig länger warten, manche -
4065 1907 6455 2158 6 ist Sonderbares in die Welt gekommen,
4069 2021 7034 2291 Verzieht, verzieht. -- (Glockentöne vom Kloster herüber)
4877 2246 6448 2438 Die Abendmess' beginnt..
4035 2409 6385 2645 Das erste Mal ist's, daß ich sie versäume,-
4047 2567 6396 2807 66 eines Wahns. In mir ist Sonderbares
4028 2730 6463 2984 Und hat mein Herz gerührt... Die Welt ist alt,
4050 2859 6359 3135 Und andert nicht ihr lusehn! Ja ich fühl's
4032 3087 5227 3346 (Auf seine Brust deutend)
4035 3246 6640 3442 Da drin lag was begr. aben, scheintot mag es
4035 3416 6241 3633 Und lebte Sach! - Ich aber will nichts hören,
4039 3512 6599 3792 Von Damen will ich gehe, zur Ruh’ mich legen
4135 3711 6725 3962 (Geht über die Brücke, lehnt sich ans Geländer)
4065 3866 6573 4168 6 ist heut’ das erstemal, dass ich muß lachen
4065 4032 6562 4353 Wenn ich bedank ich sei ein Abt. Daß Well
