7528 4808
462 287 3251 657 Dass mir die Heilung auch des Mönchs gelingt
1749 562 2159 813 Abt.
406 590 2064 952 So viel verlang ich nicht.
1761 857 2498 1088 Benedikt.
1888 1016 2633 1259 Wie das?
1797 1203 2255 1466 Abt.
2562 1251 3163 1597 Ihr seid
398 1422 3028 1777 den Jahren noch, wo sich die Stirne faltet
414 1697 3418 1960 Und grau das Haupthaar wird. In X Euren Augen¬
394 1868 2944 2064 Strahlt nicht der milde glücklich stille Glanz,
462 2028 3195 2251 Wie in den Augen, die das Licht des Glaubens,
538 2223 3745 2438 Das Licht des freudgen Glaubens sahn. Mein Freund¬
534 2354 3020 2629 Verwandt mit meinem Blicke ist der Eure.
498 2506 3625 2729 Nicht weil ich glaubte, ward ich March. Ich ward es,
482 2677 3629 2956 Weil ich des Zweifelus müde war. Mein Glaube
550 2840 3223 3119 Nennt trüber sich Entsagung. Die nur lehrt
621 3032 3095 3279 dem grübelndem Regidius; er mag
562 3171 3115 3458 Erkennen, dass das Forschen unnütz ist,
645 3334 1976 3621 Mag sich ergeben:
621 3506 3510 3769 Entsagen. - Doch ich ließ den Bruder rufen,
681 3665 3534 3960 Schon hör' ich seine Schritte. Seht hier kömmt er¬
6972 331 7143 478 3
4828 378 6239 753 Regidius (tritt auf)
4135 538 7246 924 Hochwürdiger Herr, hier bin ich. Was befehlt ihr
5354 797 5745 1004 Abt.
4047 944 6581 1267 Ich rief Euch Eurer Krankheit wegen.
5346 1131 6083 1370 Aegidius
6406 1247 6852 1498 Herr,
4004 1458 6478 1761 Ich bitt Euch heute wie das letzte Mal,
4032 1586 7195 1860 Von meiner Krankheit nicht zu reden. Wollt Ihr
4012 1733 6804 2032 Von mir ein wissenschaftlich Werk gedeutet,
4028 1944 6872 2251 Zum Brauch der andern Brüder wie vor Zeit -
5434 2099 5880 2350 Abt.
3996 2219 6840 2546 Vor Zeit? Ich lächte, noch vor wenig Tagen
4047 2470 6163 2717 Wärt Ihr bereit dazu gewesen¬
5454 2609 6155 2864 Aegidius
6031 2753 6908 3008 Nichts davon.
4012 2920 6764 3239 fern haltet alles, was Gedanken aufregt
4036 3115 6525 3378 Und eigene Gedanken nur zerstreut
3960 3235 6629 3522 Lasst mich zurück in meine Zelle, woll Ihr
3988 3430 6788 3733 Gedanken arbeitet von dem kranken Mönch
5378 3597 6103 3836 Benedikt
4016 3781 6175 4055 Ich kam, dem kranken Heilung
5382 3892 6916 4163 Aegidius (unterbricht ihn)
5876 4079 7007 4362 zu verheißen,
