<?xml version="1.0" encoding="UTF-8" standalone="yes"?>
<PcGts xmlns="http://schema.primaresearch.org/PAGE/gts/pagecontent/2013-07-15" xmlns:xsi="http://www.w3.org/2001/XMLSchema-instance" xsi:schemaLocation="http://schema.primaresearch.org/PAGE/gts/pagecontent/2013-07-15 http://schema.primaresearch.org/PAGE/gts/pagecontent/2013-07-15/pagecontent.xsd">
    <Metadata>
        <Creator>prov=READ-COOP:name=TrHtr:version=2.1.0:model_id=51170:date=26_07_2023_02:42</Creator>
        <Created>2023-05-10T11:26:42.158+02:00</Created>
        <LastChange>2023-07-26T02:42:29.900+02:00</LastChange>
        <TranskribusMetadata docId="1428156" pageId="55387232" pageNr="17" tsid="130876548" status="IN_PROGRESS" userId="64420" imgUrl="https://files.transkribus.eu/Get?id=DZUUDPCICBNLNFGXWWXTJPXG&amp;fileType=view" xmlUrl="https://files.transkribus.eu/Get?id=TDUMAEJKTVUBZYVBBGZJUYWH" imageId="44662129"/>
    </Metadata>
    <Page imageFilename="1428156_0017.jpg" imageWidth="7656" imageHeight="5144">
        <ReadingOrder>
            <OrderedGroup id="ro_1711820350188" caption="Regions reading order">
                <RegionRefIndexed index="0" regionRef="tr_1"/>
            </OrderedGroup>
        </ReadingOrder>
        <TextRegion id="tr_1" custom="readingOrder {index:0;}">
            <Coords points="513,660 7447,660 7447,4557 513,4557"/>
            <TextLine id="tr_1_tl_1" custom="readingOrder {index:0;}">
                <Coords points="4123,773 6783,815 6991,790 6995,528 5303,653 4127,536"/>
                <Baseline points="4147,751 4230,757 4320,757 4409,757 4499,757 4589,757 4678,751 4768,751 4857,751 4947,751 5036,751 5126,751 5215,751 5305,751 5394,745 5484,745 5573,745 5663,745 5752,739 5842,739 5931,739 6021,739 6110,739 6200,734 6289,734 6379,728 6468,728 6558,722 6647,722 6737,716 6826,716 6916,716 7005,710"/>
                <TextEquiv>
                    <Unicode>Wollt Ihr an Orte -? Hrn! Wie soll ich sagen,</Unicode>
                </TextEquiv>
            </TextLine>
            <TextLine id="tr_1_tl_2" custom="readingOrder {index:1;}">
                <Coords points="507,939 715,840 2411,889 2972,786 3807,894 3845,632 3400,590 2860,727 2473,590 2062,715 511,677"/>
                <Baseline points="531,817 543,817 632,817 722,817 811,811 901,811 990,811 1080,811 1169,811 1259,811 1348,805 1438,805 1527,805 1617,799 1706,799 1796,799 1885,799 1975,799 2064,793 2154,793 2243,793 2333,787 2422,787 2512,787 2601,781 2691,781 2780,781 2870,781 2959,781 3049,775 3138,775 3228,775 3317,769 3407,763 3496,757 3586,757 3675,763 3765,769 3855,763"/>
                <TextEquiv>
                    <Unicode>Zeitet es die Nacht, zeigt es den Tag mir an — (pause,- selige)</Unicode>
                </TextEquiv>
            </TextLine>
            <TextLine id="tr_1_tl_3" custom="readingOrder {index:2;}">
                <Coords points="4044,993 4738,919 5187,1006 5403,919 5611,1027 6392,902 6584,973 6584,844 5869,765 5420,844 4879,769 4651,877 4476,790 4048,827"/>
                <Baseline points="4069,918 4087,924 4177,924 4266,924 4356,924 4445,924 4535,924 4624,918 4714,918 4803,918 4893,918 4982,918 5072,918 5161,913 5251,913 5340,913 5430,913 5519,907 5609,907 5698,901 5788,901 5878,901 5967,895 6057,895 6146,895 6236,895 6325,895 6415,895 6504,895 6594,883"/>
                <TextEquiv>
                    <Unicode>(leise) Die Euer Liebchen eifersüchtig machten E¬</Unicode>
                </TextEquiv>
            </TextLine>
            <TextLine id="tr_1_tl_4" custom="readingOrder {index:3;}">
                <Coords points="885,927 906,923 914,931 931,935 948,935 948,931 968,939 973,935 977,939 981,931 1043,935 1039,885 1018,885 1006,873 977,877 956,869 885,873"/>
                <Baseline points="907,918 996,924 1050,924"/>
                <TextEquiv>
                    <Unicode>am</Unicode>
                </TextEquiv>
            </TextLine>
            <TextLine id="tr_1_tl_5" custom="readingOrder {index:4;}">
                <Coords points="490,998 2045,1064 2178,973 3038,993 3142,889 2194,823 1438,931 1284,831 1043,939 707,848 490,952"/>
                <Baseline points="513,978 554,978 644,984 734,978 823,978 913,978 1002,972 1092,972 1181,972 1271,972 1360,972 1450,972 1539,972 1629,972 1718,966 1808,966 1897,966 1987,966 2076,966 2166,960 2255,960 2345,960 2434,960 2524,954 2613,954 2703,948 2792,948 2882,942 2971,936 3061,936 3150,930"/>
                <TextEquiv>
                    <Unicode>Es kommt der Tag!- O theuerste Faustina:</Unicode>
                </TextEquiv>
            </TextLine>
            <TextLine id="tr_1_tl_6" custom="readingOrder {index:5;}">
                <Coords points="943,1101 989,1106 1035,1081 1047,1081 1068,1101 1110,1101 1110,1022 1089,1022 1081,1031 1072,1022 1052,1022 1035,1006 1006,1018 968,993 943,993"/>
                <Baseline points="966,1068 1056,1068 1121,1068"/>
                <TextEquiv>
                    <Unicode>am</Unicode>
                </TextEquiv>
            </TextLine>
            <TextLine id="tr_1_tl_7" custom="readingOrder {index:6;}">
                <Coords points="4027,1168 4206,1197 4339,1126 4825,1218 5033,1093 5270,1093 5274,989 4871,948 4705,1043 4451,943 4352,998 4173,973 4032,1039"/>
                <Baseline points="4051,1080 4111,1086 4201,1086 4290,1092 4380,1086 4469,1086 4559,1086 4648,1086 4738,1086 4827,1086 4917,1086 5006,1080 5096,1080 5185,1074 5275,1068"/>
                <TextEquiv>
                    <Unicode>(zu Faustina) Nun?</Unicode>
                </TextEquiv>
            </TextLine>
            <TextLine id="tr_1_tl_8" custom="readingOrder {index:7;}">
                <Coords points="490,1251 1035,1160 2041,1214 2190,1130 2490,1230 3126,1189 3446,1147 3450,968 1762,1085 1330,1002 1060,1106 499,998"/>
                <Baseline points="519,1133 590,1133 680,1139 769,1139 859,1139 948,1139 1038,1145 1127,1139 1217,1139 1306,1139 1396,1139 1485,1133 1575,1133 1664,1133 1754,1127 1843,1127 1933,1127 2022,1127 2112,1121 2202,1121 2291,1121 2381,1115 2470,1115 2560,1109 2649,1109 2739,1109 2828,1103 2918,1103 3007,1098 3097,1098 3186,1092 3276,1092 3365,1092 3455,1092"/>
                <TextEquiv>
                    <Unicode>Ös kommt der tag, und himmlisch, herlich leuchtend</Unicode>
                </TextEquiv>
            </TextLine>
            <TextLine id="tr_1_tl_9" custom="readingOrder {index:8;}">
                <Coords points="5391,1251 5769,1309 6072,1255 6155,1297 6754,1276 6841,1259 6845,1060 6022,1122 5395,1081"/>
                <Baseline points="5412,1241 5418,1241 5508,1241 5597,1235 5687,1235 5776,1235 5866,1235 5955,1229 6045,1229 6134,1223 6224,1223 6313,1223 6403,1223 6492,1223 6582,1217 6671,1211 6761,1211 6850,1211"/>
                <TextEquiv>
                    <Unicode>Faustina (zu Benedikt)</Unicode>
                </TextEquiv>
            </TextLine>
            <TextLine id="tr_1_tl_10" custom="readingOrder {index:9;}">
                <Coords points="515,1384 1160,1413 1567,1318 1696,1401 2656,1392 2822,1297 3188,1301 3188,1209 2323,1160 1604,1268 769,1168 520,1264"/>
                <Baseline points="543,1312 602,1318 692,1318 781,1318 871,1312 960,1312 1050,1312 1139,1306 1229,1312 1318,1312 1408,1312 1497,1312 1587,1306 1676,1306 1766,1300 1855,1300 1945,1300 2034,1300 2124,1300 2213,1294 2303,1294 2392,1288 2482,1294 2572,1288 2661,1288 2751,1283 2840,1283 2930,1277 3019,1277 3109,1277 3198,1271"/>
                <TextEquiv>
                    <Unicode>Last ich entzückt im goldenen Licht mich sönnen¬</Unicode>
                </TextEquiv>
            </TextLine>
            <TextLine id="tr_1_tl_11" custom="readingOrder {index:10;}">
                <Coords points="5220,1521 5973,1409 6230,1492 6850,1401 7415,1459 7440,1251 6318,1259 6031,1338 5220,1272"/>
                <Baseline points="5245,1402 5299,1396 5388,1396 5478,1402 5567,1402 5657,1402 5746,1402 5836,1402 5925,1396 6015,1402 6104,1396 6194,1396 6283,1396 6373,1396 6462,1390 6552,1390 6641,1390 6731,1384 6820,1384 6910,1378 6999,1378 7089,1378 7178,1384 7268,1384 7357,1378 7447,1378"/>
                <TextEquiv>
                    <Unicode>Ach, der Sieg war leicht. Er ward errungen,</Unicode>
                </TextEquiv>
            </TextLine>
            <TextLine id="tr_1_tl_12" custom="readingOrder {index:11;}">
                <Coords points="507,1554 2868,1525 2968,1363 511,1396"/>
                <Baseline points="531,1468 560,1473 650,1485 739,1485 829,1485 918,1485 1008,1485 1098,1479 1187,1479 1277,1479 1366,1479 1456,1473 1545,1473 1635,1473 1724,1473 1814,1468 1903,1468 1993,1468 2082,1468 2172,1468 2261,1462 2351,1462 2440,1456 2530,1456 2619,1450 2709,1456 2798,1450 2888,1450 2977,1438"/>
                <TextEquiv>
                    <Unicode>Und fasse Dein Gewand – und lehre mich</Unicode>
                </TextEquiv>
            </TextLine>
            <TextLine id="tr_1_tl_13" custom="readingOrder {index:12;}">
                <Coords points="4165,1613 7244,1642 7248,1413 6085,1521 5902,1421 5258,1542 4165,1463"/>
                <Baseline points="4189,1587 4213,1587 4302,1593 4392,1593 4481,1599 4571,1593 4660,1593 4750,1593 4839,1593 4929,1593 5018,1593 5108,1587 5197,1587 5287,1581 5376,1581 5466,1581 5555,1581 5645,1575 5734,1575 5824,1569 5913,1569 6003,1569 6092,1569 6182,1569 6271,1569 6361,1569 6450,1569 6540,1563 6629,1557 6719,1557 6808,1557 6898,1557 6987,1551 7077,1551 7166,1551 7256,1545"/>
                <TextEquiv>
                    <Unicode>Berer legidius kam. - Doch nur gefällt sein Feuer,</Unicode>
                </TextEquiv>
            </TextLine>
            <TextLine id="tr_1_tl_14" custom="readingOrder {index:13;}">
                <Coords points="528,1758 1355,1667 1604,1787 2182,1775 2735,1642 2955,1704 2959,1546 2726,1492 2460,1563 2273,1475 1708,1575 1122,1525 906,1625 661,1505 532,1554"/>
                <Baseline points="549,1653 638,1658 728,1653 817,1658 907,1664 996,1658 1086,1658 1175,1653 1265,1653 1354,1653 1444,1653 1533,1647 1623,1641 1712,1641 1802,1641 1891,1641 1981,1641 2070,1641 2160,1635 2249,1635 2339,1635 2428,1629 2518,1629 2607,1629 2697,1623 2786,1623 2876,1623 2965,1617"/>
                <TextEquiv>
                    <Unicode>Ganz noch an diesen holden Busen - und -</Unicode>
                </TextEquiv>
            </TextLine>
            <TextLine id="tr_1_tl_15" custom="readingOrder {index:14;}">
                <Coords points="4152,1812 6355,1825 6696,1787 6696,1683 6517,1600 6272,1675 5935,1596 5308,1700 4381,1604 4152,1692"/>
                <Baseline points="4177,1748 4201,1748 4290,1754 4380,1760 4469,1760 4559,1760 4648,1760 4738,1760 4827,1760 4917,1760 5006,1760 5096,1754 5185,1754 5275,1754 5364,1754 5454,1748 5543,1748 5633,1748 5722,1742 5812,1742 5901,1742 5991,1742 6080,1742 6170,1742 6259,1736 6349,1742 6438,1736 6528,1730 6617,1730 6707,1736"/>
                <TextEquiv>
                    <Unicode>Die Unterhaltung soll noch länger währen</Unicode>
                </TextEquiv>
            </TextLine>
            <TextLine id="tr_1_tl_16" custom="readingOrder {index:15;}">
                <Coords points="536,1850 790,1858 885,1908 985,1887 1072,1933 1239,1862 1351,1933 1538,1937 1546,1646 1010,1750 973,1721 923,1766 669,1687 536,1758"/>
                <Baseline points="560,1837 566,1837 656,1832 745,1832 835,1837 924,1832 1014,1832 1103,1826 1193,1826 1283,1832 1372,1826 1462,1820 1551,1814"/>
                <TextEquiv>
                    <Unicode>Und küsse dich -</Unicode>
                </TextEquiv>
            </TextLine>
            <TextLine id="tr_1_tl_17" custom="readingOrder {index:16;}">
                <Coords points="4111,1978 4692,2074 4992,1945 6920,1949 7124,2041 7402,1966 7406,1754 4115,1841"/>
                <Baseline points="4135,1939 4195,1933 4284,1939 4374,1939 4463,1939 4553,1939 4642,1939 4732,1939 4821,1939 4911,1939 5000,1933 5090,1933 5179,1927 5269,1927 5358,1927 5448,1921 5537,1921 5627,1915 5716,1915 5806,1915 5895,1915 5985,1915 6074,1915 6164,1909 6253,1909 6343,1909 6432,1903 6522,1903 6612,1903 6701,1897 6791,1903 6880,1903 6970,1897 7059,1897 7149,1897 7238,1891 7328,1891 7417,1891"/>
                <TextEquiv>
                    <Unicode>bringt ihn bald wieder. (zu Zegidius; ihn mit einem Blickt</Unicode>
                </TextEquiv>
            </TextLine>
            <TextLine id="tr_1_tl_18" custom="readingOrder {index:17;}">
                <Coords points="1696,2020 1741,2012 1800,2049 1995,2028 2032,2053 2103,2024 2485,2016 2485,1891 2340,1879 2265,1829 2140,1854 1999,1812 1916,1820 1696,1887"/>
                <Baseline points="1718,1987 1778,1981 1867,1975 1957,1981 2046,1981 2136,1975 2225,1975 2315,1975 2404,1975 2494,1975"/>
                <TextEquiv>
                    <Unicode>Faustina</Unicode>
                </TextEquiv>
            </TextLine>
            <TextLine id="tr_1_tl_19" custom="readingOrder {index:18;}">
                <Coords points="4027,2178 4435,2240 4730,2149 4983,2236 6135,2086 6687,2178 6692,1970 5752,2037 5445,1933 5204,2057 5042,1974 4692,2074 4564,1987 4456,2057 4214,1953 4032,2007"/>
                <Baseline points="4051,2100 4105,2106 4195,2112 4284,2112 4374,2112 4463,2112 4553,2112 4642,2112 4732,2106 4821,2106 4911,2106 5000,2106 5090,2100 5179,2100 5269,2094 5358,2094 5448,2088 5537,2088 5627,2082 5716,2082 5806,2082 5895,2082 5985,2076 6074,2076 6164,2076 6253,2076 6343,2070 6432,2070 6522,2070 6612,2076 6701,2058"/>
                <TextEquiv>
                    <Unicode>tief anschauend, der glühend erwidert wird</Unicode>
                </TextEquiv>
            </TextLine>
            <TextLine id="tr_1_tl_20" custom="readingOrder {index:19;}">
                <Coords points="1509,2174 1958,2269 2078,2182 2286,2240 2618,2149 3267,2224 3275,1999 2606,2070 2315,2016 1509,2045"/>
                <Baseline points="1533,2154 1581,2154 1670,2154 1760,2154 1849,2154 1939,2148 2028,2148 2118,2148 2207,2142 2297,2142 2387,2142 2476,2142 2566,2142 2655,2136 2745,2136 2834,2130 2924,2130 3013,2130 3103,2124 3192,2124 3282,2118"/>
                <TextEquiv>
                    <Unicode>Und läßt Dich wiederküssen –</Unicode>
                </TextEquiv>
            </TextLine>
            <TextLine id="tr_1_tl_21" custom="readingOrder {index:20;}">
                <Coords points="5607,2278 5715,2294 5761,2269 5823,2298 5873,2269 5943,2298 5993,2273 6126,2336 6239,2294 6284,2319 6351,2307 6355,2099 6318,2086 5611,2107"/>
                <Baseline points="5633,2255 5651,2255 5740,2261 5830,2255 5919,2255 6009,2255 6098,2255 6188,2249 6277,2249 6367,2249"/>
                <TextEquiv>
                    <Unicode>Lebe wohl.</Unicode>
                </TextEquiv>
            </TextLine>
            <TextLine id="tr_1_tl_22" custom="readingOrder {index:21;}">
                <Coords points="1787,2357 1870,2357 1904,2390 1995,2382 2028,2415 2269,2377 2394,2406 2490,2369 2494,2199 2423,2224 2352,2194 2286,2240 2207,2219 2095,2244 2037,2203 1970,2265 1874,2290 1791,2278"/>
                <Baseline points="1814,2333 1873,2333 1963,2333 2052,2327 2142,2327 2231,2327 2321,2327 2410,2321 2500,2321"/>
                <TextEquiv>
                    <Unicode>Aegidius</Unicode>
                </TextEquiv>
            </TextLine>
            <TextLine id="tr_1_tl_23" custom="readingOrder {index:22;}">
                <Coords points="5391,2515 5503,2523 5598,2490 5702,2535 5810,2531 5877,2490 5952,2523 6068,2494 6155,2544 6160,2352 6031,2365 5923,2303 5852,2344 5819,2323 5740,2344 5619,2298 5561,2357 5395,2406"/>
                <Baseline points="5418,2440 5454,2440 5543,2440 5633,2440 5722,2434 5812,2434 5901,2434 5991,2434 6080,2428 6170,2428"/>
                <TextEquiv>
                    <Unicode>Aegidius.</Unicode>
                </TextEquiv>
            </TextLine>
            <TextLine id="tr_1_tl_24" custom="readingOrder {index:23;}">
                <Coords points="561,2569 740,2539 856,2627 1172,2531 1342,2652 1492,2531 1608,2610 1866,2523 2702,2577 3200,2510 3204,2382 561,2398"/>
                <Baseline points="584,2518 614,2512 704,2518 793,2518 883,2518 972,2518 1062,2518 1151,2518 1241,2518 1330,2512 1420,2512 1509,2512 1599,2506 1688,2506 1778,2506 1867,2500 1957,2500 2046,2500 2136,2500 2225,2500 2315,2494 2404,2494 2494,2488 2583,2488 2673,2488 2762,2482 2852,2482 2941,2476 3031,2476 3121,2476 3210,2482"/>
                <TextEquiv>
                    <Unicode>Und jubte auf: Glückselig ist die Liebe!</Unicode>
                </TextEquiv>
            </TextLine>
            <TextLine id="tr_1_tl_25" custom="readingOrder {index:24;}">
                <Coords points="6226,2660 6338,2652 6401,2693 6542,2668 6584,2631 6658,2672 6949,2643 6953,2452 6862,2423 6638,2473 6413,2427 6334,2494 6226,2506"/>
                <Baseline points="6247,2589 6331,2589 6421,2589 6510,2589 6600,2589 6689,2589 6779,2583 6868,2583 6958,2577"/>
                <TextEquiv>
                    <Unicode>Leb wohl!</Unicode>
                </TextEquiv>
            </TextLine>
            <TextLine id="tr_1_tl_26" custom="readingOrder {index:25;}">
                <Coords points="1571,2697 1904,2760 3475,2726 3554,2718 3558,2548 3292,2614 2914,2506 2365,2589 1874,2523 1575,2627"/>
                <Baseline points="1593,2691 1599,2685 1688,2685 1778,2679 1867,2673 1957,2673 2046,2667 2136,2667 2225,2673 2315,2673 2404,2667 2494,2667 2583,2661 2673,2661 2762,2661 2852,2655 2941,2661 3031,2661 3121,2655 3210,2655 3300,2655 3389,2655 3479,2661 3568,2667"/>
                <TextEquiv>
                    <Unicode>Benedikt Romuald (von außen)</Unicode>
                </TextEquiv>
            </TextLine>
            <TextLine id="tr_1_tl_27" custom="readingOrder {index:26;}">
                <Coords points="5586,2872 5798,2905 6043,2826 6147,2893 6446,2818 6654,2868 7003,2797 7211,2876 7265,2868 7269,2648 6716,2677 6584,2631 6318,2726 6168,2643 5985,2689 5844,2643 5590,2722"/>
                <Baseline points="5615,2774 5669,2780 5758,2780 5848,2780 5937,2780 6027,2780 6116,2780 6206,2774 6295,2774 6385,2774 6474,2774 6564,2768 6653,2768 6743,2768 6832,2762 6922,2756 7011,2756 7101,2751 7190,2762 7280,2762"/>
                <TextEquiv>
                    <Unicode>(Benedikt und Augidius ab.)</Unicode>
                </TextEquiv>
            </TextLine>
            <TextLine id="tr_1_tl_28" custom="readingOrder {index:27;}">
                <Coords points="4356,2922 4468,2909 4539,2943 4713,2860 4771,2893 4933,2847 5137,2893 5208,2843 5378,2818 5382,2681 5278,2631 5175,2697 4988,2668 4933,2702 4850,2652 4784,2681 4746,2648 4663,2677 4555,2635 4360,2639"/>
                <Baseline points="4380,2816 4404,2816 4493,2804 4583,2804 4672,2798 4762,2798 4851,2798 4941,2798 5030,2804 5120,2798 5209,2798 5299,2792 5388,2786"/>
                <TextEquiv>
                    <Unicode>(Faustina ab.)</Unicode>
                </TextEquiv>
            </TextLine>
            <TextLine id="tr_1_tl_29" custom="readingOrder {index:28;}">
                <Coords points="3296,2905 3412,2884 3466,2914 3524,2884 3674,2955 3736,2918 3786,2959 3840,2934 3849,2693 3707,2668 3570,2722 3371,2706 3300,2739"/>
                <Baseline points="3323,2828 3407,2828 3496,2822 3586,2822 3675,2822 3765,2822 3855,2810"/>
                <TextEquiv>
                    <Unicode>(tritt ein)</Unicode>
                </TextEquiv>
            </TextLine>
            <TextLine id="tr_1_tl_30" custom="readingOrder {index:29;}">
                <Coords points="611,2930 1484,2872 1866,2951 2190,2855 2502,2926 3105,2843 2955,2726 2556,2706 1933,2781 1646,2714 1251,2805 1085,2739 968,2822 615,2660"/>
                <Baseline points="638,2864 698,2864 787,2864 877,2864 966,2858 1056,2858 1145,2858 1235,2858 1324,2858 1414,2858 1503,2858 1593,2858 1682,2858 1772,2852 1861,2846 1951,2846 2040,2840 2130,2846 2219,2846 2309,2840 2398,2840 2488,2840 2577,2840 2667,2834 2756,2834 2846,2834 2936,2834 3025,2840 3115,2840"/>
                <TextEquiv>
                    <Unicode>Dem Arzt ist doch gestattet einzutreten</Unicode>
                </TextEquiv>
            </TextLine>
            <TextLine id="tr_1_tl_31" custom="readingOrder {index:30;}">
                <Coords points="619,3146 1130,3038 2016,3109 2544,3017 2901,3101 3063,3013 3408,3055 3408,2926 3105,2822 2963,2926 2116,2864 1633,2992 1155,2884 1010,2988 619,2934"/>
                <Baseline points="644,3013 734,3025 823,3031 913,3031 1002,3031 1092,3031 1181,3031 1271,3025 1360,3025 1450,3025 1539,3025 1629,3025 1718,3025 1808,3025 1897,3025 1987,3019 2076,3019 2166,3013 2255,3013 2345,3013 2434,3013 2524,3013 2613,3007 2703,3007 2792,3007 2882,3007 2971,3007 3061,3001 3150,3001 3240,3001 3329,2995 3419,2995"/>
                <TextEquiv>
                    <Unicode>Zu viel auf einmal nicht, mein lieber Freund:</Unicode>
                </TextEquiv>
            </TextLine>
            <TextLine id="tr_1_tl_32" custom="readingOrder {index:31;}">
                <Coords points="607,3258 3225,3238 3225,3101 2294,3026 1513,3167 1280,3051 611,3121"/>
                <Baseline points="632,3210 638,3210 728,3210 817,3210 907,3204 996,3210 1086,3210 1175,3204 1265,3204 1354,3204 1444,3198 1533,3198 1623,3198 1712,3198 1802,3198 1891,3192 1981,3192 2070,3192 2160,3186 2249,3186 2339,3180 2428,3174 2518,3180 2607,3180 2697,3174 2786,3174 2876,3174 2965,3168 3055,3168 3144,3168 3234,3168"/>
                <TextEquiv>
                    <Unicode>Die Medizin wird löffelweis genommen,</Unicode>
                </TextEquiv>
            </TextLine>
            <TextLine id="tr_1_tl_33" custom="readingOrder {index:32;}">
                <Coords points="565,3400 1480,3487 1816,3375 2290,3466 3541,3383 3267,3229 2477,3317 2003,3209 1471,3225 1318,3333 1189,3229 565,3279"/>
                <Baseline points="590,3383 596,3383 686,3383 775,3383 865,3383 954,3383 1044,3377 1133,3377 1223,3377 1312,3377 1402,3377 1491,3371 1581,3371 1670,3365 1760,3365 1849,3365 1939,3359 2028,3359 2118,3359 2207,3359 2297,3353 2387,3353 2476,3353 2566,3353 2655,3347 2745,3347 2834,3347 2924,3347 3013,3347 3103,3347 3192,3347 3282,3347 3371,3347 3461,3353 3550,3359"/>
                <TextEquiv>
                    <Unicode>Ihr dürft nicht gleich den ganzen Becher trinken.</Unicode>
                </TextEquiv>
            </TextLine>
            <TextLine id="tr_1_tl_34" custom="readingOrder {index:33;}">
                <Coords points="528,3570 964,3653 1280,3570 1421,3666 1658,3558 3171,3612 3570,3524 3570,3412 528,3425"/>
                <Baseline points="549,3544 626,3556 716,3550 805,3550 895,3550 984,3550 1074,3544 1163,3544 1253,3544 1342,3544 1432,3538 1521,3538 1611,3538 1700,3532 1790,3532 1879,3532 1969,3532 2058,3532 2148,3526 2237,3526 2327,3526 2416,3526 2506,3526 2595,3520 2685,3520 2774,3514 2864,3514 2953,3514 3043,3514 3132,3514 3222,3514 3311,3514 3401,3508 3490,3514 3580,3508"/>
                <TextEquiv>
                    <Unicode>Wie hat's geschmeckt, war sie genugsam süß?</Unicode>
                </TextEquiv>
            </TextLine>
            <TextLine id="tr_1_tl_35" custom="readingOrder {index:34;}">
                <Coords points="565,3761 943,3849 1517,3753 1845,3853 2452,3707 3159,3778 3400,3732 3404,3587 569,3628"/>
                <Baseline points="590,3723 638,3729 728,3735 817,3741 907,3741 996,3735 1086,3723 1175,3723 1265,3717 1354,3717 1444,3711 1533,3711 1623,3705 1712,3705 1802,3705 1891,3699 1981,3699 2070,3699 2160,3699 2249,3699 2339,3693 2428,3693 2518,3687 2607,3687 2697,3687 2786,3687 2876,3681 2965,3681 3055,3681 3144,3681 3234,3681 3323,3681 3413,3687"/>
                <TextEquiv>
                    <Unicode>Was sagt ihr denn, zu Benedikt's Rezept? -</Unicode>
                </TextEquiv>
            </TextLine>
            <TextLine id="tr_1_tl_36" custom="readingOrder {index:35;}">
                <Coords points="1800,3948 3815,3948 3886,3936 3886,3745 3545,3811 3429,3745 2577,3736 2386,3811 2037,3736 1804,3840"/>
                <Baseline points="1826,3872 1837,3872 1927,3872 2017,3872 2106,3872 2196,3866 2285,3866 2375,3866 2464,3866 2554,3866 2643,3866 2733,3860 2822,3860 2912,3860 3001,3855 3091,3860 3180,3860 3270,3860 3359,3860 3449,3860 3538,3860 3628,3855 3717,3860 3807,3866 3896,3855"/>
                <TextEquiv>
                    <Unicode>Aegiolius (nach u. nach ernst geworden)</Unicode>
                </TextEquiv>
            </TextLine>
            <TextLine id="tr_1_tl_37" custom="readingOrder {index:36;}">
                <Coords points="628,4119 1072,4069 1239,4156 1525,4069 1783,4198 2232,4061 2594,4160 2781,4036 3042,4123 3375,4069 3379,3961 632,3940"/>
                <Baseline points="650,4087 704,4081 793,4075 883,4075 972,4069 1062,4063 1151,4063 1241,4057 1330,4057 1420,4057 1509,4051 1599,4045 1688,4045 1778,4045 1867,4040 1957,4040 2046,4040 2136,4040 2225,4040 2315,4040 2404,4034 2494,4034 2583,4028 2673,4028 2762,4028 2852,4028 2941,4028 3031,4028 3121,4022 3210,4022 3300,4028 3389,4028"/>
                <TextEquiv>
                    <Unicode>Es war zu viel auf einmal, Last uns gehe¬</Unicode>
                </TextEquiv>
            </TextLine>
            <TextLine id="tr_1_tl_38" custom="readingOrder {index:37;}">
                <Coords points="640,4335 864,4360 935,4352 989,4306 1089,4302 1218,4339 1326,4331 1392,4298 1396,4119 1334,4119 1276,4173 1052,4073 968,4106 869,4073 819,4102 732,4077 682,4127 644,4119"/>
                <Baseline points="662,4230 751,4236 841,4236 930,4230 1020,4230 1109,4230 1199,4225 1288,4230 1378,4230 1402,4230"/>
                <TextEquiv>
                    <Unicode>Ö Wohin -?</Unicode>
                </TextEquiv>
            </TextLine>
            <TextLine id="tr_1_tl_39" custom="readingOrder {index:38;}">
                <Coords points="1904,4418 2074,4464 2107,4431 2423,4406 2531,4456 2677,4381 2677,4244 2569,4210 2369,4281 2282,4244 2232,4185 2145,4181 2086,4140 1908,4148"/>
                <Baseline points="1927,4380 1969,4374 2058,4368 2148,4368 2237,4368 2327,4362 2416,4362 2506,4362 2595,4362 2685,4362"/>
                <TextEquiv>
                    <Unicode>Benedikt.</Unicode>
                </TextEquiv>
            </TextLine>
            <TextLine id="tr_1_tl_40" custom="readingOrder {index:39;}">
                <Coords points="1151,4613 1908,4551 2623,4622 2805,4534 3055,4663 3446,4638 3815,4605 3820,4414 1155,4439"/>
                <Baseline points="1175,4547 1229,4547 1318,4547 1408,4547 1497,4541 1587,4541 1676,4541 1766,4541 1855,4535 1945,4535 2034,4529 2124,4529 2213,4529 2303,4529 2392,4529 2482,4529 2572,4523 2661,4529 2751,4523 2840,4523 2930,4523 3019,4529 3109,4523 3198,4523 3288,4523 3377,4517 3467,4517 3556,4517 3646,4523 3735,4523 3825,4529"/>
                <TextEquiv>
                    <Unicode>Kommt nur mit mir - Ich will Euch führen -</Unicode>
                </TextEquiv>
            </TextLine>
        </TextRegion>
    </Page>
</PcGts>
