7640 5064
545 677 3720 975 Hatt’ ich eines? – Und wird eines verrungen? — Kanns
306 775 3554 1051 Der Mensch erringen? Ists für ihn? - Ist's überhaupt?
315 962 3728 1239 Und waltet denn etwas anderes als der Mensch? Und doch
353 1158 3243 1443 will ich von etwas Großem, von Freiheit sprechen?
409 1298 3575 1643 Benedikt. Du hast’s ja schon gethan. Auf deiner Kanzel
396 1541 3350 1830 Hast Du haarklein bewiesen, wie unsinnig sie ist.
400 1698 2120 1937 Aegidius. Und die Liebe -?
396 1788 3720 2154 Benedikt. Bist Du so verrückt, sie als etwas großes der
366 2043 3673 2345 zustellen? Sieh mich an, und erinnere dich deiner Pre¬
434 2175 3754 2430 ligt, und denk an das deine Reiserei; aber du beißt
396 2324 3792 2694 die in die Lippen - Haft du noch Lust dir etwas Großes
392 2579 1141 2843 zu denken -
434 2707 2775 2996 Aegidius. Ja, ja, ich hab's! Die Kunst!
426 2864 3822 3141 Benedikt. Nun ja, die Kunst. Bist du zu Ende? Die Kunst
536 3056 3724 3333 Sie ist Kunst, nicht wahr, erlegen, erdichtet, gehört
460 3256 1447 3516 nicht zum Leben –
464 3362 3648 3673 Begidius. O wehe, was machst Du mit mir! Und
519 3562 3716 3797 denke, Benedikt -, Freiheit und Liebe im Einklang
443 3758 2473 4031 in Ruhe, in richtigem Maße —
464 3839 3792 4180 Benedikt. Im richtigen Maße, hahn! Zeige mir den,
485 4077 3371 4367 ders findet, und ich will an ein Schal glauben,
502 4214 3733 4503 Aegidius. O trastlos, trostlos! Also nicht erhabenes
545 4380 3882 4754 u. alles durch Eines begränzt; und doch nicht eingeschränkt
3929 230 7351 596 Da ja alles in dieselben Grenzen fällt.- O Benedikt, wenn
3967 430 7304 728 es wahr wäre! Alles auftet mir nur nach Verwesung
3967 587 7385 915 Da die Dumpfe Luft des ertöffenden Gleichmaßes durch die Last
3967 817 7351 1081 Welt zieht. Und das sollte sie sein, die Welt! Unsere Welt,
3980 1004 7376 1260 die greifbar alltägliche – die ganze -?! Und das Leben ins
3984 1136 7355 1426 Blaue hinein, das Verfücken in Taumel und Rausch, da
4026 1358 7253 1634 Nicht achten alles dessen, was in seltsamen Augen blicken
4031 1507 7427 1775 als erhabenes Gesetz mir galt, Beendikt, Benedikt - wenn
3988 1694 7368 2026 alles so ist, wie du sagst (pögered), wie es mir selber er¬
3975 1864 7334 2183 scheint, und wenn alle so theun und denken wie ich und du,
3997 2013 7389 2362 Benedikt, dann aufs ja diese Welt in Rücke gehe und zerfal¬
3984 2252 4295 2498 An!
3984 2366 6406 2613 Benedikt. Und wenn sie nun zerfiele?
4005 2609 5776 2847 Aegidius (sicht ihn ersetzt an)
4018 2775 5427 3018 Benedikt (lacht und geht)
4031 2873 7393 3201 Begidius. Und wenn sie zerfiele! (Rille, dann lacht er und
4090 3043 7291 3337 geht scheinbar lustig umher) zahn, und wenn sie zerfiele!
4103 3196 7380 3507 Was weiter? (küßt die dirne, die er früher verlassen) Da
4095 3452 6674 3716 bin ich wieder und bitte dich um Verzeihung.
4107 3558 5886 3856 Dirne (Kusst ihn) Da hast du hie.
4107 3669 7274 4009 Aegidius. Aber die Küsse will ich nicht. (reißt sich lag.)
4107 3886 7440 4222 Nächte lang träumt ich von einem Kuß- und eben den
4129 4052 7436 4375 will ein Weib mir verweichern, ein wahnsinnig geliebter
