7592 5016
1377 515 2315 858 Leonhard.
584 774 3166 1015 Es Runkelt, Kind, ich gehe an mein Werk.
613 927 2556 1190 Wollt ihr mit mir in’s freie?
1694 1099 2271 1347 Felicita.
2417 1165 3469 1475 Gern, mein Vater
1738 1413 2381 1669 Aegidius
566 1530 2801 1862 Und ich verlass mein Mädchen nicht
1727 1734 3651 1975 Leonhard. (ihn wohlgefällig betrachtend)
500 1921 2822 2158 Seh ich dich so - Gestalt und Antlitz stolz
482 2096 2844 2373 Und mild zugleich - dabei dies Ratselhafte
460 2264 2855 2534 In deinem ganzen Wesen und Gebahren,
387 2417 2939 2724 Ich könnte dich für einen Prinzen halten
445 2600 2910 2888 der / wie im Märchen / aus dem Osten Kam
464 2746 2844 3012 Um ein beglücktes Mädchen hier zu frein,
497 2968 2826 3220 Ohn, dass ihn die Gewohnheit Kümmert und
683 3104 938 3231 hohle
493 3071 2713 3392 Der Flitterstand desird'schen Lebens.
1731 3261 2483 3461 Aegiduis
548 3396 3188 3648 Und wahrlich, Leonhard, kein andrer hätte
497 3542 2932 3848 Wie Du, von jedem Vorurteile frei,
537 3790 3100 4031 In edlem Glauben, mir, dem fremden Mann,
533 3900 3469 4221 Vertrauensvoll die Hand gereicht; Ihr mißt nicht,
486 4078 3257 4352 Könnt ja nicht wissen, was Ihr mir gethan,
533 4246 3206 4575 Euch sucht' ich ja, so lang ich leb' undahme!
4122 369 6715 697 Zwei Menschen, die sich selber angehören,
4407 595 6835 818 Und nicht vor Lächerlichem niederknien¬
5331 723 6043 1008 Leonhard.
4148 832 6718 1128 Kann einer das, der den verwöhnten Blick
4188 1117 6751 1325 Vort oben immer schweifen läßt und schaun¬
4177 1230 7076 1482 Die Welt ist groß - die Menschheit ist ein Nichts...
4148 1391 4769 1665 Kommt!
5324 1559 6014 1837 Alle ab.)
