7544 4904
1286 530 2725 845 Benedikt, Hegidius.
445 687 3703 1128 Aegidius hat seinen letzten Blick auf den Brief geworfen und
461 974 1868 1237 wendet sich zu Benedikt)
594 1035 3283 1354 Ihr wollt mich denn "mit Gottes Hilfe" heilen.
1892 1277 2559 1520 Benedikt.
716 1459 1225 1754 Buchheilen
1916 1589 2547 1811 Aegidius
1160 1726 2870 2001 Um dem guten Gott zu dienen.
513 1900 2769 2187 O wie erbärmlich ist doch E euer Gott,
509 2090 3210 2337 daß er nach denen geigt, die an ihn glauben!
1807 2248 2482 2462 Benedikt.
521 2381 2975 2725 Folgt mir ins Freie, lieber junger Freund!
546 2599 2814 2862 Denn diese Luft verlüstert Eure Sinne,
586 2761 2595 3060 Und Euer Wort scheint angehaucht
590 2882 3400 3169 Vom trüb sein, der den ganzen Raum durchzieht,
623 3024 3181 3375 Und Euch bedrückt, wie jeden, der hier weilt.
586 3230 3202 3533 Fühls erst die Sonn’ ob Eurem Haupte scheinen,
574 3412 3028 3679 Seht freie Menschen wandeln neben Euch,
602 3590 1981 3861 Dann lassst uns reden.
1851 3739 2563 3990 Aegidius
2001 3861 3565 4148 Unter andern Menschen!
1758 4047 2563 4309 Benedikt
711 4131 3574 4532 Ja, andre Menschen sollt Ihr kennen lernen
3929 255 6492 768 Und freier Himmel und gesunde Lust!
5332 582 6027 784 Benedikt.
5401 736 6072 986 Aegidius
3998 938 4968 1241 Ihr dürft's
5486 1031 6189 1294 Benedikt.
4992 1221 5571 1484 Und ihr
5534 1370 6310 1625 Aogidius.
5583 1467 7361 1754 Da draußen dürft' ich weilen m
5534 1694 6286 1953 Benedikt.
4176 1892 5526 2195 Ihr sollt“ es, müsst¬
5506 2009 6262 2260 Aegidius
4802 2179 6848 2523 (in plötzlichem Glück) Mufs frei sein!
5494 2296 7382 2656 (Wieder düster) Lasst uns gehe
4289 2527 7402 2870 (Langsam wendet er sich zum Gehe; er bleibt stehn und wenden
4317 2717 5930 2995 sich aufathmend zu Benedikt)
4087 2842 6751 3206 Ihr führt mich in der Welt weichholde Arme
4107 2991 6456 3371 An ihrem üppgen Busen soll ich trunken
4079 3206 6638 3533 Dem Pulsschlag fesselosen Lebens lauschen,
5170 3400 5845 3622 Beneilikt.
4119 3477 6998 3861 Ei! wie der Mönch vom üppigen Bufen schwatzt!
4164 3667 6897 3954 Kommt rasch, dass diese Halle ja nichts hört;
4156 3865 6799 4172 Ihr thut ein gottgefällig Werk, mein Freund,
4160 4043 6011 4374 Wenn Ihr sie rasch verlasst.
