7592 4968
458 403 1069 628 die einzige,
437 526 2129 772 die wahrhaft tief geliebte -,
496 683 2710 874 Die erste deren Auge mir verkündet:
467 861 3363 1111 Ägidius, du lebst! - denn sagte mier früher,
484 1009 2591 1294 Ich hätte schon gelebt, er ist ein Thor¬
517 1171 3100 1476 Geschminkter Tod ist Leben ohne Liebe
543 1332 2977 1629 Lass mich hinziehe, faustina... Lebe wohl!
1904 1497 2545 1739 Faustina
640 1624 3232 1951 Geh, geh - - nein, bleib! - O mein Ägidius.
619 1841 3376 2125 - Nein geh - ich bettle nicht ein Liebe. (Fristfort)
662 2015 1921 2295 Agidius, Agidius!
679 2180 2235 2434 O kehr zurück, ligidius, —
640 2341 3414 2613 Du läuschest dich, - du liebst sie nicht - A gidius.
713 2473 3923 2748 Sie zerreißt ihre Maske, - ihrer dunkeln Locken fallen will
496 2630 3915 2876 Um Antlitz und Nacken und über ihren Busen herab. Sie wirst
530 2854 2405 3139 die Marke zu Boden und geht.)
4691 908 5751 1120 Limmer.
4581 1065 6035 1349 Felizitas und Ägiclius.
5102 1353 5620 1616 Aegidius.
4012 1514 5607 1845 Dring nicht in mich, geliebte.
5187 1718 5721 1968 Felicitas.
5518 1887 6273 2104 Nuss ich nicht?
4097 2078 6799 2303 Dein liebes Aug’ sieht manchmal trüb; du seinst
4080 2205 5777 2473 Und meiner denkst Du nicht -
5302 2371 5895 2596 Jegidius
5679 2524 6659 2757 Nie einer andere!
4080 2693 6688 2994 Die Zeit ist schön! Das alles, was einst war
4067 2867 6341 3126 Weit hinter mir in Nebelfernen liegt,
4059 3028 6129 3266 Ist deiner Liebe Werk! Felizitas.
4063 3172 6396 3478 Sieh jetzt ins Auge mir. Was s lie sest du
4050 3372 5395 3614 In meinem Blick -?
5242 3524 5874 3758 Felicitas./.
5153 3681 6731 3936 Bleib so - las mich nun sehn -
4050 3889 6502 4144 Ich lese - Heiter schaust du mir in's Antlitz -
4033 4042 4508 4313 Ich - ich -
