7274 4680
4621 518 6284 905 Zimmer der Faustina
3680 762 6883 1080 (Die Ausstattung reich und geschmackvoll. Es liegt eine gewisse
3782 949 7001 1235 Uppigkeit, eine berauschende Stimmung über allem, die durch
3802 1125 6968 1410 die Anordnung der Gegenstände und durch diese selbst hervorge¬
3810 1316 4548 1548 rufen wird)
4825 1361 5921 1740 Negidius allein,
3888 1642 5367 1874 Benedikt, Benedikt!
3847 1777 6744 2062 Wie ist mir! Melch beklemmend üppger Duft¬
3822 1964 6687 2266 Bin ich im Traum nach - : Iste er abgeschüttelt?
3810 2127 6870 2445 Und hab’ ich denn geträumt?... Nein, alles wahr¬
3798 2315 6479 2608 Ich trat ins Haus, in dem die Offenbarung
3786 2486 6324 2783 Die Heiligste mir ward. Nein, heilig nicht,
3786 2673 6597 2942 Doch feurig, herzentzündend, unbeschreiblich.
3769 2840 6324 3138 die Offenbarung meines Menschen lums!
3822 3024 4658 3289 (beim Fenster.).
3830 3154 7111 3460 Hier ist 36, — hier war 36 - daß an sie -, und ich sah sie,
3839 3358 6850 3570 Dort wandelt ich - und löscht' mein Licht, und stand -
3826 3509 6716 3749 Und schaute hieher – und ward sollt und immer
3904 3725 6997 3908 Vervirrter wird’s um mich, und worrer in mir
3900 3855 6243 4132 Ich weile, wo ich sie erblickt! Und ist,
3912 4026 6271 4320 Was ich mit ängstlichem Entzücken ohnte,
3953 4185 6500 4474 Glückselge Wahrheit - wie - so weil ich in
