7656 4984
389 360 2822 663 So blendend in der bläulich klaren Luft,
372 548 3027 802 Als wollt es dort in einigen Zügen prangen,
348 720 3170 994 Ja, ewig seid ihr Leuchten unsres Himmels
319 875 3121 1157 Und oben, wo auch ein erhabnes Gleichmass
331 1088 2969 1280 Die Stelle eures Daseins wies, unendlich,
323 1194 2900 1509 Anwandelbar dahin zuziehen – das ist ja die
1767 1366 2033 1489 dieser
331 1378 2757 1652 Bestimmung, die von Welten Anfang
360 1538 2487 1865 Euch bis in alle Zeitenfernen ward.
1517 1734 2299 2008 Felicitas.
397 1885 3333 2135 Gieb mir das Licht, mein Vater. Wenn du lange
376 2086 2859 2299 Die Blicke angestrengt, versagt die oft
372 2254 2429 2536 Das Auge die gewohnte Schärfe.
1489 2438 3170 2691 Leonhard (giebt ihr das Licht)
2245 2630 2744 2818 Besser
331 2695 2843 3035 Vermag ich alles dort zu sehn, als unten.
258 2920 2793 3207 Ich bin wie ein Poët, der sich auf Erden
352 3092 2847 3382 Zurecht nicht finden kann, zur Höhe strebt
339 3260 3051 3513 Und die Gewähre Ersucht eines a inneren Wunsches
352 3493 3354 3730 Und fühlt, daß in dem Umkreis des Gewohnten
348 3611 3640 3881 Nieo Gewähr ihm niemals wirckt — Ob se wo anders? -
352 3791 3084 4106 Wo unser Athem weht, der raschversauchte,
364 3971 3133 4209 Ist alles Klein- und Menschensein und Schicksal,
384 4160 2585 4450 So groß es auch zu zeiten scheinen mag,
3836 254 6454 573 Wenn es die Sinne und Gedanken aufregt,
3796 458 6564 777 Bedeutungslos verschwindet's meinem Blicks
3816 650 6295 892 Reiht ich ihn auf zu jener großen Ruhe,
4348 834 4536 928 ob
3832 781 6949 1149 die still zu unsern Häuptern glänzt – Komm’, Knich!
5092 982 5681 1211 Felicitas.
3881 1182 5440 1464 Sieh dort - ein Schläfer
5051 1325 5816 1571 Leonhard.
5288 1452 6806 1746 Der sich, wie mich glückt,
3869 1677 6409 1935 Nicht eben eine gute Schlummerstatt gesucht.
5194 1840 5877 2070 Felicitas.
3836 1996 6978 2262 Ich glaub, wir wecken ihn; der Wind geht kälter
3861 2164 6728 2417 Und wählt in seinem bloßen Haar. Die Steine
3845 2331 6798 2618 Sind kalt geworden und leicht wird er krank.
5068 2519 6479 2789 Leonhard (zu Angelius)
3971 2687 5603 2998 Gestattet lieber herr -?
5157 2855 5796 3112 Felicitas
5411 3006 6511 3297 Er regt sich nicht.
5153 3215 5894 3452 Leonhard
3988 3374 6368 3628 Sein Antlitz sah ich nicht, in seine Hände
3992 3579 5350 3861 Hat er's verborgen¬
5186 3714 5820 3967 Felicitas
5284 3894 6245 4143 Wachet auf!
