7480 4984
578 677 2333 929 Und du darfst andre lieben¬
651 823 3566 1105 (da sie erwacht und ihn mit einem großem Blicke ansieht)
560 1006 3343 1284 Weh mir! was sprach ich! Lüge ist's und Trug,
651 1196 3559 1408 "s ist was in mir, das lügt und höhet! - Nur eins
600 1331 2995 1661 Zu sagen, kam ich her: daß dein Aegidius
611 1529 2813 1796 Ein Freyler ist - daß meine Liebe hin¬
625 1653 2992 1971 Dass alles Glück verloren ist auf Erden¬
614 1843 3244 2173 Ja alles, alles Glück! Kirb, Mädchen, stirb¬
633 2034 3149 2301 Willst du unselig sein dein Leben lang?
1920 2165 2487 2407 Felicitas.
655 2355 3047 2681 Ja, ich will sterben; da der Liebste tot
2004 2509 2611 2721 Hilarius.
636 2659 3383 2941 Das darfst du nicht! - Dein Liebster ist nicht tot!
644 2886 1730 3175 Er denkt ja dein
2063 2992 2604 3178 Felicitas
1452 3175 2860 3423 (plötzlich aufstehend) O Teufel!
2118 3347 2721 3533 Hilarius,
2846 3482 3409 3738 der Gesetz
1127 3537 2692 3811 in schwer errungener Ruhe
603 3705 1569 4038 des Klosters -
2140 3749 2659 4078 Felicitas
2202 3976 3178 4239 Herzias Recht!
1624 3950 2143 4265 Und des
2147 4170 2747 4422 Hilarius.
2846 4290 3712 4532 Wie stund’ es
4023 432 6744 790 Um unsere Welt, wenn Leidenschaft regirte!
5417 633 5987 896 Felicitas.
4045 834 6543 1002 O sieh’s an mir, wie thöricht deine Worte!
4023 951 6415 1229 Ich könnte glücklich sein, unsäglich glüklich,
4016 1130 6360 1361 Da Leidenschalt mich glühend ihm verband,
4009 1295 6448 1536 Nun aber reißt ein festiges Gesetz
4042 1507 6569 1701 Aus meinen Armee den geliebten Mann,
4012 1624 5885 1902 Und das Gesetz schuf Unglück!
5497 1767 6123 2004 Hilarius.
5823 1931 6737 2209 Mädchenlogik,
4020 2030 6123 2366 die Liebe als das höchste anerkennt¬
5424 2279 6101 2513 Felicitas.
3990 2469 5398 2725 Und ist sie xxx nicht?
5603 2542 6317 2831 Hilarius
5355 2776 6137 2963 die Liebe -?
5570 2919 6170 3153 Felicitas
6050 3076 6766 3306 Tod nach ihr
4078 3248 6540 3504 wären wir gestorben Herz an Herzen
4063 3427 6507 3668 Nach unberührt vom kalten Windeshauche
4085 3559 7026 3807 der herbstlichen Alltäglichkeit! Wie träumt ich schön:
4063 3756 6810 3979 In seinen Armee träumt' ich ewgen Frühling
4074 3965 6317 4206 In Wolkenhöhen schwebten wir vereint
4078 4118 6185 4437 Und fanden alles in dem Augenblick,
