7592 4984
737 408 3515 657 Die Wahrheit dir gestand - Nun glaub ich anders.
1953 598 2585 880 Faustina
716 741 3368 1044 O sprich nicht vorschnell — Schweig ein wenig — dann,
724 973 3271 1162 Wenn du bedacht, sprich wieder; aber denke,
711 1124 2930 1385 Daß jene Nacht, wo du so rasend warst,
724 1276 2922 1575 Wie ich's in diesem Augenblicke bin¬
737 1457 1579 1730 Dass jene Nacht¬
1932 1608 2509 1844 Aegidius
1600 1722 3469 2008 Du willst, daß die Erinnerungen
653 1924 2955 2202 Vorüberflicht an jenen trüben Stunden,
632 2113 3061 2349 Als wäre sie in Wahrheit nie gewesen¬
669 2282 3267 2522 Du brauchst mir's nicht mehr zu gebieten, denn
665 2446 2758 2694 Die Zeit hab ich vergessen. Eine schönre¬
610 2602 2905 2896 Glückselge Zeit zieht über meinem Leben
653 2758 3263 3035 Seit zweien Tagen hin - Jaustina, las mich
661 2964 3225 3191 Gestehn, was ich dir nicht verschweigen & will,
627 3065 3970 3381 Ich liebe - (Faustina sprachlos, totenkleich. Angiliusachtet wenig
598 3275 3983 3562 mehr auf sie und giebt sich ganz dem Feuer hin, das ihn setzt durchstreich¬
1242 3482 3183 3680 Solch ein Weib, wie du, Faustnia,
699 3604 3301 3865 Vermag ein Lieben, wie ich’s jetzt empfinde
695 3772 3153 4004 Nicht zu verstehe; da ist kein loses Spielen
644 3911 3360 4164 Mit Wort und Blicken kein wollüstig Quälen;
669 4092 2998 4404 Kein Neigen ohne Hoffnung auf Gewähr,
4185 387 6517 678 Nein, da ist wahre Leidenschaft und Gluth,
4185 573 6227 842 Ein rückhaltlos Hingeben seiner Liebe,
4227 737 6370 1010 Ein freudiges Verschenken seiner selbst
4231 914 6563 1187 Ein unbeschickte seliges Glück, doch nein — es ist
4218 1074 6787 1301 Das Glück selbst, - denn die Liebe nur ist Glücks¬
4239 1225 6732 1469 Mer mag wohl also thöricht sein und sagen¬
4248 1427 6656 1671 Auch ohne Sonne strahlt es hell auf Er den -?
4214 1579 6336 1810 Verlier" - ich sie, die ich unendlich liebe,
4239 1718 6702 1962 So schleppt sich um d mein Leben und erbleintet
4248 1907 6467 2139 die kahle Strecke seiner Tage weiter-,
4248 2084 6437 2320 Im Denkeln lastet es sich mühsam fort¬
4248 2244 6521 2433 Und wartet, daß es ende. — O Geliebte,
4239 2408 6597 2640 Die Licht und Lieb' glückselig glänzen läßt,
4252 2593 6462 2791 Mein Alles und mein Einziges zugleich,
4282 2724 6871 2985 Nichts gleicht auf dieser Welt dir, engelfüße!
4290 2939 6740 3094 Der Abend war’s, - an dem ich dich verließ.
4298 3052 6744 3280 Da fand mich Leonhard, der steruenkund ge¬
4269 3221 6774 3444 Auf seines Thurmes Stufen. Wie ich hinkam,
4227 3372 6584 3637 Ich weiß es heut nicht mehr - Doch danke ich
4189 3570 6555 3810 dem gütgen zufall, der mich hingeführt,
4185 3717 6656 3894 Wie ich nie freudenvoller danken werde.
4231 3865 6702 4147 Ihr Vater war es, der mich schlafend fand,
4256 4046 6841 4324 Und sie erweckte mich zum seligen Wochen,
