7608 4920
414 302 3187 804 Aus der mir dürfte, seltsam mild berauschend
522 622 3323 1003 Entgegenströmen und den Sinn umnebeln.
564 812 3066 1119 Mir ists, als zog es weich mich immer fort,
555 965 3062 1280 Ich weiss wohin und weiß es nicht — und ohne
588 1185 2739 1488 Glückseligkeit und ohne- Leiden- und
609 1305 3195 1604 H a Licht! - nun wird es heller - immer heller
617 1492 3100 1832 Ich sehe dich - dich! Dich! Und alles wallt
634 1691 3199 2010 Um Dich! Glückseligkeit und Leiden — Und
617 1819 3340 2113 Ich bin bei Dir - und schau in deine Augen¬
605 1993 3017 2333 Und liebe dich! Unendlich lieb’ ich dich!
953 2233 2271 2540 (Stürzt ihr zu Füßen)
1852 2412 2586 2606 Faustina.
543 2503 3245 2863 Weil du mich liebst, will ich dich küssen
1881 2760 2718 3008 Begidius. —
3029 2859 3402 3054 Und
539 3008 3874 3452 Hast mich geküsst, hast mich geküsst — O sprich doch!
1885 3203 3091 3501 Faustina (küsst ihn)
506 3427 3261 3754 Dies ist mein zweiter Kufs auf diese Lippen
1840 3543 3543 3883 Aegidius sie wild umfassend
559 3775 1803 4082 Ohinmlisch Wesen!
1894 3816 2602 4152 Faustina.
1807 4053 3323 4351 Stenne mich Faustinur.
4997 327 5640 671 Jegidius.
4206 472 6477 837 Geliebte nein ich dich- und preise mich
4280 750 6460 1019 Beglückt, wenn du mich lieben willst!
5196 916 5859 1148 Faustina.
5196 1073 5391 1202 with
4293 1090 7028 1289 Mich lieben kannst, du Kindischer! 0ff stünde
4301 1256 6651 1454 das Liebenwollen und Nichtlietenwollen
4310 1405 6858 1682 Doch stets bei uns! Die Liebe ist ein Zwang¬
4334 1624 6982 1885 Die Leidenschaft ist Herrin meines Willens,
4289 1790 6779 2051 Und so, Aegidius, muß ich dich lieben.
5424 1939 6174 2209 Aegiduis
4372 2097 6779 2341 O theures Weib, o las mir diese Hand,
4343 2275 6903 2553 Lass wund erselge Märme durch mein Herz
4343 2482 7326 2714 Beglückend ziehn – denn ach, wie war mir einst!
4339 2619 6729 2901 Ich lebt ein Leben, traurig still dahin —
4363 2797 7264 3091 der Zelle Wumpfe Luft umfing mich schweigend,
4347 2967 6837 3236 Und alleslag in trüber Dämmerung.
4343 3149 7040 3419 Ich wußte nicht und weiß nicht, wie mir war.
4359 3290 6763 3572 Wie sie geschwunden sind, die öclen Tage,
4376 3460 7484 3758 Das frag mich nicht — die Zeit war leer und stuum
4430 3630 7061 3891 Aus träumelosem Schlaf erwacht ich mählig.
4310 3862 7231 4040 Und strich mir über Augenbraun und Wimpern
4363 4007 7347 4276 Und fuhr empor.- und rief... Ein seltsam Dämmern!
4293 4131 6783 4459 Ein zweifelhaftes Licht! Was bringt es doch?
