7640 5128
3874 370 7078 701 Dass ihr Recht habt, und daß ihr die vernünftigsten Leute
3823 555 7030 924 seid die ich je gesehn?! Haha - (trinkt) Auf mein Glück!
383 585 3522 894 Weib einen Kuss - ein nichts - Währlich, er ist nicht
3818 744 7215 1054 Und auf eure Vernunft! Ich wollte, alle könnten so vernünftig
288 731 3586 1118 Mehr will ich, mehr! Nöllig will ick besitzen, was ich liebe
3814 894 7194 1268 sein! Und nun hört meine Prophezeiung! Es wird ein Tag
533 946 3612 1294 nun ist mir ebenso, daß meine Leidenschaft ein ganzes
3780 1049 7246 1389 kommen, da alle Menschen so vernünftig sein werden, wie ihr
361 1071 3655 1440 Sein ausfüllen muß – und warum eine so rasende – Nach
3840 1277 7258 1578 Und am Tage darauf - hoffe - das wird ein lustiger Tag wer¬
353 1226 3668 1625 der Ode in mir dies verzehrende Gefühl -? Warum will
3874 1406 7224 1716 den – da wird alles so zersifällt sein – wie das dort – (weist
322 1466 3457 1819 ich's befriedigen? Daß es dann von neuem leer in mir
3844 1587 7211 2000 auf das zerbrochen Glas) Wird's der Mühe wert sein, die Scher¬
357 1595 3702 1926 werde?... Ist das die Freiheit, zu der mich Benedikt führte?
387 1784 3616 2116 Von einem fühl ich mich völlig frei – vom Glück - und eben
847 1875 1084 2000 nur
3879 1883 5005 2159 ben aufzulesen.
370 1926 3728 2305 darum will ich in ihre Arme, für eine Nachtwenigstens Selig¬
387 2133 3707 2494 keit, Genuss suchen- finden-finden? Ha, will sie mich toll
366 2270 3741 2619 machen? Ich will sie bitten, zu ihren Füßen will ich mich nie¬
353 2447 3560 2872 derwerfen; nicht Genuss, nur Vergessen gieb nur!
383 2636 3762 2997 Und sie wird es mir erfüllen, das dämonische Weib und
370 2795 3741 3195 ich werde mein Antlitz fest an ihre xxx, an den
426 2954 3762 3371 hocharmenden Busen drucken und mich um wollen lassen vom
408 3156 3754 3517 himmlich betäubenden Bausch der Liebe; & dann mag um mich
421 3350 3694 3634 rings die Verwesung weiterarbeiten am Zerfall den Welt¬
413 3509 3754 3801 Uns eines ist wahr der Augenblick, genießet ihn, genißet!
452 3676 3741 4059 Halloh / ihr Leute; höchstachtbare Männer und hiehst schöne Jung¬
413 3848 3642 4180 Frauen; ich war heute so wenig lästig und habe so wenn
383 4033 3711 4386 mit euch gesprochen, dass ich auch doch zum Abschied zu ver¬
456 4158 3853 4584 söhnendes Wort sagen muß. Und das Wort heißt: Ihr habt
550 4356 3720 4782 Recht! Hasahahn - Ist auch das nicht versöhnend genug?
