7480 5016
1978 602 2576 851 Hilarius.
558 790 3305 1062 Weil Ihr die seid, macht’ ich Euch’s gerne sagen,
692 936 3077 1213 — Und möchte doch nicht, eben weil Ihr’s seid.
704 1160 3105 1404 So will ich lieber warten... Stört Euch nicht
692 1319 2621 1579 Ich setze mich geruhig an den Tisch¬
635 1473 3065 1722 Inlessen Ihr, Felizitas, mögt weiterfwalter.
879 1648 3618 1872 (Sie sieht ängstlich auf ihn u. rückt einen Spinrocken her;
899 1832 3321 2100 Er sitzt still neben dem Tisch und betrachtet sie)
1836 2002 2532 2182 Lange Pause
802 2108 3814 2381 (des Abtes Augen nehmen einen seltsamen Ausdruck an,
814 2340 1787 2593 Er steht rasch aus.)
2039 2446 2609 2698 Hilarius.
826 2633 2043 2894 es ist ja nicht wahr.
2145 2776 2711 3052 Selicitas.
1970 2939 3533 3199 Ihr werdet ungeduldig?
659 3134 2519 3398 Mollt. Ihr vielleicht nur sagen¬
2157 3293 2788 3545 Hilarius.
2519 3451 3451 3667 Ja, mein Kind —
688 3630 3553 3899 's ist besser, wenn Du's weisst, u. wenn ich gehe.
676 3797 1929 4078 Für dich - Für dich!
2096 3952 3293 4200 Felicitas (in Ahnung)
765 4143 2414 4412 Wie, ist's denn traurig?
5226 586 5857 851 Hilarius.
5967 749 6593 965 Mädchen;-
4042 899 6304 1188 Ich warte lieber bis der Vater kömmt.
4896 1087 6280 1335 (Er hat sich wieder gesetzt)
3976 1111 4680 1372 bleib still.
5303 1209 6842 1498 Felicitas (beinahe weinand)
5368 1437 6772 1628 Ist's wirklich traurig?
3985 1376 5303 1685 Ihr macht mir Angst
5279 1555 6980 1848 Hilarius (wiederaufpringend)
4001 1746 5608 2027 Nein ich belüg mich selbst!
5381 1905 5967 2137 Felicitas.
5527 2051 6728 2308 Oh sagt mirs gleich
5454 2255 6048 2479 Hilarius.
4001 2385 7175 2666 Laß mich nur warten Mädchen — (Pause.) Nein, ich will
4013 2580 6024 2841 Nein, Dir's sagen muß. Es ja!
5315 2715 7135 2943 Feliettas (sieht in höchster Angst auf ihn)
5344 2910 5967 3118 Hilarius.
5824 3028 6919 3252 Dein Liebster ist
4021 3244 7293 3521 Für dich verloren! - (Felicitas schreit auf u. sieckt zusammen,
4257 3407 6329 3651 (Hilarius flüsteren) Nur für dich! Er ist
4050 3578 6252 3850 Nicht tot. Er lebt — Er ist ein Mönch¬
5047 3704 5319 3838 weilt
4070 3765 5820 4001 In seinen Zelle begidius
4074 3903 6549 4115 Und nimmermehr wirst du sein Antlitz sehn.
4050 4009 6972 4290 Wach auf; Auch Du bist ja für einen mir verloren
4078 4208 6707 4522 Verloren! Nur für ihn  - Dich dürfen Andere
