7672 5064
1923 469 2498 811 A. Lopf.
621 672 3859 989 Verehrtester, ich kann nicht umhin, Ihrem Ehrgeiz und Thren
511 883 3837 1179 Offenheit gebührende Achtung zu zollen — (Hier kommt ein Kellner,
549 1073 3850 1344 der dem Kopf die Karle giebt) - Anauar und Haselnuß – (der
516 1230 3871 1496 Künstler ist in großer Unruhe) aber, bester Herr, ohne vorher mit
520 1395 3520 1729 meinen Musikern eine Probe durchgemacht zu haben.
1948 1581 2882 1805 Konilämitglied.
562 1767 2650 2037 Auch ich könnte unmöglich zu geben,
2029 1910 2582 2134 Künstler.
613 2020 3892 2303 Der Walzer ist sehr leicht; jede einzelne Stimme läßt sich ohne
554 2210 3144 2544 Die geringste Schwierigkeit vom Blatte lesen.
1931 2413 2574 2688 A. Zopf,
579 2620 1462 2895 Nun ja, aber
2041 2713 2992 2992 Komitämitglied.
604 2836 1323 3237 Er könnte
2138 3051 2756 3292 A. Zopf.
600 3229 3039 3499 Die Möglichkeit ist ja nicht ausgeschlossen
2143 3381 3034 3626 Konnte mitglied
609 3571 3068 3888 Es gehört nicht in den Bereich des Unmöglichen
2050 3719 3009 3985 Anselmus Lopt.
680 3922 1390 4239 dass, sehe:
2084 4032 2937 4319 Konitemitglied
693 4256 1340 4514 Dass, hihi.
5228 444 6437 740 Künstler. (beleidigt)
3981 625 7206 888 Dass der Malzer nichts wert ist - Meinen Sie, meine Her¬
3973 824 7227 1082 ren? Nun ich verspreche Ihnen daß der Malzer gut ist, um
3918 938 7168 1293 ich muß das wissen, denn ich hab ihn ja selber komponirl.
5363 1179 6001 1374 A. Lopt.
3977 1331 7299 1521 Was nicht ein jeder von seinen Malzern sagen kann. Aber,
3930 1513 7282 1716 mein verehrter Herr, ich richte an Sie (manbringt das Eis)
3943 1598 7337 1872 a. die Biskuits) die Bitte, mich morgen in meiner Wohnung
3956 1860 4957 2117 aufzusuchen, wo¬
5350 1953 5946 2202 Künstler.
4091 2130 7214 2409 Wo ich vielleicht auch meine letzte Polka française so¬
3985 2375 4323 2578 wie.
5376 2455 6014 2705 A. Zopf.
4028 2625 7299 2870 Sie treffen mich morgen mittags bestimmt zu hause.
6200 2794 7375 3030 (die Tanzmusik beginnt)
5350 2815 6086 3039 (Künstler ab)
4108 2819 5207 3060 Ich habe die Ehre -
4078 2963 7366 3208 Was ist das? (Comitämitglied ist gegen den Hintergründ
3998 3161 5308 3427 geeilt u. sich nach oben)
5321 3258 6407 3537 Komite mitglied.
4019 3466 5824 3715 Der erste Violinist dirigirt¬
5465 3609 6183 3863 A. Kopf.
3977 3761 7362 4070 Der Rebell! Will er uns den Rangstreitig machen?
5338 3947 6479 4171 Komitemitglied
4074 4006 7130 4433 Aas junge Volk beginnt, sich im Kreise zu drehn¬
