7368 5032
532 472 3514 778 Und Mandschein wechseln, hab ich längst gewußt,
560 689 2861 939 Dass dieses Herz noch unruhvoll sich regt,
532 826 3776 1124 Weiß ich seit heut". - Ich habe nie geliebt. (Wendet sich zum Ge¬
1620 1016 2914 1257 Felicitas kommt schnell.
1334 1076 1539 1286 ihre
596 1173 3486 1443 (der Abt hört Schritte auf der Brücke u. dreht sich um.)
1918 1366 2499 1600 Hilarius.
572 1439 1269 1797 Felizitas:
1955 1652 3365 1934 Felicitas (zuckt zusammen)
1165 1854 2378 2088 Last mich, laßt mich!
2007 2011 2680 2277 Hilarius.
2543 2188 2950 2442 Wohin:
556 2297 1265 2599 Felizitas? —
2035 2491 2640 2692 Felicitas.
1016 2696 2547 2942 Ich bitt Euch, fragt mich nicht -
520 2853 2998 3107 Und last mich Eure Stimme nicht vernehmen,
532 3018 1145 3297 Und geht —
1890 3164 2527 3409 Hilarius.
1052 3333 3720 3599 Ein Wort nur. (Felizitas wendet sich rasch zum Gehe).
1008 3510 3333 3776 (Er fasst sie bei der Hand) Last mir diese Hand¬
492 3663 2454 3953 Ich bitte dich, Felizitäs! Du sollst
516 3833 2777 4094 Auf ewig frei von dem Verhassten sein,
520 4038 2624 4268 Wenn du ihm wenig Augenblicke nur
552 4183 2906 4481 Hier diese Hand läßt ruhen in der seinen.
504 4578 870 4868 in the
4086 455 5880 770 Du hast Angidius geliebt. Ich hörte,
4046 661 6138 919 die Liebe lehre an die Gottheit glauben
4058 830 6464 1072 Ist % also Mädchen? - Doch ich furcht, es kann
4042 995 6311 1213 Auch anders kommen, wenn man liebt,-
4006 1140 6065 1415 Ich hab' an etwas über uns geglaubt,
4038 1302 6339 1564 An etwas Großes, Hehres, Hoheit volles.
4022 1479 6279 1753 Nun aber Denk’ ich einen andern Gott,
4054 1636 6009 1922 Der lässig sich in seine Wolken füllt,
4066 1793 6323 2079 Hahn um die Lippen, Spott in seinem Blick
4082 1951 6238 2257 der alles gehen läßt, wie es eben geht,
4030 2124 6371 2398 Ein König, der es nicht der Mühe wert hält,
4002 2297 6263 2575 Für sein bedeutungsloses Volk zu sorgen
3933 2442 6392 2696 Und sich vergnügt, indem er's leiden sieht,
3982 2628 6170 2861 Felicitas, warum mußt’ ich dich sehn?
4078 2752 7133 3071 Doch nun, nun ist's geschehen - Wie machst da 36 gut? -
5432 2958 6730 3196 last sie mir –. Sag dach,
4054 2974 5332 3180 Laß deine Hand mir, -
5255 3115 6686 3349 Seltsamer Blick. Was mag
3961 3131 5187 3361 Wie machst Du’s gut?
3953 3280 6251 3542 Der Blick aus Deinem Aug. bedeuten?
5332 3438 5993 3679 Felicitas.
6001 3482 6706 3853 Lass mich!
5191 3760 5803 4022 Hilarius.
3994 3925 6734 4244 Auch deine Nimm ist schön – Welch Ebenmaß!
