7624 5048
1357 498 3211 787 Was ist's mit deiner Skrupeln?
578 561 1293 821 Aegidius
561 740 3891 965 Benedikt. Meinen Skrupeln? sagt ich so? - Has ich's gesagt,
583 944 3887 1127 Dann meint’ ich, andere könnten sie dabei empfinden; nicht ich
553 1029 3836 1352 Aegidius. Ich versteh' dich nicht. Thust du ein Unrecht?
583 1271 3717 1488 Benédikt. Mir ist's kein Unrecht; denn es ist mir ein
617 1408 3793 1671 Vergnügen, ihr ist's kein Unreht; denn es ist ihr ein
600 1573 3797 1875 Genuß, ihr ist's kein Unrecht; denn er weiß nichts
680 1790 3866 1990 davon, dir ists kein Unrecht; denn es geht dich nichts
634 1918 2356 2220 An: folglich will ich zu ihren
532 2079 3347 2377 Hegidius zu ihr, die eines andern Weib ist -
574 2241 3921 2517 Benedikt. Heut nachts gewesen. In wenig Augen blicken
578 2462 3832 2692 wieder das meine, - das wechselt ja. Du hast ja selbst gar
553 2598 2275 2883 erbaulich darüber gepredigt.
595 2764 2990 3058 Hegidius. Und jener liebt sein Weib!
578 2938 3755 3177 Benedikt. Ja, er hat sich erst vor ein par Mochen auf
566 3143 3763 3359 ewig, — so nennen sies, an sie gebunden. Ich hört ihn
574 3321 3126 3576 einmal sagen: Ich liebe dich unaussprechlich
583 3453 3687 3751 Aegidius. Und ihr betrugt ihn, betrügt ihn schwerlich!
600 3644 3559 3878 Benedikt. Betrügen? – was nennst du Betrug?
621 3806 2747 4108 Aogidius. Und begehst eine Sünde!
646 3955 2964 4223 Benedikt. Sünde? Greibt es eine Sünnde:
693 4121 2594 4401 Hegidius. Wie meinst die das?
634 4325 3814 4605 Benedikt. Es gibt eine Sünde, weil es eine Tug und giebt
4053 425 7433 791 Beides aber sind Luftgebilde, existiren nur in phantastischen
4044 672 7365 978 Sinnen. Es gielt kein hoch und kein niedrig, es giebt kein gut
4040 851 6957 1080 und kein schlecht; „nur eins ist wahr, der Augenblick!“
4104 1016 5805 1280 Negidius. Du spattest mein.
4133 1212 7412 1454 Benedikt- Beinahe unbewußt hast du damals das einzig rich¬
4053 1365 7314 1654 tige Glaubersbekenntnis ausgesprochen. Alles, Alles ist
3989 1527 7404 1735 Blendwerk! genießet, und läßt das andre kommen und schwinden
4065 1727 7314 1935 Aegidius. Has ichs gesagt! – Ja, ich hab es! Und kam es
4082 1897 5065 2122 aus dem Herzen -
4065 2058 6766 2309 Benedikt. Ja, es kann! – Und nun leb' wohl.
4070 2177 7450 2483 Regidius. Nein! bleib! Du darfst nicht so von mir denken.
4053 2386 5184 2662 Benedikt. Wie:
4082 2560 7425 2794 Aegidius. Es sollte nichts hohes geben? Und wahrhastig, es
4065 2705 7446 2947 war mir einen also! - Und wüste Momente giebt’s, da der¬
4082 2917 7340 3185 selbe Gedanke trostlos vor nur starrt – leer, elend
4116 3092 7353 3283 Nichts großes! Nichts, das höher reicht, als wir selber mit
4099 3253 7472 3457 unserem ermseligen Verstande? -! Und was wir ohnen¬
4082 3428 7404 3717 Benedikt (nimmt ein Glas u. wirfts zu Boden) dieses Glas ist
4087 3572 7416 3797 wahr, denn du hörst, daß es zerbricht, dieses Weib dort¬
4053 3729 7348 3980 ist wahr – (obwohl es sehr falsch ist), denn du siehst, wie es
4112 3878 7302 4176 den Narren dort Küsst, — daß der dort ein Narr ist
4104 4078 6600 4372 ist auch wahr, denn wir sind alle. Narren
4082 4235 7476 4529 Aegidius. Elend, elend! Der öde Hoffglaube weder das Israel
