7431 4680
4360 559 6142 973 Strake vor Faustines Hause.
4139 865 6669 1122 Nachts. - Wolken am Himmel. - Heftiger Wind.
3769 1086 5278 1348 Zwei Mönche begegnet sich.
3757 1191 6561 1541 Erster Mönch. Gott zum Gruße. Wohin Bruder?
3813 1287 7051 1673 Zweiter Mänch. Dort, wo das Licht am Fenster flümmert, liegt
3729 1529 6440 1887 Ein Sterbenden - ich bring ihm die letzte Öhlung!
3757 1681 6665 2051 Erster Mönch. Trauriger Gang. Leb wohl, Bruder.
3773 1923 5539 2216 Zweiter. Welches ist dem Weg?
3781 2027 7003 2357 Erster. Zurück zum Kloster. Heiterer war, was mir zu
3765 2200 6935 2462 besorgen oblag. Ich hatte Aufträge von unserem braven
3765 2389 5165 2659 kellermeister Barnabas.
3761 2522 5724 2848 Zweiter. Ich muss eilen; gut Nacht.
3765 2651 6730 2989 Erster. Gut Nacht. (Beide ab, nach verschiedenen Seiten)
3777 2888 6231 3214 Aegidius kommt nach einer kleinen Hause.
5084 3065 5788 3282 Aegidius.
3866 3206 6456 3496 Ist's licht an ihrem Fenster? Ah - mir schiens,
3854 3387 6307 3608 Als war’s in diesem Augenblick verlöscht
3846 3584 6134 3829 Vielleicht hat sie sich jetzt zur Ruh gelegt.
3862 3564 6999 4002 Ich will — hinauf. (Eilt an’s Thor, Faustina tritt heraus)
4915 3882 5640 4155 Faustina
4855 4087 5555 4352 Aegidius.
