7640 5112
518 579 3730 953 Schwester als du für notwendig hielte, bei Seite lassen,
474 783 3778 1106 und die offen und rückhaltlos alles gestehe. - Ich liete
461 979 3717 1293 einen Münch. Sein Name ist Aegeduis...“ — begidius
487 1084 3526 1375 Benedikt. Ihr kennt den Namen, würdige Frau¬
527 1314 3717 1584 Äblissin. Ich hört ihn neulich nennen-Kegidius - Sein
466 1419 3795 1811 Abt Hilarius-Angidius, der seine Predigt mit ei¬
461 1641 3800 1915 nem Schrei abbrach, - man sprach von religiehem
509 1876 1319 2128 Wahnsinn¬
544 1985 3795 2250 Benedikt. Derselbe liquidius, ob es die Religion war,
527 2168 3756 2403 die ihn verrückt machte, oder – oder irgend etwas an¬
527 2350 1880 2581 deres, das lehrt Euch¬
544 2433 3808 2773 Öbtissin (liest) „Sein Name ist begidius. Du hast wol
501 2572 3909 2938 gehört, daß er vor weniger Tagen, wärend seiner Predigt¬
657 2829 2298 3082 (liest schnell für sich weiter)
544 2942 3687 3208 Benedikt, Ihr seh es ist der, den Ihr vermutet habt.
601 3086 3808 3391 Äbtissin (hat für sich weitergelesen) Also Liebeswahnsinn¬
605 3312 3743 3560 Benedikt (liest im Briefe, über die Schulter der Abtissin
579 3456 3895 3791 hinüberblickend) — „starr auf mich. Nach weilten seine Blicke
575 3652 3865 3930 wild auf nur, als er mit einem Male, wie wahnsinnig
579 3778 2864 4052 aufschrie, von der Kanzel serabstürzte¬
605 3935 3813 4239 Abtissin. Ihr wart mit zugegen in der Kirche, wie
579 4139 1375 4453 sie schreibt.
614 4131 3922 4614 Benedikt. So ist's hochwürdige Frau, und ich bezeuge, daß
4026 505 7482 805 Angidius und Pauctina sich glühend lieben, daß aber der
4013 744 7495 979 bedauernswerte Angidius von der Liebe Haustinas nichts
4043 914 5841 1162 ahnt, und doch – lesetweiter.
4009 1018 7447 1354 Aebtissin. Nun meine Bitte, theure Maria. Der die die¬
4009 1232 7486 1515 sen Brief u vergiebt, nennt sich Benedikt Romuald. Ich ha¬
4026 1354 7508 1597 be die oft genug von ihm gesprochen, du kannst ihm dein
4009 1558 7504 1806 völliges Vertrauen schenken; die Tracht, in welcher er vor
4000 1719 7482 1946 dir erscheint, ist nicht die, welche einem gewandten, mit¬
4026 1850 7404 2150 zigen Weltmanne geziemt, doch ist das leicht begreiflich,
4026 2050 7382 2268 da es eben nicht seine eigene ist. Ich will, dass er als
4009 2198 7430 2446 Arzt verkleidet sich zu dem Able Hilarius begiebt, und
4052 2376 7412 2616 auf diese Weise meinen unaussprechlich geliebten Augi¬
4057 2520 7321 2777 Dies vollständig in seine Hand zu bekommen – und in
4013 2742 7499 2921 meine Arme führen zu können. Theure Maria, gieb
4065 2912 7447 3156 ihm einen Geleitsbrief an den Abt, in welchem schu von
4052 3042 7512 3273 seinen Vorzügen als Arzt redest und sichere Heilung für
4030 3230 7521 3425 Aegidius versprichst. Willfahrst Du mir nicht, Maria,
4083 3369 7525 3669 so lässest du nicht allein den geliebten Mönch, du löf¬
4065 3504 7399 3813 fest auch mich, deine Freundin verschmachten, denn
4091 3687 7443 3948 nun fühl ich erst, was Liebe ist, und wenn ich früher
4083 3835 7317 4170 zu lieben glaubte, so war’s Einbildung, Selbsttäu¬
4161 3996 7447 4339 schug ein Wahn, der nur jetzt völlig unerklärlich
4157 4191 5693 4527 dünkt — (Sinnes nach)
