7656 5144
4755 482 5380 656 einer Laune
3947 538 7404 847 Befriedigung unaussprechliches Glück ist! Im Grunde genommen
3978 664 7321 1020 ists doch jedem nur um Zeitvertreib zu thun; mir, ihr, dem
413 647 3626 1060 Benedikt Ich kann auch versichern, hochwürdige Frau
3952 816 7395 1177 Agi dies, der übtissin. Alles Zeitvertreib, wenn wirs recht
339 886 3665 1229 daß ihr in eurem Leben kein gottgefälligeres Merk¬
3930 1007 7269 1316 bedenken. Wir schwimmen da im lehren Raum und Zeit
369 999 3166 1377 vollbracht habt, als ihr nun vollbringen könnt.
3887 1190 7382 1446 umher; der leere Raum und die leere Zeit muß ausge¬
400 1199 3652 1511 Aebtissin. „Du bist der Welt nicht fremd, die du ver¬
3921 1294 7326 1633 Füllt werden; das ist ein Naturgesetz, wie jedes andere.
395 1450 1151 1707 lassen hast".
3943 1463 7391 1785 Ein Harr, der sich einbildet, daß er zu einem besseren Be¬
413 1459 3713 1859 Benedikt. Besinnet auch nicht! Ists nicht eure Aufgabe,
447 1689 2619 2028 die Menschen glücklich zu machen?
3943 1746 4625 1985 Druf da ist.
3956 1767 7308 2123 Äblissin (kehrt zurück) Hier habt ihr euere Empfehlung.
456 1880 1880 2210 Aebtissin. Glücklich?
3999 1945 7369 2315 „Hochwürdiger Herr! Ich habe von der Selenkrankheit
473 1950 3765 2293 Benedikt. Und geicht es ein süßeres Glück, als das
4021 2128 7430 2493 des Bruders Angidius gehört. Hier send' ich auch einen
521 2123 3887 2454 der Liebe -? Es ist Nacht, hochwürdige Frau, niemand
4034 2341 7382 2636 Arzt, der sich auf Gemüth und Geist des Menschen wohl ver¬
491 2310 3826 2653 läuscht, wir sind allein mit unseren Gefühlen, wie
3982 2501 7417 2853 steht, vertrauet ihm unbesorgt euren kranken Mönch an¬
460 2506 3713 2896 dürfen offen sein. Weg das lästerliche Zereinomiel,
439 2679 3769 3053 das auch verbieten solchen Erinnerungen zu gehorchen,
3999 2688 6492 2966 Er wird ihn mit der Hilfe Gottes heilen.
504 2823 3834 3131 die auch xyz ja so deutlich sagen, was ihr thun sollt.
4017 2879 5589 3148 Benedikt. Ich dank euch.
521 3001 3817 3283 Welche Vorwürfe mußten auch tag und Nacht ver¬
4039 2988 7482 3261 Ablissin. Grüßet nur Jaustina und lebt wohl, ich wünsche
517 3127 3904 3543 folgen, wenn wirklich zwei Menschen durch eine Schuld
4030 3209 5237 3517 euch Glück. (ab)
4047 3300 7499 3652 Benedikt. Mir wünscht sie Glück? Ob ihm das Wort wohl
508 3361 3787 3674 unglücklich würden. Zwei Menschen, die ihr sogleich
4060 3465 7434 3800 über die Lippen gekommen wäre, hätte sie geprüsst, dass
521 3504 3174 3856 unaus sprechlich glücklich machen könntet.
4052 3622 7434 3978 sie mich leichtsinniger Kumpan damit mit einem Marle
556 3648 3960 3965 Anblissin. Geduldet einen Augenblick, ihr sollt den Brief
4052 3817 6375 4191 welancholisch machte. Glück?
517 3913 1511 4221 haben. (Ab.)
591 3986 3991 4273 Benedikt. Frage Dich nun aufs Gewissen, Benedikt, fast
5385 3978 6687 4282 (geht langsam ab)
547 4108 3908 4481 du das auch gefühlt, was du gesprochen hast? Was sagt ich
569 4321 3904 4642 nur? Haustina unaussprechlich glücklich? Gewiss, wenn
