<?xml version="1.0" encoding="UTF-8" standalone="yes"?>
<PcGts xmlns="http://schema.primaresearch.org/PAGE/gts/pagecontent/2013-07-15" xmlns:xsi="http://www.w3.org/2001/XMLSchema-instance" xsi:schemaLocation="http://schema.primaresearch.org/PAGE/gts/pagecontent/2013-07-15 http://schema.primaresearch.org/PAGE/gts/pagecontent/2013-07-15/pagecontent.xsd">
    <Metadata>
        <Creator>prov=READ-COOP:name=TrHtr:version=2.1.0:model_id=51170:date=26_07_2023_02:42</Creator>
        <Created>2023-05-10T11:26:40.918+02:00</Created>
        <LastChange>2023-07-26T02:42:17.499+02:00</LastChange>
        <TranskribusMetadata docId="1428156" pageId="55387189" pageNr="9" tsid="130876501" status="IN_PROGRESS" userId="64420" imgUrl="https://files.transkribus.eu/Get?id=LOVUCKRQYCXEAPERKZSJIWZR&amp;fileType=view" xmlUrl="https://files.transkribus.eu/Get?id=BQXEMOMWLJTXRGMVUWUEHWON" imageId="44662086"/>
    </Metadata>
    <Page imageFilename="1428156_0009.jpg" imageWidth="7617" imageHeight="4728">
        <ReadingOrder>
            <OrderedGroup id="ro_1711820330573" caption="Regions reading order">
                <RegionRefIndexed index="0" regionRef="tr_1"/>
            </OrderedGroup>
        </ReadingOrder>
        <TextRegion id="tr_1" custom="readingOrder {index:0;}">
            <Coords points="3969,576 7259,576 7259,4117 3969,4117"/>
            <TextLine id="tr_1_tl_1" custom="readingOrder {index:0;}">
                <Coords points="4693,656 4861,635 5050,730 5312,684 5501,771 5714,680 5984,725 6083,656 6152,701 6234,668 6238,516 5664,475 5357,562 4697,369"/>
                <Baseline points="4716,638 4722,644 4811,638 4901,644 4990,638 5080,644 5169,644 5259,644 5348,644 5438,638 5527,638 5617,638 5707,638 5796,632 5886,632 5975,626 6065,626 6154,632 6244,626"/>
                <TextEquiv>
                    <Unicode>Zimmer des Abtes</Unicode>
                </TextEquiv>
            </TextLine>
            <TextLine id="tr_1_tl_2" custom="readingOrder {index:1;}">
                <Coords points="4074,1037 7148,1008 7148,865 6923,795 5423,889 5267,791 4722,844 4078,717"/>
                <Baseline points="4095,967 4113,967 4202,973 4292,973 4381,967 4471,973 4560,967 4650,967 4739,967 4829,961 4919,961 5008,967 5098,961 5187,961 5277,961 5366,961 5456,961 5545,955 5635,955 5724,955 5814,955 5904,949 5993,955 6083,955 6172,955 6262,955 6351,955 6441,955 6530,955 6620,949 6709,949 6799,949 6889,943 6978,949 7068,949 7157,949"/>
                <TextEquiv>
                    <Unicode>Der Abt, Benedikt Römuald als Arzt.</Unicode>
                </TextEquiv>
            </TextLine>
            <TextLine id="tr_1_tl_3" custom="readingOrder {index:2;}">
                <Coords points="5111,1357 5169,1332 5226,1344 5283,1324 5365,1340 5435,1316 5488,1328 5488,1180 5386,1164 5357,1144 5308,1148 5267,1185 5234,1176 5210,1193 5169,1193 5111,1164"/>
                <Baseline points="5133,1289 5223,1283 5313,1283 5402,1283 5492,1289 5498,1295"/>
                <TextEquiv>
                    <Unicode>Abt.</Unicode>
                </TextEquiv>
            </TextLine>
            <TextLine id="tr_1_tl_4" custom="readingOrder {index:3;}">
                <Coords points="3959,1496 4377,1578 4644,1476 6742,1455 7029,1545 7247,1533 7251,1320 5988,1291 5611,1406 3963,1221"/>
                <Baseline points="3981,1468 4035,1474 4125,1474 4214,1480 4304,1480 4393,1480 4483,1474 4572,1474 4662,1474 4751,1474 4841,1468 4930,1462 5020,1462 5110,1462 5199,1462 5289,1462 5378,1456 5468,1462 5557,1456 5647,1456 5736,1462 5826,1456 5915,1456 6005,1456 6095,1456 6184,1456 6274,1456 6363,1456 6453,1450 6542,1450 6632,1444 6721,1444 6811,1444 6900,1438 6990,1438 7080,1432 7169,1432 7259,1432"/>
                <TextEquiv>
                    <Unicode>So glaubt’s das Volk, wir aber wissen's besser.</Unicode>
                </TextEquiv>
            </TextLine>
            <TextLine id="tr_1_tl_5" custom="readingOrder {index:4;}">
                <Coords points="3947,1693 7021,1689 7021,1541 6738,1455 6443,1566 5607,1476 3947,1521"/>
                <Baseline points="3969,1629 3987,1629 4077,1635 4166,1635 4256,1635 4345,1635 4435,1635 4525,1635 4614,1629 4704,1629 4793,1629 4883,1629 4972,1629 5062,1623 5151,1623 5241,1623 5330,1623 5420,1623 5510,1623 5599,1623 5689,1617 5778,1617 5868,1617 5957,1611 6047,1611 6136,1611 6226,1605 6315,1611 6405,1605 6495,1605 6584,1605 6674,1599 6763,1599 6853,1599 6942,1599 7032,1605"/>
                <TextEquiv>
                    <Unicode>Nicht allzufest, - zu schwankend war sein Glaube,</Unicode>
                </TextEquiv>
            </TextLine>
            <TextLine id="tr_1_tl_6" custom="readingOrder {index:5;}">
                <Coords points="3988,1820 4439,1894 4677,1808 6566,1844 6730,1812 6734,1656 4435,1746 3988,1672"/>
                <Baseline points="4011,1802 4053,1802 4142,1802 4232,1802 4322,1802 4411,1802 4501,1802 4590,1796 4680,1796 4769,1796 4859,1796 4948,1796 5038,1796 5127,1790 5217,1790 5307,1790 5396,1784 5486,1790 5575,1790 5665,1784 5754,1778 5844,1778 5933,1778 6023,1778 6112,1778 6202,1778 6292,1773 6381,1773 6471,1773 6560,1767 6650,1767 6739,1773"/>
                <TextEquiv>
                    <Unicode>Und nicht der Wahnsinn, der aus Ütermäß</Unicode>
                </TextEquiv>
            </TextLine>
            <TextLine id="tr_1_tl_7" custom="readingOrder {index:6;}">
                <Coords points="3976,2008 6820,2017 7029,1996 7033,1877 6669,1791 6296,1894 3980,1840"/>
                <Baseline points="3999,1970 4083,1964 4172,1970 4262,1970 4351,1970 4441,1964 4531,1964 4620,1958 4710,1952 4799,1958 4889,1952 4978,1952 5068,1946 5157,1952 5247,1952 5336,1946 5426,1946 5516,1946 5605,1946 5695,1946 5784,1946 5874,1946 5963,1946 6053,1940 6142,1940 6232,1940 6321,1940 6411,1940 6501,1934 6590,1934 6680,1934 6769,1934 6859,1934 6948,1934 7038,1946"/>
                <TextEquiv>
                    <Unicode>Anbetenden Gefühls entquillt, nein. Wahnsinn,</Unicode>
                </TextEquiv>
            </TextLine>
            <TextLine id="tr_1_tl_8" custom="readingOrder {index:7;}">
                <Coords points="3984,2148 6964,2172 6964,2008 6263,1947 4873,2082 4652,1963 3984,2012"/>
                <Baseline points="4005,2119 4017,2119 4107,2125 4196,2125 4286,2125 4375,2125 4465,2125 4554,2125 4644,2125 4733,2119 4823,2119 4913,2119 5002,2119 5092,2119 5181,2113 5271,2107 5360,2107 5450,2107 5539,2107 5629,2107 5718,2107 5808,2107 5898,2101 5987,2101 6077,2101 6166,2101 6256,2101 6345,2095 6435,2095 6524,2095 6614,2089 6703,2089 6793,2089 6883,2089 6972,2095"/>
                <TextEquiv>
                    <Unicode>den Zweifel zeugt, umfängt des Bruders Seele.</Unicode>
                </TextEquiv>
            </TextLine>
            <TextLine id="tr_1_tl_9" custom="readingOrder {index:8;}">
                <Coords points="3988,2344 5820,2275 6099,2377 6677,2267 6812,2344 7025,2295 7029,2127 3992,2193"/>
                <Baseline points="4011,2292 4083,2292 4172,2292 4262,2298 4351,2292 4441,2292 4531,2286 4620,2286 4710,2286 4799,2286 4889,2286 4978,2286 5068,2280 5157,2280 5247,2280 5336,2274 5426,2274 5516,2274 5605,2274 5695,2268 5784,2268 5874,2268 5963,2268 6053,2268 6142,2268 6232,2268 6321,2262 6411,2262 6501,2262 6590,2262 6680,2256 6769,2256 6859,2262 6948,2256 7038,2256"/>
                <TextEquiv>
                    <Unicode>Der Brief, den Ihr mir von der Schwester bringt,</Unicode>
                </TextEquiv>
            </TextLine>
            <TextLine id="tr_1_tl_10" custom="readingOrder {index:9;}">
                <Coords points="4025,2488 6570,2504 6956,2480 6960,2308 6132,2390 5874,2283 5169,2291 5000,2402 4775,2316 4500,2431 4205,2312 4025,2357"/>
                <Baseline points="4047,2471 4101,2465 4190,2465 4280,2471 4369,2465 4459,2465 4548,2465 4638,2465 4728,2459 4817,2459 4907,2459 4996,2459 5086,2453 5175,2453 5265,2453 5354,2453 5444,2447 5533,2447 5623,2447 5713,2441 5802,2441 5892,2441 5981,2441 6071,2441 6160,2435 6250,2441 6339,2435 6429,2435 6518,2435 6608,2429 6698,2429 6787,2429 6877,2429 6966,2429"/>
                <TextEquiv>
                    <Unicode>der würdigen Frau und Oberin des Klosters,</Unicode>
                </TextEquiv>
            </TextLine>
            <TextLine id="tr_1_tl_11" custom="readingOrder {index:10;}">
                <Coords points="4017,2763 5181,2726 5345,2631 7017,2697 7107,2681 7111,2467 4021,2562"/>
                <Baseline points="4041,2644 4077,2638 4166,2638 4256,2638 4345,2644 4435,2638 4525,2644 4614,2638 4704,2632 4793,2632 4883,2632 4972,2632 5062,2632 5151,2626 5241,2626 5330,2626 5420,2626 5510,2620 5599,2620 5689,2620 5778,2614 5868,2614 5957,2608 6047,2614 6136,2614 6226,2608 6315,2608 6405,2608 6495,2608 6584,2602 6674,2602 6763,2602 6853,2602 6942,2602 7032,2602 7121,2608"/>
                <TextEquiv>
                    <Unicode>Empfiehlt Euch sehr, und frei laß ich Euch walten.</Unicode>
                </TextEquiv>
            </TextLine>
            <TextLine id="tr_1_tl_12" custom="readingOrder {index:11;}">
                <Coords points="5193,2869 5271,2877 5501,2820 5972,2836 5976,2648 5894,2619 5812,2652 5738,2635 5533,2713 5476,2664 5341,2631 5197,2685"/>
                <Baseline points="5217,2787 5265,2781 5354,2781 5444,2781 5533,2781 5623,2781 5713,2775 5802,2775 5892,2769 5981,2775"/>
                <TextEquiv>
                    <Unicode>Benedikt.</Unicode>
                </TextEquiv>
            </TextLine>
            <TextLine id="tr_1_tl_13" custom="readingOrder {index:12;}">
                <Coords points="4025,3082 4304,2963 4750,3082 4918,2984 5406,2955 5566,3054 5968,2947 6673,2955 6841,3062 7247,3008 7251,2816 4632,2881 4029,2763"/>
                <Baseline points="4053,2960 4125,2966 4214,2960 4304,2960 4393,2960 4483,2960 4572,2960 4662,2960 4751,2955 4841,2955 4930,2949 5020,2949 5110,2949 5199,2949 5289,2949 5378,2943 5468,2943 5557,2943 5647,2943 5736,2937 5826,2937 5915,2937 6005,2937 6095,2943 6184,2937 6274,2943 6363,2943 6453,2937 6542,2937 6632,2931 6721,2931 6811,2937 6900,2937 6990,2937 7080,2937 7169,2943 7259,2943"/>
                <TextEquiv>
                    <Unicode>Hochwürdiger Herr, des Zutrauens will ich wert sein.</Unicode>
                </TextEquiv>
            </TextLine>
            <TextLine id="tr_1_tl_14" custom="readingOrder {index:13;}">
                <Coords points="4050,3148 4496,3131 4730,3230 5177,3115 6447,3156 6734,3103 6734,2963 5689,2972 5562,3058 5255,2955 4738,3078 4308,2959 4050,3082"/>
                <Baseline points="4071,3128 4148,3122 4238,3128 4328,3122 4417,3122 4507,3122 4596,3122 4686,3116 4775,3110 4865,3110 4954,3110 5044,3110 5133,3110 5223,3104 5313,3104 5402,3104 5492,3098 5581,3098 5671,3098 5760,3098 5850,3098 5939,3098 6029,3098 6118,3092 6208,3092 6298,3098 6387,3092 6477,3092 6566,3086 6656,3086 6745,3092"/>
                <TextEquiv>
                    <Unicode>Denn denk ich nur der vielen kranken Leute</Unicode>
                </TextEquiv>
            </TextLine>
            <TextLine id="tr_1_tl_15" custom="readingOrder {index:14;}">
                <Coords points="3984,3299 4275,3381 4537,3287 5189,3386 5521,3279 5775,3365 5923,3271 6554,3332 6788,3291 6792,3140 6410,3205 6206,3111 5656,3111 4730,3230 4201,3127 3984,3222"/>
                <Baseline points="4005,3283 4017,3283 4107,3283 4196,3283 4286,3283 4375,3283 4465,3277 4554,3277 4644,3277 4733,3277 4823,3271 4913,3271 5002,3271 5092,3271 5181,3265 5271,3265 5360,3265 5450,3265 5539,3259 5629,3259 5718,3259 5808,3259 5898,3259 5987,3259 6077,3259 6166,3259 6256,3253 6345,3253 6435,3253 6524,3253 6614,3247 6703,3247 6793,3241"/>
                <TextEquiv>
                    <Unicode>Die so wie er, der jetzt der Heilung wartet,</Unicode>
                </TextEquiv>
            </TextLine>
            <TextLine id="tr_1_tl_16" custom="readingOrder {index:15;}">
                <Coords points="4017,3521 6210,3443 6538,3509 6619,3328 6439,3267 6255,3373 5886,3299 5771,3361 5521,3275 5189,3381 4947,3308 4246,3377 4021,3304"/>
                <Baseline points="4041,3456 4119,3456 4208,3456 4298,3462 4387,3456 4477,3456 4566,3450 4656,3450 4745,3450 4835,3444 4925,3450 5014,3450 5104,3444 5193,3444 5283,3444 5372,3438 5462,3438 5551,3438 5641,3438 5730,3432 5820,3432 5910,3432 5999,3432 6089,3432 6178,3426 6268,3426 6357,3426 6447,3420 6536,3420 6626,3420"/>
                <TextEquiv>
                    <Unicode>Vom trüben Dunst der Grübelei umqualmt,</Unicode>
                </TextEquiv>
            </TextLine>
            <TextLine id="tr_1_tl_17" custom="readingOrder {index:16;}">
                <Coords points="4017,3660 5496,3693 5611,3611 5853,3705 6599,3693 6861,3640 6865,3480 4021,3521"/>
                <Baseline points="4041,3617 4095,3617 4184,3617 4274,3617 4363,3617 4453,3617 4542,3611 4632,3611 4722,3605 4811,3611 4901,3605 4990,3611 5080,3605 5169,3605 5259,3605 5348,3605 5438,3599 5527,3599 5617,3599 5707,3599 5796,3593 5886,3593 5975,3593 6065,3587 6154,3587 6244,3587 6333,3587 6423,3587 6512,3587 6602,3581 6692,3581 6781,3581 6871,3581"/>
                <TextEquiv>
                    <Unicode>Das Licht nicht sahü, das freudiger Glaube heißt,</Unicode>
                </TextEquiv>
            </TextLine>
            <TextLine id="tr_1_tl_18" custom="readingOrder {index:17;}">
                <Coords points="4025,3812 4492,3877 4992,3779 5222,3853 5431,3775 5943,3853 6812,3779 6775,3681 5857,3705 5607,3611 5201,3730 4894,3623 4025,3685"/>
                <Baseline points="4047,3784 4137,3778 4226,3778 4316,3778 4405,3784 4495,3778 4584,3778 4674,3778 4763,3778 4853,3772 4942,3772 5032,3772 5122,3772 5211,3772 5301,3772 5390,3766 5480,3766 5569,3766 5659,3766 5748,3760 5838,3766 5927,3760 6017,3760 6107,3760 6196,3760 6286,3754 6375,3754 6465,3754 6554,3754 6644,3748 6733,3748 6823,3754"/>
                <TextEquiv>
                    <Unicode>Und denk’ ich, wie sie einst unselig waren,</Unicode>
                </TextEquiv>
            </TextLine>
            <TextLine id="tr_1_tl_19" custom="readingOrder {index:18;}">
                <Coords points="4037,3963 4455,3963 4607,4054 4775,3968 5316,4037 5517,3935 5886,4037 6037,3951 6656,4004 6660,3791 6419,3767 5816,3882 5353,3779 4824,3902 4041,3804"/>
                <Baseline points="4059,3940 4065,3940 4154,3940 4244,3940 4334,3945 4423,3945 4513,3945 4602,3940 4692,3940 4781,3940 4871,3940 4960,3940 5050,3940 5139,3934 5229,3934 5319,3934 5408,3928 5498,3928 5587,3928 5677,3928 5766,3928 5856,3922 5945,3928 6035,3922 6124,3916 6214,3916 6304,3910 6393,3916 6483,3916 6572,3916 6662,3910"/>
                <TextEquiv>
                    <Unicode>Und wie sie jetzt so gläubig, glücklich sind,</Unicode>
                </TextEquiv>
            </TextLine>
            <TextLine id="tr_1_tl_20" custom="readingOrder {index:19;}">
                <Coords points="3996,4197 4980,4238 6099,4091 6611,4250 7017,4168 7017,4013 6718,3935 6427,4045 6177,3947 5886,4033 5615,3951 5361,4062 5210,3968 4000,4037"/>
                <Baseline points="4023,4107 4071,4107 4160,4107 4250,4107 4339,4107 4429,4101 4519,4107 4608,4107 4698,4107 4787,4101 4877,4101 4966,4101 5056,4101 5145,4101 5235,4095 5324,4095 5414,4089 5504,4089 5593,4089 5683,4089 5772,4089 5862,4089 5951,4089 6041,4083 6130,4083 6220,4077 6309,4083 6399,4083 6489,4083 6578,4083 6668,4089 6757,4083 6847,4083 6936,4083 7026,4083"/>
                <TextEquiv>
                    <Unicode>Dann macht ich fast im Herzen überzeugt sein,</Unicode>
                </TextEquiv>
            </TextLine>
        </TextRegion>
    </Page>
</PcGts>
