7608 5000
762 481 2975 725 Und meine Worte sollen leise sein,
740 662 3400 958 Und keiner ahnen, daß ich hier gewesen.
862 862 2128 1147 — Wo ist Ägidius -?
1635 884 3878 1332 Hilarius (als stiege ihm plötzlich eine Ahnung auf
2005 1206 2338 1424 as-
1854 1328 2549 1547 Faustina.
2368 1436 3263 1750 Er ist nicht da, -
714 1669 3115 1935 Ich weiß, hochwürdiger Abt, er ist nicht da¬
714 1868 3371 2094 Der Arzt nahm ihn mit sich, um ihn zu heilen¬
692 2024 3167 2305 O pa, er heilt ihn, ganz gewiss, er hätte ihr,
670 2205 2153 2475 So wahr er euch betrügt.
2098 2316 2690 2553 Hilarius
2105 2516 2786 2686 Regidius -
2116 2649 2764 2882 Faustina.
751 2849 2797 3112 Angalius befindet sich zur Stunde
766 3001 3145 3278 Nicht mehr in seines edeln Ärztes Händen
755 3178 3019 3445 Er ist gesund geworden und der Arzt
740 3341 2982 3611 Hat die Komödie satt, die er gespiebt.
747 3478 3245 3741 Wenn's einmal stiller ist in diesem Herzen,
692 3682 3101 3918 So will Eich Euch von Anfang bis zum Ende
714 3863 3160 4052 den Fichalt des gesammten Spiels erzählen —
673 4044 3141 4292 Jetzt aber nicht. Doch sagt mir eines „Abt¬
655 4170 3633 4414 Recht schwere Strafe drauf, wenn sich im Mönch
4103 392 6464 684 So weit vergisst den Ehemann zu spielen:
5176 607 5750 796 Hilarius.
4085 762 5650 995 Die Strafe steht beim Abt.
5465 881 6072 1117 Faustina.
5657 1047 6808 1280 Ich will dem Richter
4151 1221 6660 1469 den Ort bezeichnen, wo der Schuldige weilt-
4155 1424 6360 1598 der Name Leonhards, des Astronomen
4103 1543 6701 1839 Ist euch nicht unbekannt; sein Weib ist tot,
4126 1743 6486 1965 Und an der Seite seiner Tochter lebt er
4107 1913 5950 2164 die alten Tage hin. Felizitas
4162 2054 6231 2335 Heißt seine Tochter-Sucht Augidius,
4066 2279 5176 2516 Für ihren Armen.
5169 2368 5876 2642 Hilarius.
5213 2553 6549 2756 Und vor wenig Tagen
4040 2701 6653 2993 Durft' ich ihn wohl in Furen Armen suchen
4033 2890 6749 3193 Hod jener Arzt? - und der Äblissin Brief -?
5428 3045 6105 3274 Faustina.
4133 3238 6623 3430 Mein ist die Schuld, ich war die Sünderin¬
4162 3352 7004 3615 Doch mich könnt ihr nicht strafen, und mein Glück,
4148 3526 6967 3781 Mein einziges Glück ist dies: dass ihr den Mönch,
4151 3726 6786 3989 Dass ihr Ägiclius strafen könnt und müßt!
5398 3870 6050 4103 Hilarius
4207 4074 7015 4299 Er wird das Mädchen niemals wieder sehen
