7706 4985
498 530 3635 941 Zu bringen nicht — Ist dies der Grund, Lebt wohl
3990 514 6242 869 Dass Ihr Euch sorglos meinem Wort,
4010 769 6713 1020 Und gilt Euch das nicht, doch dem acten Jurisort
2005 809 2416 1024 Abt
4038 933 6661 1208 Marieens, der hochwürdigen Frau vertraut.
478 897 1431 1252 Bleibt, bleibt.
4465 1100 7016 1351 (Hier giebt der Abt dem Ungidius Mariäens Brief,
1989 1044 2687 1379 Negidius
4074 1292 7115 1531 (zum Abt) Ihr lasst ihn völlig mir und meiner Kunst¬
1272 1272 3484 1591 Wozu? daß ich verspottet werde?
6585 1407 6956 1626 en lisant
4122 1459 6486 1694 Zu jeder Stund des Tag’s gehört er mir;
1937 1443 2376 1742 Abt.
4098 1602 6649 1874 Stets hab’ ich freien Zutritt zu dem Bruder,
442 1626 2842 1933 Der Euer Arzt ist, ist ein Philosoph¬
4094 1738 6765 2025 Und völlige Freiheit über all sein Thun, —
1965 1822 2723 2065 Aegidius
4066 1925 6518 2176 Wofern es nicht den menschlichen Gesetzen,
542 1909 1128 2256 Hasa!
4102 2041 7307 2272 Dem Recht der Deristen und dem Recht des Klosters
1901 1985 3213 2332 Benedikt (zum Abt)
4050 2244 5959 2527 In schroffer Weise widerspricht.
618 2292 2958 2579 Vergeist, hochwürdiger Herr, Ihr habt
5393 2404 5864 2691 Abt.
558 2495 2711 2707 Misverstanden. Wär ich Philosoph,
5860 2567 6581 2790 Die Frau,
538 2615 3540 2898 Und wollt ich Arzt des kranken Bruders werden,
4006 2639 6793 3026 Die Euch empfiehlt führt ein gewichtig Wort.
546 2802 3436 3053 So sagt’ ich wohl mit gleichem Recht und Sinn:
4002 2906 6848 3181 Ihr frommer und der Menschen kundiger Geist
502 2962 2794 3253 Ich will durch Feuer Feuer löschen.
4030 3065 6430 3336 Vermag das Richtige stets zu erfassen:
1371 3117 3225 3412 (Aegidius wird aufmerksam)
4014 3225 6605 3508 Ich traute ihn nicht, glaubt ich nicht an Euch.
2703 3277 3053 3516 Sch
4018 3440 6749 3683 Heilt ihn, sein Herz ist edel und sein denken.
522 3329 3269 3747 Bin Arzt, und wie mein reifes Alter und
4042 3584 6541 3835 Ihr nützet vielen, macht Ihr ihn gewesen.
546 3627 3105 3863 Nach mehr die Reife, die Erfahrung giebt,
4062 3747 5134 4018 Ich lass' ihn Euch
550 3799 3400 4014 Verbürger kann, kein unverstand der Thor,
5238 3787 6083 4158 Benedikt
586 3954 3205 4245 Der überschätzt, was seine Kunst vermag.
5393 4058 7123 4337 Bis ich ihn heil und seiten
570 4130 2974 4385 Jedenach richt' ich, lieber Mönch Angidius
4182 4229 7135 4520 dem wiedergebe, dem er angehört. (Abt ab)
586 4285 3261 4572 Mit einem Selbstvertraun die Bitt an Euch
