7277 4744
0 646 3271 1020 Luft machte in jenem wilden Schrei, mit dem der edle
39 848 2363 1222 Aegidius seine Worte plötzlich abbrach¬
90 947 3340 1382 Lasset es Euch nicht verwundern, liebe Anlächtige;
30 1162 3477 1532 er ist noch jung und nur der völlig gereifte, echt christ¬
30 1326 3482 1722 liche Sinn vermag in stets gleicher, frommer Seetenruhe,
60 1489 3465 1812 in beneidenswerthen Gleichmaß des Innern, jene Un¬
47 1631 3318 2036 seligen zu fassen bedauern, ohne sie zugleich ihrer
60 1825 3378 2173 welche, höhrenden Gesinnung halber zu lassen und zu
43 2014 3465 2371 verdammen. Unser lieber frommer Brüder Angilius
73 2204 3482 2526 ist heute noch ein Jüngling; er wird ein Mann werden
258 2363 3413 2729 aus Kämpfer wird sich auskämpfen Leidenschaft
116 2569 3391 2905 wider Leidenschaft in seinem aufgeregten Herzen
198 2759 3508 3094 Frieke und selige Ruhe wird in seine Seele kommen
211 2905 3477 3258 wie sie jedem wird, der da in Ehrfurcht niederkniet
142 3077 3512 3434 vor dem Höchsten, und das Edelste, Größte anstrebt, was
228 3258 3516 3615 dem Menschen werden kann – Gottähnlichkeit, der
288 3439 2754 3740 name des Herrn sei gelobt. Amen.
417 3594 3452 3951 Der Abt verläßt die Kanzel, die Leute ent¬
422 3800 3477 4067 Ferner sich aus der Kirche, Orgel. Augustin scheint
340 3955 3327 4261 den Abt etwas zu fragen. Der Abt erwidert)
318 4175 1308 4459 Abt Hilarius
422 4295 1945 4631 Lasset ihn ruhe (ab.)
3731 185 6942 529 Aegiduis liegt unbeweglich beim Altare, unbemerkt.
3792 413 7045 628 Vom Chore kommen Leute herunter, in eifrigem Gespräch
3766 525 6989 835 Faustina verschleiert eilt zum Altare sie küsst den
3783 753 6963 994 Anglius u. eil fort. Regidius fährt wie aus ei¬
3749 921 6839 1158 nem wüsten Traum auf; sie ist verschwunden.
3753 1076 6899 1343 Das Orgelspiel endet in einem gewaltig fort¬
3662 1227 7054 1502 klingenden Akkord, in dem Leibenschläft - Leitenschaft
3619 1394 7080 1670 u. Versöhnung sich mischen und der Vorhang fällt.
