7592 5064
3877 312 7063 666 unendlich liebte, — wenn man liebt, so glaubt
438 455 3827 792 kann ich mich bei meinen tollen Sinnen, heut bei den
7274 464 7451 700 len.
3877 598 7274 877 man ja mit einem Male die Unendlichkeit begreife.
480 674 3785 978 höchst sonderlichen Rumoren in meiner Brust auf so
3911 784 7232 1054 zu können — da steh ich, als hätte faustina nicht einen
506 818 3709 1096 recht alltägliche Weise in dies Kloster einzugehe.
3962 986 7148 1239 Einfall bekommen, der mir, ihr und vielleicht nach
497 1011 3751 1247 Sollt' ich wirklich diese einfältige Glocke ziehn, bei
3886 1104 7181 1365 einem anderen die Zeit auf ganz amüsante Weise
497 1163 3683 1416 deren klang, weil er so oft gehört ward, man
506 1298 7223 1601 sich gewöhnt hat, nichts zu denken. Hrn Benedikt. Wie des ausfüllen wird;... dann mehr ists ja doch nicht, mag
3903 1458 7021 1719 sich's auch mit köstlichem Flitterland aufputzen!
514 1509 3785 1745 Als du gestern unter den Kameraden und dirnen da
3928 1618 7131 1837 Also in's Kloster! - Aber wie? Die Glocke ziehe,
497 1644 3827 1939 saßest - und sahst in die Verwirrung hinein, in
3903 1812 7240 2048 Das will ich nun ein für alle Male nicht. Ich will an
523 1837 3700 2107 den Trubel losgelöster, entfesselter Gefühle,
3928 1913 7266 2267 ein Fenster Klopfen. (schleicht zu einem Fenster und klopf)
523 2040 3844 2225 und dir so seltsam kalt im Herzen war, da sagtest
3953 2107 5352 2377 Stimme. Wer ist's?
506 2149 3776 2461 Du zu dir selbst: Hinaus bin ich über diese Zeit¬
4012 2225 7181 2520 Benedikt. Officet, wertgeschätztes Fräulein —: ich
506 2352 3726 2655 Steil ist's in mir, ich kann wollen, bevor ich
4004 2419 6751 2689 heb' euch ganz sonderbares zu vermelden.
607 2444 3785 2765 empfinde, und die Leidenschaften schweigen - Be¬
4021 2630 6465 2866 Stimme, Wer seid Ihr, frag’ ich nochmals:
548 2731 3886 2891 nedikt, du hast dich selbst betragen. Sie mögen wol
3978 2689 7308 3026 Benedikt. Ihr werdet es nicht bereuen, Gottesbraut
531 2840 3903 3119 seltner kommen, die Augenblicke stürmischen n Regens
3953 2942 7333 3203 wenn Ihr eine kleine Weile Euer Fenster öffnet - mit
607 3051 3127 3296 seltner als einst, aber sie kommen!
3928 3093 7266 3329 einem einsamen Wanderer, der nächtlich die Straße
691 3194 3810 3431 Um liebsten wäre es mir, ich könnt einen Kerl
3945 3262 7232 3549 hinwandelt, und glücklich wäre, mit einem lebenden
539 3304 3869 3624 da haben, der sich recht gewaltig fühlt, und den ich mit
3953 3447 6187 3700 Wesen ein par Worte zu wechseln.
573 3490 3903 3717 vermaledeiter Grönie recht ins Indische hinab zwicken
3945 3565 7249 3860 Stimme. Welche Worte? Glaubt mich nicht zu berucken.
565 3667 3801 3886 und beißen möchte. Er sollte sich sagen: O, ich bin
523 3793 7299 4046 ein Narv, ein Duminkopf ein eingebildeter Ehel? ich habe bis jetzt die ganze Nacht gebetet; mutig bin ich
598 3978 6145 4206 Aber ich vergesse meinen Auftrag und stehe da als und gefeit gegen jede Versuchung.
3945 4063 7341 4434 Benedikt. Macht nicht andere Worte; wer sagt Euch, daß
615 4155 3785 4501 hätte die herrliche Faustina, die ich einmal so
