7592 4968
4970 358 6733 687 Geräumige Zelle des Abtes
4163 596 6626 830 Der Abt Hilarius (über einem Buche)
4179 747 6853 993 Und nun läßt sehn, wie diesen Gegenstand
4151 890 6185 1164 der würdhe Thomas von Agien sich
4131 1084 6602 1331 Und andern glaublich machten will. Mir ist's
5478 1216 5677 1339 nur
4119 1220 6785 1466 Als wär mein Lernen und Vergleichen mehr.
4163 1374 6964 1633 Denn was ich glaub und nicht glaube steht längst fest¬
4123 1573 7325 1807 still ists darin (aufs Herz weisend), doch seltsam dünkt mir eins¬
4108 1740 6376 1978 Ich hab in meinem ganzen Leben nie
4127 1875 6682 2165 Mich irgend einem Menschen, einem Ding
4127 2094 6662 2304 Mit wildgewaltger Leidenschaft ergeben,
4127 2205 6320 2479 Und allzu heftig glühte kein Gefühlx
4104 2360 6952 2618 In meiner Breist. Und dennoch ist mir's jetzt,
4127 2527 6515 2813 Als wäre was in diesen letzten Jahren
4104 2729 5367 2971 Für mir gestorben.
4982 2809 6960 3126 (die Thüre der Zelle wird aufgerissen)
4620 3059 6229 3285 F austina stürzt herein,
5387 3178 6622 3448 Hilarius. (germigt auf)
4139 3377 6821 3671 Wie? was? Ein Weib in meiner Zelle? Wer
5518 3539 6273 3754 Faustina.
4119 3679 6686 3965 schaltet, nicht die Mönche würdiger Herr¬
4437 3877 4783 3980 gütge
4155 3881 6618 4151 der zufall ließ mich schnell Euch finden
4163 4016 7063 4362 Mich sah kein Mensch hieher die Schritte nehmen —,
