7528 5048
7159 699 7376 932 richts,
7201 1494 7384 1686 vor
4454 1594 6714 1931 Vor einem Nonnenkloster
5145 1877 5703 2156 Nacht:
3850 1956 7151 2298 Denedikt. Auf, auf, vielteure Schlaferinnen, ihr
4029 2177 7043 2514 Zungfrauen, die ihr euer Leben gewecht habt
3921 2398 7155 2618 dem dienste der Kirche des Nichtsthuus, oder besser ge¬
3921 2498 7268 2847 sagt: der beschaulichen Lebens, oder nach schöner: des Betens
3904 2685 7143 3043 fastens und Kasteins, auf dieses Thor! Durch welches ich
3884 2851 7230 3118 in das Grab eingehe unzähligen tiefer leidenschaftli¬
3921 3051 7214 3380 her Gefühle, wo mich der Mederluft dahingegan¬
3942 3230 7172 3517 genen Leids umfängt; auf, ihr liebreizenden
3909 3392 7080 3675 Nönnchen; aber, wickelt auch ja recht fest ein¬
3946 3521 7122 3788 euer dunkel Gewand; es mag kalt sein in den
3934 3655 7259 4021 steinernen Gängen, wo wilische Liebe nicht weilen
3967 3846 7226 4146 darf. Ich dachte sie, dass sie alle schlafen würden
4108 4029 7293 4337 so träumt wohl! Aber wahrhaftig, nicht entschließen
