<?xml version="1.0" encoding="UTF-8" standalone="yes"?>
<PcGts xmlns="http://schema.primaresearch.org/PAGE/gts/pagecontent/2013-07-15" xmlns:xsi="http://www.w3.org/2001/XMLSchema-instance" xsi:schemaLocation="http://schema.primaresearch.org/PAGE/gts/pagecontent/2013-07-15 http://schema.primaresearch.org/PAGE/gts/pagecontent/2013-07-15/pagecontent.xsd">
    <Metadata>
        <Creator>prov=READ-COOP:name=TrHtr:version=2.1.0:model_id=51170:date=26_07_2023_02:42</Creator>
        <Created>2023-05-10T11:26:45.056+02:00</Created>
        <LastChange>2023-07-26T02:42:46.089+02:00</LastChange>
        <TranskribusMetadata docId="1428156" pageId="55387327" pageNr="38" tsid="130876644" status="IN_PROGRESS" userId="64420" imgUrl="https://files.transkribus.eu/Get?id=KOGLNELZYXFNQGAOQGKMPGDR&amp;fileType=view" xmlUrl="https://files.transkribus.eu/Get?id=RBQMFQYJCIDAGMMTDZHWJDUD" imageId="44662223"/>
    </Metadata>
    <Page imageFilename="1428156_0038.jpg" imageWidth="7528" imageHeight="5080">
        <ReadingOrder>
            <OrderedGroup id="ro_1711820396872" caption="Regions reading order">
                <RegionRefIndexed index="0" regionRef="tr_2"/>
                <RegionRefIndexed index="1" regionRef="tr_1"/>
            </OrderedGroup>
        </ReadingOrder>
        <TextRegion id="tr_2" custom="readingOrder {index:0;}">
            <Coords points="626,600 3772,600 3772,4427 626,4427"/>
            <TextLine id="tr_2_tl_1" custom="readingOrder {index:0;}">
                <Coords points="678,774 1252,847 2045,724 3301,728 3431,709 3439,528 686,608"/>
                <Baseline points="704,746 758,740 847,746 937,740 1026,746 1116,740 1205,734 1295,734 1384,734 1474,728 1563,722 1653,722 1743,722 1832,722 1922,716 2011,710 2101,704 2190,704 2280,698 2369,698 2459,692 2548,686 2638,680 2728,674 2817,674 2907,668 2996,662 3086,662 3175,650 3265,650 3354,650 3444,650"/>
                <TextEquiv>
                    <Unicode>Ein Mensch, der niemals Feuer hat gefühlt,</Unicode>
                </TextEquiv>
            </TextLine>
            <TextLine id="tr_2_tl_2" custom="readingOrder {index:1;}">
                <Coords points="666,967 2322,874 2723,947 3193,836 3682,951 3767,743 674,778"/>
                <Baseline points="692,895 728,895 817,901 907,901 996,901 1086,901 1175,901 1265,901 1355,895 1444,895 1534,895 1623,889 1713,889 1802,883 1892,883 1981,877 2071,871 2160,871 2250,865 2340,865 2429,859 2519,859 2608,853 2698,841 2787,841 2877,835 2966,829 3056,823 3145,823 3235,817 3324,811 3414,811 3504,811 3593,805 3683,811 3772,811"/>
                <TextEquiv>
                    <Unicode>2 ist wahr, - man kann wohl Leidenschaft begraben,</Unicode>
                </TextEquiv>
            </TextLine>
            <TextLine id="tr_2_tl_3" custom="readingOrder {index:2;}">
                <Coords points="655,1113 867,1205 1598,1074 2738,1117 2927,1024 3158,1071 3262,1021 3270,874 2553,986 2188,893 1429,1024 659,955"/>
                <Baseline points="674,1092 764,1086 853,1092 943,1086 1032,1086 1122,1080 1211,1080 1301,1074 1390,1074 1480,1068 1569,1068 1659,1068 1749,1062 1838,1056 1928,1050 2017,1050 2107,1044 2196,1044 2286,1038 2375,1038 2465,1032 2554,1026 2644,1020 2734,1014 2823,1008 2913,1008 3002,1002 3092,1002 3181,996 3271,1002"/>
                <TextEquiv>
                    <Unicode>Doch ist sie immer scheintet nur, ein Funken</Unicode>
                </TextEquiv>
            </TextLine>
            <TextLine id="tr_2_tl_4" custom="readingOrder {index:3;}">
                <Coords points="605,1309 1252,1306 1413,1363 1510,1302 1583,1336 2141,1259 2149,1113 1953,1190 1598,1074 1510,1140 1367,1090 1125,1182 1017,1144 913,1225 766,1163 608,1198"/>
                <Baseline points="626,1271 632,1271 722,1271 811,1271 901,1265 990,1265 1080,1259 1170,1253 1259,1253 1349,1247 1438,1241 1528,1241 1617,1235 1707,1235 1796,1235 1886,1223 1975,1223 2065,1217 2154,1217"/>
                <TextEquiv>
                    <Unicode>der unter Asche glimmt.</Unicode>
                </TextEquiv>
            </TextLine>
            <TextLine id="tr_2_tl_5" custom="readingOrder {index:4;}">
                <Coords points="1899,1444 1949,1467 1995,1440 2134,1452 2226,1425 2550,1444 2557,1302 2457,1317 2372,1244 2342,1275 2211,1225 2134,1256 1995,1244 1906,1271"/>
                <Baseline points="1922,1384 1934,1384 2023,1384 2113,1378 2202,1378 2292,1372 2381,1367 2471,1367 2560,1361"/>
                <TextEquiv>
                    <Unicode>Hilarius.</Unicode>
                </TextEquiv>
            </TextLine>
            <TextLine id="tr_2_tl_6" custom="readingOrder {index:5;}">
                <Coords points="2068,1587 3220,1525 3512,1610 3639,1571 3647,1363 3162,1386 2946,1463 2754,1413 2076,1460"/>
                <Baseline points="2095,1540 2131,1540 2220,1534 2310,1528 2399,1528 2489,1522 2578,1522 2668,1522 2757,1516 2847,1516 2936,1510 3026,1504 3116,1498 3205,1492 3295,1486 3384,1486 3474,1486 3563,1486 3653,1486"/>
                <TextEquiv>
                    <Unicode>Wir wollen jeden Luftzug</Unicode>
                </TextEquiv>
            </TextLine>
            <TextLine id="tr_2_tl_7" custom="readingOrder {index:6;}">
                <Coords points="632,1883 851,1783 978,1837 2777,1756 2811,1591 643,1652"/>
                <Baseline points="656,1772 668,1772 758,1766 847,1760 937,1755 1026,1755 1116,1743 1205,1743 1295,1737 1384,1737 1474,1737 1563,1737 1653,1731 1743,1731 1832,1725 1922,1719 2011,1713 2101,1713 2190,1707 2280,1701 2369,1695 2459,1695 2548,1689 2638,1683 2728,1683 2817,1689"/>
                <TextEquiv>
                    <Unicode>Der diese Asche auseinanderstreute,</Unicode>
                </TextEquiv>
            </TextLine>
            <TextLine id="tr_2_tl_8" custom="readingOrder {index:7;}">
                <Coords points="674,2026 1463,1910 1760,1976 2199,1887 2838,1929 3096,1887 3104,1752 2842,1691 2195,1814 682,1833"/>
                <Baseline points="698,1928 781,1928 871,1922 961,1916 1050,1910 1140,1910 1229,1904 1319,1904 1408,1898 1498,1898 1587,1892 1677,1892 1766,1886 1856,1880 1946,1874 2035,1874 2125,1868 2214,1862 2304,1856 2393,1850 2483,1850 2572,1850 2662,1844 2751,1838 2841,1832 2930,1832 3020,1826 3110,1820"/>
                <TextEquiv>
                    <Unicode>fern halten in wohlthätiger Sorge. Scheintad</Unicode>
                </TextEquiv>
            </TextLine>
            <TextLine id="tr_2_tl_9" custom="readingOrder {index:8;}">
                <Coords points="666,2110 1217,2180 1575,2076 1868,2161 2080,2064 2222,2126 2711,2045 2796,2114 3093,2064 3096,1937 2576,1891 2241,2003 1117,1941 936,2022 813,1949 670,2022"/>
                <Baseline points="686,2089 776,2089 865,2089 955,2089 1044,2083 1134,2077 1223,2077 1313,2071 1402,2071 1492,2065 1581,2059 1671,2059 1760,2053 1850,2053 1940,2047 2029,2041 2119,2041 2208,2035 2298,2035 2387,2029 2477,2023 2566,2023 2656,2017 2745,2017 2835,2017 2925,2011 3014,2005 3104,2005"/>
                <TextEquiv>
                    <Unicode>Und wahrer tod bringt keinen Unterschied,</Unicode>
                </TextEquiv>
            </TextLine>
            <TextLine id="tr_2_tl_10" custom="readingOrder {index:9;}">
                <Coords points="670,2272 1891,2330 2492,2207 2734,2284 3354,2218 3358,2110 674,2164"/>
                <Baseline points="692,2256 770,2256 859,2256 949,2250 1038,2250 1128,2250 1217,2244 1307,2238 1396,2238 1486,2226 1575,2226 1665,2226 1755,2226 1844,2220 1934,2220 2023,2214 2113,2208 2202,2202 2292,2202 2381,2196 2471,2190 2560,2190 2650,2184 2739,2178 2829,2178 2919,2172 3008,2172 3098,2166 3187,2166 3277,2166 3366,2172"/>
                <TextEquiv>
                    <Unicode>Bedeukt ihres recht. - Er ist ein Mensch gestorben,</Unicode>
                </TextEquiv>
            </TextLine>
            <TextLine id="tr_2_tl_11" custom="readingOrder {index:10;}">
                <Coords points="697,2461 3281,2419 3512,2345 3516,2195 2692,2288 2234,2222 1710,2345 705,2284"/>
                <Baseline points="722,2423 746,2417 835,2417 925,2417 1014,2411 1104,2411 1193,2405 1283,2399 1372,2393 1462,2393 1552,2387 1641,2387 1731,2381 1820,2381 1910,2381 1999,2375 2089,2369 2178,2369 2268,2369 2357,2363 2447,2357 2537,2351 2626,2345 2716,2351 2805,2345 2895,2340 2984,2334 3074,2334 3163,2322 3253,2316 3342,2316 3432,2316 3521,2316"/>
                <TextEquiv>
                    <Unicode>So heißt's im Kreise rings - doch ist's nicht wahr¬</Unicode>
                </TextEquiv>
            </TextLine>
            <TextLine id="tr_2_tl_12" custom="readingOrder {index:11;}">
                <Coords points="709,2623 3239,2584 3285,2415 712,2515"/>
                <Baseline points="728,2584 781,2584 871,2584 961,2584 1050,2572 1140,2572 1229,2572 1319,2566 1408,2566 1498,2560 1587,2560 1677,2554 1766,2548 1856,2548 1946,2542 2035,2537 2125,2531 2214,2531 2304,2525 2393,2525 2483,2519 2572,2519 2662,2513 2751,2513 2841,2513 2930,2507 3020,2501 3110,2495 3199,2489 3289,2483"/>
                <TextEquiv>
                    <Unicode>Er ist bewußtlos nur! Und er weist nichts</Unicode>
                </TextEquiv>
            </TextLine>
            <TextLine id="tr_2_tl_13" custom="readingOrder {index:12;}">
                <Coords points="743,2788 2600,2769 2804,2692 2808,2580 2295,2580 2103,2654 1949,2592 1294,2665 874,2619 747,2707"/>
                <Baseline points="764,2757 847,2751 937,2751 1026,2745 1116,2745 1205,2739 1295,2734 1384,2728 1474,2728 1563,2722 1653,2722 1743,2716 1832,2716 1922,2710 2011,2710 2101,2704 2190,2698 2280,2692 2369,2692 2459,2692 2548,2686 2638,2680 2728,2674 2817,2668"/>
                <TextEquiv>
                    <Unicode>Von sich - und alle halten ihn für tot.</Unicode>
                </TextEquiv>
            </TextLine>
            <TextLine id="tr_2_tl_14" custom="readingOrder {index:13;}">
                <Coords points="709,2992 1178,2992 1313,2919 1583,2985 2122,2869 2253,2942 2769,2950 2942,2904 2950,2734 2365,2734 2107,2815 1344,2769 1213,2854 716,2784"/>
                <Baseline points="734,2930 805,2919 895,2913 984,2913 1074,2907 1164,2901 1253,2901 1343,2901 1432,2895 1522,2889 1611,2889 1701,2877 1790,2877 1880,2871 1969,2871 2059,2865 2149,2859 2238,2859 2328,2859 2417,2859 2507,2853 2596,2847 2686,2847 2775,2847 2865,2847 2954,2847"/>
                <TextEquiv>
                    <Unicode>So ist's ihm selbst u. allen andern gleich¬</Unicode>
                </TextEquiv>
            </TextLine>
            <TextLine id="tr_2_tl_15" custom="readingOrder {index:14;}">
                <Coords points="1903,3096 2080,3127 2457,3046 2657,3104 3077,3089 3154,3058 3158,2904 2850,2912 2769,2954 2646,2900 2480,2965 2168,2896 1906,2973"/>
                <Baseline points="1928,3038 1999,3044 2089,3038 2178,3026 2268,3026 2357,3026 2447,3020 2537,3020 2626,3014 2716,3014 2805,3014 2895,3008 2984,3008 3074,3002 3163,3008"/>
                <TextEquiv>
                    <Unicode>Begidnis (unhermlich)</Unicode>
                </TextEquiv>
            </TextLine>
            <TextLine id="tr_2_tl_16" custom="readingOrder {index:15;}">
                <Coords points="736,3277 1494,3362 1733,3239 3104,3270 3339,3227 3347,3050 2473,3146 1806,3066 1564,3177 1460,3104 743,3116"/>
                <Baseline points="758,3259 847,3253 937,3247 1026,3247 1116,3247 1205,3241 1295,3235 1384,3235 1474,3235 1563,3229 1653,3229 1743,3223 1832,3217 1922,3217 2011,3211 2101,3205 2190,3199 2280,3193 2369,3193 2459,3193 2548,3181 2638,3181 2728,3181 2817,3181 2907,3181 2996,3169 3086,3163 3175,3163 3265,3157 3354,3151"/>
                <TextEquiv>
                    <Unicode>Er wird begraben- tief im Grund der Erde</Unicode>
                </TextEquiv>
            </TextLine>
            <TextLine id="tr_2_tl_17" custom="readingOrder {index:16;}">
                <Coords points="743,3535 1017,3424 2184,3497 2719,3362 3258,3385 3324,3231 2403,3316 2153,3243 1733,3343 1637,3277 1494,3366 1051,3270 747,3412"/>
                <Baseline points="770,3438 823,3438 913,3420 1002,3414 1092,3408 1181,3408 1271,3402 1361,3402 1450,3402 1540,3396 1629,3396 1719,3396 1808,3390 1898,3384 1987,3384 2077,3372 2166,3372 2256,3366 2345,3366 2435,3360 2525,3354 2614,3348 2704,3348 2793,3348 2883,3348 2972,3342 3062,3336 3151,3330 3241,3324 3330,3319"/>
                <TextEquiv>
                    <Unicode>Ruhter im Sarg, im festgeschlossnen, Staub</Unicode>
                </TextEquiv>
            </TextLine>
            <TextLine id="tr_2_tl_18" custom="readingOrder {index:17;}">
                <Coords points="766,3612 1013,3678 1263,3597 1390,3686 1829,3562 2973,3586 3470,3520 3474,3389 1629,3520 986,3431 766,3512"/>
                <Baseline points="787,3587 793,3587 883,3581 973,3575 1062,3569 1152,3569 1241,3569 1331,3569 1420,3563 1510,3563 1599,3557 1689,3557 1778,3551 1868,3545 1957,3539 2047,3539 2137,3533 2226,3527 2316,3527 2405,3521 2495,3521 2584,3516 2674,3516 2763,3516 2853,3516 2942,3516 3032,3510 3122,3504 3211,3498 3301,3492 3390,3492 3480,3498"/>
                <TextEquiv>
                    <Unicode>Bregt drauf - Und alle - alle halten ihn für tot.</Unicode>
                </TextEquiv>
            </TextLine>
            <TextLine id="tr_2_tl_19" custom="readingOrder {index:18;}">
                <Coords points="797,3755 3000,3774 3397,3728 3401,3570 1833,3562 1340,3693 801,3643"/>
                <Baseline points="817,3748 901,3748 990,3742 1080,3736 1170,3736 1259,3736 1349,3730 1438,3724 1528,3724 1617,3718 1707,3712 1796,3707 1886,3707 1975,3701 2065,3701 2154,3695 2244,3695 2334,3689 2423,3689 2513,3683 2602,3683 2692,3677 2781,3677 2871,3671 2960,3671 3050,3665 3139,3665 3229,3659 3319,3653 3408,3653"/>
                <TextEquiv>
                    <Unicode>Miteinemmal regt sich der Lebensgeist</Unicode>
                </TextEquiv>
            </TextLine>
            <TextLine id="tr_2_tl_20" custom="readingOrder {index:19;}">
                <Coords points="732,3971 1953,3917 2076,3994 2588,3871 2792,3936 2931,3855 3170,3886 3177,3724 2584,3724 2203,3832 1945,3747 736,3801"/>
                <Baseline points="752,3921 764,3927 853,3915 943,3915 1032,3915 1122,3909 1211,3909 1301,3904 1390,3904 1480,3898 1569,3898 1659,3892 1749,3892 1838,3886 1928,3886 2017,3880 2107,3874 2196,3874 2286,3868 2375,3862 2465,3862 2554,3856 2644,3850 2734,3850 2823,3844 2913,3838 3002,3838 3092,3838 3181,3832"/>
                <TextEquiv>
                    <Unicode>Im eingesargten Körper - Neu beginnt</Unicode>
                </TextEquiv>
            </TextLine>
            <TextLine id="tr_2_tl_21" custom="readingOrder {index:20;}">
                <Coords points="678,4129 1329,4086 1833,4159 2041,4052 2757,4105 3054,4040 3058,3940 686,3974"/>
                <Baseline points="704,4089 734,4083 823,4083 913,4083 1002,4077 1092,4077 1181,4077 1271,4071 1361,4065 1450,4059 1540,4059 1629,4053 1719,4053 1808,4053 1898,4047 1987,4041 2077,4041 2166,4035 2256,4035 2345,4029 2435,4023 2525,4017 2614,4011 2704,4011 2793,4005 2883,4005 2972,4005 3062,4017"/>
                <TextEquiv>
                    <Unicode>der Odem den gewohnten Weg zu suchen.</Unicode>
                </TextEquiv>
            </TextLine>
            <TextLine id="tr_2_tl_22" custom="readingOrder {index:21;}">
                <Coords points="686,4317 2919,4186 3208,4325 3420,4294 3428,4052 1575,4175 693,4129"/>
                <Baseline points="710,4238 746,4238 835,4244 925,4244 1014,4244 1104,4244 1193,4244 1283,4238 1372,4232 1462,4232 1552,4226 1641,4226 1731,4220 1820,4214 1910,4214 1999,4214 2089,4208 2178,4202 2268,4196 2357,4190 2447,4184 2537,4184 2626,4178 2716,4178 2805,4172 2895,4172 2984,4178 3074,4172 3163,4172 3253,4172 3342,4172 3432,4172"/>
                <TextEquiv>
                    <Unicode>6 ist dunkel rings — und schwül- und-dumpf —</Unicode>
                </TextEquiv>
            </TextLine>
            <TextLine id="tr_2_tl_23" custom="readingOrder {index:22;}">
                <Coords points="705,4456 863,4529 1059,4448 1725,4502 2033,4398 2627,4483 3120,4421 3127,4279 2750,4225 1825,4348 1544,4248 712,4325"/>
                <Baseline points="728,4417 805,4417 895,4417 984,4417 1074,4417 1164,4411 1253,4411 1343,4399 1432,4399 1522,4393 1611,4387 1701,4387 1790,4381 1880,4375 1969,4369 2059,4369 2149,4363 2238,4363 2328,4363 2417,4357 2507,4351 2596,4351 2686,4345 2775,4339 2865,4339 2954,4339 3044,4339 3133,4339"/>
                <TextEquiv>
                    <Unicode>Die wenige Luft wird durstig eingesogen¬</Unicode>
                </TextEquiv>
            </TextLine>
        </TextRegion>
        <TextRegion id="tr_1" custom="readingOrder {index:1;}">
            <Coords points="3993,499 7276,499 7276,4278 3993,4278"/>
            <TextLine id="tr_1_tl_1" custom="readingOrder {index:0;}">
                <Coords points="4009,655 6270,643 6278,447 6166,389 4895,528 4021,408"/>
                <Baseline points="4029,632 4047,632 4136,632 4226,626 4315,626 4405,626 4494,626 4584,620 4674,614 4763,614 4853,608 4942,608 5032,602 5121,602 5211,596 5300,590 5390,590 5479,585 5569,579 5659,573 5748,573 5838,567 5927,567 6017,561 6106,555 6196,549 6285,549"/>
                <TextEquiv>
                    <Unicode>Und ist dahin - der Odem hat den Weg</Unicode>
                </TextEquiv>
            </TextLine>
            <TextLine id="tr_1_tl_2" custom="readingOrder {index:1;}">
                <Coords points="3986,855 5091,863 5773,751 6258,813 6408,790 6412,612 6181,674 5842,601 5511,705 4710,643 4483,739 3994,659"/>
                <Baseline points="4011,781 4089,781 4178,781 4268,787 4357,787 4447,787 4536,787 4626,781 4715,781 4805,776 4894,770 4984,770 5074,764 5163,764 5253,758 5342,758 5432,752 5521,746 5611,746 5700,740 5790,728 5879,728 5969,722 6058,722 6148,716 6238,710 6327,710 6417,704"/>
                <TextEquiv>
                    <Unicode>Verloren. mühsam bäumt der Körper sich</Unicode>
                </TextEquiv>
            </TextLine>
            <TextLine id="tr_1_tl_3" custom="readingOrder {index:2;}">
                <Coords points="3994,1028 4521,982 4637,1048 4906,967 5295,1036 5769,917 6439,974 6447,778 4001,863"/>
                <Baseline points="4017,961 4029,961 4118,961 4208,961 4298,955 4387,955 4477,955 4566,955 4656,955 4745,955 4835,949 4924,943 5014,937 5103,937 5193,931 5282,925 5372,925 5462,919 5551,913 5641,913 5730,907 5820,907 5909,901 5999,901 6088,895 6178,895 6267,889 6357,883 6447,895"/>
                <TextEquiv>
                    <Unicode>Und krampfhaft in die Höhe, siebt zurück¬</Unicode>
                </TextEquiv>
            </TextLine>
            <TextLine id="tr_1_tl_4" custom="readingOrder {index:3;}">
                <Coords points="4005,1178 5985,1171 6385,1082 6389,967 4013,1013"/>
                <Baseline points="4029,1116 4071,1122 4160,1122 4250,1122 4339,1122 4429,1122 4518,1122 4608,1122 4697,1122 4787,1122 4877,1116 4966,1110 5056,1104 5145,1098 5235,1098 5324,1098 5414,1092 5503,1092 5593,1086 5682,1080 5772,1080 5861,1074 5951,1068 6041,1068 6130,1062 6220,1056 6309,1050 6399,1050"/>
                <TextEquiv>
                    <Unicode>Und dehnt sich, dreht sich todesangsterfüllt</Unicode>
                </TextEquiv>
            </TextLine>
            <TextLine id="tr_1_tl_5" custom="readingOrder {index:4;}">
                <Coords points="3971,1356 6281,1302 6462,1256 6470,1117 4340,1256 4086,1171 3974,1240"/>
                <Baseline points="3993,1307 4059,1301 4148,1301 4238,1295 4327,1295 4417,1289 4506,1289 4596,1289 4686,1283 4775,1283 4865,1277 4954,1271 5044,1271 5133,1265 5223,1259 5312,1253 5402,1253 5491,1247 5581,1247 5670,1241 5760,1241 5850,1235 5939,1235 6029,1235 6118,1229 6208,1229 6297,1223 6387,1223 6476,1223"/>
                <TextEquiv>
                    <Unicode>Im engen Raum, wirft an die Wände sich,</Unicode>
                </TextEquiv>
            </TextLine>
            <TextLine id="tr_1_tl_6" custom="readingOrder {index:5;}">
                <Coords points="4001,1487 4136,1540 5003,1440 5141,1510 5819,1413 5977,1471 6351,1440 6358,1321 4895,1302 4483,1413 4190,1306 4001,1398"/>
                <Baseline points="4023,1462 4035,1468 4124,1462 4214,1456 4303,1450 4393,1450 4483,1444 4572,1444 4662,1444 4751,1438 4841,1438 4930,1438 5020,1432 5109,1432 5199,1426 5288,1420 5378,1414 5468,1408 5557,1408 5647,1408 5736,1402 5826,1396 5915,1390 6005,1390 6094,1384 6184,1378 6273,1372 6363,1367"/>
                <TextEquiv>
                    <Unicode>Focht an den Deckel, daß es wiederhält¬</Unicode>
                </TextEquiv>
            </TextLine>
            <TextLine id="tr_1_tl_7" custom="readingOrder {index:6;}">
                <Coords points="4028,1710 4279,1652 4868,1702 5554,1587 6231,1614 6301,1490 5850,1413 5619,1510 5473,1444 4795,1544 4502,1487 4348,1575 4036,1533"/>
                <Baseline points="4053,1635 4071,1635 4160,1629 4250,1629 4339,1623 4429,1617 4518,1611 4608,1605 4697,1605 4787,1605 4877,1605 4966,1605 5056,1599 5145,1593 5235,1587 5324,1587 5414,1575 5503,1575 5593,1569 5682,1569 5772,1563 5861,1558 5951,1558 6041,1558 6130,1552 6220,1552 6309,1546"/>
                <TextEquiv>
                    <Unicode>Spannt fieberhaft die lahmen Kräfte an,</Unicode>
                </TextEquiv>
            </TextLine>
            <TextLine id="tr_1_tl_8" custom="readingOrder {index:7;}">
                <Coords points="4052,1814 6901,1760 6940,1544 4052,1718"/>
                <Baseline points="4071,1796 4077,1796 4166,1790 4256,1790 4345,1784 4435,1778 4524,1772 4614,1766 4703,1766 4793,1760 4883,1760 4972,1755 5062,1749 5151,1749 5241,1743 5330,1743 5420,1737 5509,1731 5599,1737 5688,1731 5778,1725 5867,1719 5957,1719 6047,1713 6136,1713 6226,1707 6315,1707 6405,1701 6494,1695 6584,1689 6673,1689 6763,1683 6852,1689 6942,1695"/>
                <TextEquiv>
                    <Unicode>Wird matter, müder - die Besinnung schwindet,</Unicode>
                </TextEquiv>
            </TextLine>
            <TextLine id="tr_1_tl_9" custom="readingOrder {index:8;}">
                <Coords points="4052,2033 6116,1914 6120,1772 5145,1868 4779,1783 4059,1879"/>
                <Baseline points="4077,1963 4154,1957 4244,1952 4333,1952 4423,1946 4512,1940 4602,1940 4691,1934 4781,1934 4871,1928 4960,1928 5050,1922 5139,1922 5229,1916 5318,1916 5408,1910 5497,1910 5587,1904 5676,1904 5766,1892 5856,1886 5945,1886 6035,1886 6124,1874"/>
                <TextEquiv>
                    <Unicode>In schwerem falle dehnt der Sterbende</Unicode>
                </TextEquiv>
            </TextLine>
            <TextLine id="tr_1_tl_10" custom="readingOrder {index:9;}">
                <Coords points="4063,2180 4610,2211 5130,2099 5315,2149 5476,2110 5484,1945 5384,1929 5234,1999 4718,2014 4625,1960 4290,2037 4244,1995 4071,2026"/>
                <Baseline points="4089,2119 4148,2119 4238,2113 4327,2107 4417,2107 4506,2107 4596,2107 4686,2107 4775,2101 4865,2101 4954,2095 5044,2095 5133,2089 5223,2077 5312,2077 5402,2071 5491,2071"/>
                <TextEquiv>
                    <Unicode>Die Gliederh hin - und -</Unicode>
                </TextEquiv>
            </TextLine>
            <TextLine id="tr_1_tl_11" custom="readingOrder {index:10;}">
                <Coords points="5245,2253 5295,2272 5415,2245 5823,2241 5831,2099 5796,2087 5754,2122 5684,2095 5611,2134 5503,2091 5376,2114 5311,2153 5249,2137"/>
                <Baseline points="5265,2238 5294,2244 5384,2232 5473,2226 5563,2226 5653,2220 5742,2220 5832,2220"/>
                <TextEquiv>
                    <Unicode>Hilarius</Unicode>
                </TextEquiv>
            </TextLine>
            <TextLine id="tr_1_tl_12" custom="readingOrder {index:11;}">
                <Coords points="5500,2403 5600,2442 5889,2395 6116,2457 6466,2380 6516,2415 6586,2365 6636,2388 6643,2249 6231,2211 5754,2330 5646,2280 5503,2334"/>
                <Baseline points="5521,2393 5575,2393 5665,2387 5754,2381 5844,2375 5933,2375 6023,2369 6112,2369 6202,2369 6291,2363 6381,2363 6470,2357 6560,2351 6649,2357"/>
                <TextEquiv>
                    <Unicode>Ist in Wahrheit tot.</Unicode>
                </TextEquiv>
            </TextLine>
            <TextLine id="tr_1_tl_13" custom="readingOrder {index:12;}">
                <Coords points="4155,2627 5873,2646 6162,2557 6320,2630 6690,2550 6697,2361 5349,2515 4163,2461"/>
                <Baseline points="4178,2620 4196,2614 4286,2614 4375,2614 4465,2602 4554,2596 4644,2596 4733,2590 4823,2584 4912,2584 5002,2578 5091,2578 5181,2572 5271,2572 5360,2566 5450,2560 5539,2560 5629,2554 5718,2548 5808,2542 5897,2542 5987,2537 6076,2537 6166,2531 6255,2531 6345,2525 6435,2525 6524,2525 6614,2519 6703,2513"/>
                <TextEquiv>
                    <Unicode>Und so verlangt auch Leidenschaft nach dem</Unicode>
                </TextEquiv>
            </TextLine>
            <TextLine id="tr_1_tl_14" custom="readingOrder {index:13;}">
                <Coords points="4209,2800 6289,2777 6736,2707 6744,2576 4360,2623 4213,2700"/>
                <Baseline points="4232,2781 4244,2775 4333,2769 4423,2763 4512,2763 4602,2763 4691,2757 4781,2757 4871,2751 4960,2751 5050,2745 5139,2739 5229,2739 5318,2739 5408,2734 5497,2728 5587,2722 5676,2722 5766,2716 5856,2716 5945,2716 6035,2704 6124,2704 6214,2704 6303,2698 6393,2692 6482,2686 6572,2686 6661,2680 6751,2674"/>
                <TextEquiv>
                    <Unicode>Was ihr das Leben giebt. So schmachtet sie</Unicode>
                </TextEquiv>
            </TextLine>
            <TextLine id="tr_1_tl_15" custom="readingOrder {index:14;}">
                <Coords points="4225,2992 6774,2908 6782,2723 6316,2800 5758,2750 5111,2881 4760,2788 4229,2904"/>
                <Baseline points="4250,2948 4280,2942 4369,2936 4459,2936 4548,2930 4638,2930 4727,2925 4817,2925 4906,2925 4996,2913 5085,2913 5175,2907 5265,2907 5354,2901 5444,2895 5533,2895 5623,2895 5712,2883 5802,2883 5891,2883 5981,2877 6070,2871 6160,2865 6250,2859 6339,2859 6429,2853 6518,2847 6608,2847 6697,2841 6787,2841"/>
                <TextEquiv>
                    <Unicode>Nach Athem – windet bange in den Brust</Unicode>
                </TextEquiv>
            </TextLine>
            <TextLine id="tr_1_tl_16" custom="readingOrder {index:15;}">
                <Coords points="4236,3131 6659,3093 7017,3027 7021,2888 6451,2973 6054,2888 5819,3000 4240,2989"/>
                <Baseline points="4256,3116 4339,3110 4429,3104 4518,3098 4608,3098 4697,3092 4787,3092 4877,3092 4966,3086 5056,3086 5145,3080 5235,3074 5324,3074 5414,3068 5503,3062 5593,3062 5682,3056 5772,3050 5861,3044 5951,3044 6041,3038 6130,3032 6220,3020 6309,3020 6399,3020 6488,3014 6578,3014 6667,3008 6757,3008 6846,3002 6936,3002 7026,3008"/>
                <TextEquiv>
                    <Unicode>Der Menschen sich- nach Luft und Licht verlangend-</Unicode>
                </TextEquiv>
            </TextLine>
            <TextLine id="tr_1_tl_17" custom="readingOrder {index:16;}">
                <Coords points="4175,3327 4856,3362 5989,3227 6994,3301 7148,3247 7156,3073 6459,3139 6285,3042 6123,3139 4641,3223 4182,3131"/>
                <Baseline points="4196,3295 4208,3295 4298,3289 4387,3283 4477,3277 4566,3271 4656,3265 4745,3265 4835,3259 4924,3253 5014,3253 5103,3247 5193,3247 5282,3241 5372,3235 5462,3229 5551,3229 5641,3223 5730,3211 5820,3205 5909,3205 5999,3205 6088,3193 6178,3193 6267,3193 6357,3193 6447,3187 6536,3187 6626,3181 6715,3181 6805,3181 6894,3181 6984,3181 7073,3175 7163,3181"/>
                <TextEquiv>
                    <Unicode>Und endlich ist sie tot - Meilt hier begidius! (ab)</Unicode>
                </TextEquiv>
            </TextLine>
            <TextLine id="tr_1_tl_18" custom="readingOrder {index:17;}">
                <Coords points="5388,3412 5969,3381 6131,3412 6347,3366 6482,3397 6489,3281 6324,3254 5996,3324 5869,3258 5761,3304 5392,3297"/>
                <Baseline points="5408,3408 5420,3408 5509,3402 5599,3390 5688,3384 5778,3378 5867,3372 5957,3366 6047,3366 6136,3354 6226,3354 6315,3348 6405,3348 6494,3342"/>
                <TextEquiv>
                    <Unicode>Aegidius (allein)</Unicode>
                </TextEquiv>
            </TextLine>
            <TextLine id="tr_1_tl_19" custom="readingOrder {index:18;}">
                <Coords points="4190,3693 4941,3589 5107,3682 5311,3578 6582,3582 6589,3405 5326,3508 5215,3443 5018,3528 4198,3470"/>
                <Baseline points="4214,3605 4268,3599 4357,3599 4447,3599 4536,3599 4626,3587 4715,3587 4805,3581 4894,3581 4984,3575 5074,3569 5163,3569 5253,3563 5342,3557 5432,3557 5521,3551 5611,3539 5700,3539 5790,3539 5879,3533 5969,3527 6058,3521 6148,3521 6238,3516 6327,3516 6417,3504 6506,3498 6596,3492"/>
                <TextEquiv>
                    <Unicode>Gut Morgen, Heimalland. Melanch olie!</Unicode>
                </TextEquiv>
            </TextLine>
            <TextLine id="tr_1_tl_20" custom="readingOrder {index:19;}">
                <Coords points="4194,3871 5704,3736 6258,3778 6705,3709 6705,3628 6089,3578 5846,3659 5557,3601 5349,3705 4895,3620 4202,3709"/>
                <Baseline points="4220,3778 4292,3772 4381,3766 4471,3766 4560,3760 4650,3754 4739,3754 4829,3754 4918,3748 5008,3736 5097,3736 5187,3736 5276,3736 5366,3730 5456,3724 5545,3718 5635,3712 5724,3712 5814,3707 5903,3701 5993,3701 6082,3695 6172,3695 6261,3683 6351,3683 6441,3683 6530,3677 6620,3677 6709,3665"/>
                <TextEquiv>
                    <Unicode>Ich war auf Reisen, weit in schönen Ganen</Unicode>
                </TextEquiv>
            </TextLine>
            <TextLine id="tr_1_tl_21" custom="readingOrder {index:20;}">
                <Coords points="4179,3982 6693,3932 7263,3878 7271,3724 4182,3867"/>
                <Baseline points="4202,3951 4232,3951 4321,3945 4411,3939 4500,3933 4590,3927 4680,3921 4769,3921 4859,3909 4948,3904 5038,3898 5127,3898 5217,3898 5306,3898 5396,3892 5485,3886 5575,3880 5665,3874 5754,3874 5844,3868 5933,3868 6023,3862 6112,3856 6202,3856 6291,3850 6381,3844 6470,3844 6560,3844 6649,3832 6739,3832 6829,3832 6918,3826 7008,3826 7097,3820 7187,3820 7276,3808"/>
                <TextEquiv>
                    <Unicode>Und dacht“: Es giebt ein Glück! Ha! - Bin schon wieder</Unicode>
                </TextEquiv>
            </TextLine>
            <TextLine id="tr_1_tl_22" custom="readingOrder {index:21;}">
                <Coords points="4125,4209 6081,4044 6266,4155 6778,4071 6782,3951 6570,3886 6235,3978 5939,3886 5669,3990 4132,3998"/>
                <Baseline points="4148,4095 4196,4095 4286,4101 4375,4101 4465,4095 4554,4089 4644,4089 4733,4083 4823,4077 4912,4077 5002,4071 5091,4065 5181,4065 5271,4059 5360,4059 5450,4053 5539,4047 5629,4041 5718,4041 5808,4041 5897,4035 5987,4029 6076,4023 6166,4023 6255,4017 6345,4017 6435,4011 6524,4005 6614,4005 6703,4005 6793,3999"/>
                <TextEquiv>
                    <Unicode>Zurück im grauen Heim, im halbvergessnen,</Unicode>
                </TextEquiv>
            </TextLine>
            <TextLine id="tr_1_tl_23" custom="readingOrder {index:22;}">
                <Coords points="4159,4348 5253,4236 5523,4325 5719,4263 6131,4344 6201,4090 6089,4040 5342,4159 4937,4132 4583,4213 4402,4129 4167,4194"/>
                <Baseline points="4184,4268 4232,4268 4321,4268 4411,4268 4500,4262 4590,4256 4680,4256 4769,4250 4859,4244 4948,4238 5038,4232 5127,4232 5217,4226 5306,4220 5396,4220 5485,4214 5575,4208 5665,4202 5754,4202 5844,4196 5933,4190 6023,4190 6112,4184 6202,4184"/>
                <TextEquiv>
                    <Unicode>Und packe meine Selterheiten aus¬</Unicode>
                </TextEquiv>
            </TextLine>
        </TextRegion>
    </Page>
</PcGts>
