6167 3732
1355 1214 2725 1474 des Johannes. Vielleicht
1360 1411 2874 1674 weisen Sie ihm irgen eine
1335 1562 2899 1903 Stelle in Ihrem Arbeitszimmer
1364 1770 2885 2036 an. pas “Et verbum caro
1331 1959 2858 2228 factum est" hat der Buch¬
1343 2114 2838 2455 drucker durch grosse tothe
1290 2302 2768 2635 Lettern aus dem übrigen
1337 2547 2864 2819 ext hervorgehoben. Ihnen
1331 2731 2831 2952 sollen diese Worte nur eine
1312 2901 2887 3152 Erinnerung an das sein was
1337 3079 2827 3345 sich Ihnen bereits erfüllt
5266 378 5784 558 1 1 7 1/4, rue 1
3602 822 4530 1096 Wien am 14/1-1897.
3038 1341 4520 1670 Lieber sehr verehrter Herr Doktor;
3058 1656 4498 1930 Ihr Buch habe ich am Weih¬
3040 1895 4467 2173 nachtsabend erhalten, und
3028 2083 4534 2349 Sie wissen nicht, eine wie grosse
3011 2249 4510 2492 Freude Sie mir damit gemacht,
3013 2439 4440 2692 haben. Ich erinnerte mich
3003 2631 4547 2856 daß Sie einmal davon sprachen.
2983 2772 4504 3028 es mir zu senden, sobald die
3009 2944 4483 3232 neue Auflage erschienen wäre.
3015 3101 4361 3351 aber ich erwartete nicht.
