6167 3732
1499 1138 2996 1428 dass Sie flüchtige Worte, die
3231 1239 4578 1471 tas dachte ick das sie es
1491 1410 2928 1655 sie zu einem fast fremden
3200 1418 4667 1671 ja doch empfinden müssten
1471 1550 3067 1869 sprachen, so treu im Gedächtnis
3208 1546 4604 1832 wie schön mir nie reich Ihr
1491 1705 2475 1952 behalten würden.
3194 1729 4629 1958 Leben ist. Ich sende Ih¬
3186 1879 4578 2140 nen zugleich mit diesem
1477 1889 2948 2164 Ich selbst habe oft an die
3148 2031 4629 2285 Brief einen kleinen Rahmen
1455 2081 2950 2342 Nacht vor meiner Abreise von
3144 2198 4586 2441 der aus wertlosen Metall in
1443 2245 3012 2542 Kopenhagen denken müsten
3134 2394 4629 2616 Zimulich schlechtem Barock
1434 2451 2976 2681 Was Sie damals sprachen war
3140 2544 4485 2770 gearbeitet ist. Er stand
1455 2622 3031 2841 so traurig, aber Ihre Stimme
3138 2730 4570 2936 lange in einer Kirche im
1432 2776 2952 3037 und Ihre Augen waren noch
1402 2934 2875 3192 Viel trauriger. Wie ich
3099 2901 4663 3158 Salzburgischen und umrahmt
1422 3057 2889 3346 aber jetzt wieder Ihr Buch
3087 3069 4673 3368 den Anfang des Evangeliums
