6184 3732
3467 237 4390 522 Sanreuio 22/11 1900
3852 405 4024 535 1 7
2764 330 3214 541 Monsieur d'après dans le dernier
2122 431 3619 674 Sehr verehrter, Lieber Herr Doktor.
1960 735 4361 956 Ich schicke Ihnen meinneues Buch, und bitte
1788 810 3749 1153 Sie hich nicht verpflichtet zu fühlen:
1882 1008 3707 1299 I. Mir den Empfang anzuzeigen.
1831 1192 3146 1439 II. Es sofort zu lesen,
1808 1361 4355 1594 III. Mir etwas darüber zu schreiben, oder zu sagen,
1831 1542 4416 1795 Nehmen Sie es lieber, gelegentlich einer langen
1850 1711 4368 1983 Bahn = oder Schiffsfahrt mit Siek, und ver¬
1805 1857 3720 2087 suchen Sie dann darin zu lesen.
1808 2051 4361 2271 Ich bin hier mit meiner Frau, und meiner
1782 2193 4387 2417 älteren Tochter - woraus Sie entnehmen, daß
1811 2320 4364 2527 ich noch ein jüngere habe - Naëmah heisst
1831 2430 4303 2683 sie - die in Wien geblieben ist. Der Arzt
1805 2595 4371 2825 hat meine Frau, auf ein paar Wochen nach
1811 2738 4342 3000 dem Seiden geschickt; der soll ihr mehr
1853 2880 2657 3114 Blut geben.
1844 3016 4306 3308 Von Frau Professor Döppler, die ich hier traf,
