6184 3732
1848 254 4292 531 habe ich erfahren, dass Sie anfangs März
4466 331 4702 499 V. P.
5405 245 5583 534 P.S.
1839 436 4368 627 nach Wien kommen. Vielleicht können auch
1842 604 4393 776 wir schon gegen Mitte des Monats zurück
1867 706 4422 926 sem. Ich würde mich sehr freuen Sie wieder
1858 881 4416 1120 zu sehen. Sie bemerken, hieber Herr Doktor,
1883 1053 4361 1276 dass man für Empfindungen nur die¬
1883 1199 4384 1447 selben Worte zur Verfügung hat, wie für
1851 1400 3407 1638 Hoflichkeitshrasen.
1912 1543 4152 1801 Ich, grüsse Sie herzlich und bin¬
2733 1715 4346 2074 Ihr aufrichtig ergebener
2752 2014 4346 2402 Richard Beer-Hopmanns,
