4072 5016
658 236 1268 360 Dr. Arttsur Schnitzler
885 303 1800 438 mit anheichtig sezlichem Dank
2420 385 3508 513 Aufruf für Arno Holz!
2432 528 3593 632 Arno Holz, der am 26. d. Mts. 50 Jahre alt
2318 636 3583 698 wird, erzählt im Vorwort zu seiner letzten, eben
2318 686 3579 773 erschienenen Tragödie „ignorabimus“, dass er
2328 752 3590 840 „heute noch immer buchstäblich in einer Dach¬
2318 813 3583 911 bude hockt". Es ergreift und beschämt uns,
2318 910 3591 967 einen um das deutsche Schrifttum der letzten
2325 977 3590 1043 dreissig Jahre im höchsten Grade verdienten,
2325 1036 3585 1121 schon um der Reinheit seines nur der Kunst er¬
2337 1095 3590 1192 gebenen Strebens willen bewunderungswürdigen
2330 1183 3604 1268 Dichter in Not zu wissen. Wir fordern die Nation
2337 1230 3602 1327 auf, diese Schuld durch eine Ehrenspende zu
2330 1301 3586 1391 tilgen, und eröffnen hiermit die Sammlung. Bei¬
2328 1379 3595 1476 träge wolle man an die Leitung des „Kunstwarts“
2330 1469 3023 1558 Dresden-Blasewitz, richten.
2384 1554 3553 1644 Hermann Bahr. Hans Baluschek. Prof. Peter Behrens.
2481 1641 3468 1701 Dr. Georg Brandes. Prof. Dr. Collin (Giessen).
2552 1700 3392 1757 Dr. Richard Dehmel. Dr. hudwig Fulda.
2438 1750 3489 1824 Geh. Bofrat Prof. Dr. Ing. h. c. Cornelius Gurlitt.
2557 1804 3356 1871 Maximilian Barden. Dr. Georg Hirth.
2474 1862 3467 1927 General-Intendant Graf von Bülsen-Baeseler, Exz.
2436 1914 3494 1999 Dr. O. E. bessing, Prof. an der Universität Ullinois.
2337 1972 3607 2043 Prof. Dr. Alfred hichtwark. Prof. Dr, h. c. Max Hiebermann.
2325 2024 3633 2107 Dr. Paul hindau. Prof. Dr. Ernst mach (Wien). Heinrich Mann.
2283 2098 3675 2174 Thomas Mann. Intendant Kurt von Mutzenbecher, Kgl. Kammerherr.
2581 2150 3345 2214 Prof. Dr. Franz Muncker (München).
2557 2197 3382 2275 Dr. ing. G. Reg.-R. Hermann Muthesius
2557 2264 3382 2330 Geh. Hofrat Prof. Dr. Wilhelm Ostwald.
2552 2318 3392 2393 General-Intendant Baron von Putlitz, Exz.
2396 2372 3553 2448 Bürgermeister Dr. Georg Reicke. Dr. Arthur Schnitzler.
2533 2432 3418 2505 Dr. Franz Serpaes. Hermann Sudermann.
2313 2476 3645 2564 Geh. Rat Prof. Dr. Henry Thode. Prof, Dr. h. c. Hans Thoma.
2427 2557 3524 2642 Prof. Dr. Ferdinand Vetter (Bern). Siegfried Wagner.
2677 2602 3283 2691 Prof. Dr. Eugen Wolff (Kiel.)
837 2564 1407 2706 Amoltolz
2791 2952 3243 3061 peaproue of
3418 2912 3680 3041 S06:32
2815 3051 3323 3186 Gelowolo£A of
3411 3068 3631 3181 Soo '6
3434 3198 3617 3328 G.F.P.
1736 4628 2164 4896 Amottols
