<?xml version="1.0" encoding="UTF-8" standalone="yes"?>
<PcGts xmlns="http://schema.primaresearch.org/PAGE/gts/pagecontent/2013-07-15" xmlns:xsi="http://www.w3.org/2001/XMLSchema-instance" xsi:schemaLocation="http://schema.primaresearch.org/PAGE/gts/pagecontent/2013-07-15 http://schema.primaresearch.org/PAGE/gts/pagecontent/2013-07-15/pagecontent.xsd">
    <Metadata>
        <Creator>prov=READ-COOP:name=TrHtr:version=2.1.0:model_id=51170:date=15_08_2023_06:21</Creator>
        <Created>2023-05-10T15:33:44.204+02:00</Created>
        <LastChange>2023-08-15T06:21:00.190+02:00</LastChange>
        <TranskribusMetadata docId="1428921" pageId="55434299" pageNr="11" tsid="132841041" status="IN_PROGRESS" userId="64420" imgUrl="https://files.transkribus.eu/Get?id=RKITUZRQRQNYNGGXQQZGVRXI&amp;fileType=view" xmlUrl="https://files.transkribus.eu/Get?id=YPMLRGRYYEBKCQDRQYNBMOQG" imageId="44708289"/>
    </Metadata>
    <Page imageFilename="1428921_0011.jpg" imageWidth="3560" imageHeight="4216">
        <ReadingOrder>
            <OrderedGroup id="ro_1711801556635" caption="Regions reading order">
                <RegionRefIndexed index="0" regionRef="tr_2"/>
                <RegionRefIndexed index="1" regionRef="tr_1"/>
            </OrderedGroup>
        </ReadingOrder>
        <TextRegion id="tr_2" custom="readingOrder {index:0;}">
            <Coords points="719,368 3350,368 3350,1726 719,1726"/>
            <TextLine id="tr_2_tl_1" custom="readingOrder {index:0;}">
                <Coords points="1228,505 1256,505 1291,473 1399,487 1430,477 1448,494 1462,480 1500,480 1514,494 1573,484 1569,338 1500,348 1423,310 1406,320 1382,306 1274,334 1225,331"/>
                <Baseline points="1245,421 1289,421 1334,418 1379,423 1424,426 1469,426 1513,426 1558,426 1573,426"/>
                <TextEquiv>
                    <Unicode>Olga</Unicode>
                </TextEquiv>
            </TextLine>
            <TextLine id="tr_2_tl_2" custom="readingOrder {index:1;}">
                <Coords points="773,592 1072,612 1159,567 1284,637 1444,581 2318,599 2318,539 2220,508 1942,522 1817,456 1215,519 773,449"/>
                <Baseline points="791,558 836,558 880,561 925,564 970,567 1015,570 1059,570 1104,567 1149,567 1194,564 1239,567 1283,567 1328,564 1373,567 1418,567 1463,567 1507,567 1552,567 1597,567 1642,564 1686,564 1731,564 1776,567 1821,567 1866,570 1910,573 1955,576 2000,573 2045,573 2090,573 2134,573 2179,570 2224,567 2269,570 2314,573 2322,570"/>
                <TextEquiv>
                    <Unicode>le soir. Elle est délicieuse.</Unicode>
                </TextEquiv>
            </TextLine>
            <TextLine id="tr_2_tl_3" custom="readingOrder {index:2;}">
                <Coords points="1302,738 1420,717 1451,738 1476,710 1563,734 1653,720 1702,741 1702,633 1681,640 1636,619 1569,637 1538,619 1482,661 1361,588 1302,599"/>
                <Baseline points="1319,704 1364,701 1409,704 1454,707 1498,707 1543,710 1588,707 1633,707 1678,707 1710,707"/>
                <TextEquiv>
                    <Unicode>Robert</Unicode>
                </TextEquiv>
            </TextLine>
            <TextLine id="tr_2_tl_4" custom="readingOrder {index:3;}">
                <Coords points="759,880 1726,936 1914,863 2206,943 3017,884 2975,769 2342,811 2172,713 1315,814 1187,738 755,745"/>
                <Baseline points="779,847 824,847 868,844 913,844 958,847 1003,847 1048,850 1092,853 1137,856 1182,853 1227,853 1271,856 1316,856 1361,856 1406,856 1451,856 1495,856 1540,859 1585,856 1630,853 1675,853 1719,853 1764,853 1809,850 1854,850 1898,853 1943,853 1988,856 2033,856 2078,853 2122,853 2167,853 2212,853 2257,853 2302,856 2346,856 2391,856 2436,859 2481,856 2526,856 2570,859 2615,859 2660,862 2705,862 2749,862 2794,865 2839,865 2884,865 2929,865 2973,862 3018,865 3021,865"/>
                <TextEquiv>
                    <Unicode>votre jardin est si calme. Je ne me</Unicode>
                </TextEquiv>
            </TextLine>
            <TextLine id="tr_2_tl_5" custom="readingOrder {index:4;}">
                <Coords points="752,1027 971,1041 1145,1117 1315,1107 1448,1016 1681,1079 2043,1068 2039,933 748,954"/>
                <Baseline points="770,1000 815,1000 859,1000 904,1003 949,1003 994,1003 1039,1000 1083,1003 1128,1003 1173,1003 1218,1000 1263,1000 1307,1003 1352,1003 1397,1003 1442,1006 1486,1006 1531,1006 1576,1006 1621,1006 1666,1009 1710,1009 1755,1003 1800,1006 1845,1006 1890,1009 1934,1012 1979,1012 2024,1015 2051,1018"/>
                <TextEquiv>
                    <Unicode>repuse que chez vous.</Unicode>
                </TextEquiv>
            </TextLine>
            <TextLine id="tr_2_tl_6" custom="readingOrder {index:5;}">
                <Coords points="1357,1152 1413,1176 1469,1159 1486,1176 1528,1166 1549,1183 1587,1173 1608,1148 1646,1169 1695,1155 1691,1072 1660,1068 1650,1079 1573,1034 1528,1051 1514,1044 1496,1061 1430,1030 1354,1058"/>
                <Baseline points="1376,1134 1421,1137 1466,1143 1510,1146 1555,1146 1600,1146 1645,1149 1689,1146 1704,1146"/>
                <TextEquiv>
                    <Unicode>al ye</Unicode>
                </TextEquiv>
            </TextLine>
            <TextLine id="tr_2_tl_7" custom="readingOrder {index:6;}">
                <Coords points="703,1298 3344,1364 3344,1239 2975,1187 703,1194"/>
                <Baseline points="722,1274 767,1277 812,1280 856,1283 901,1283 946,1286 991,1286 1036,1289 1080,1289 1125,1289 1170,1289 1215,1292 1260,1286 1304,1289 1349,1289 1394,1289 1439,1289 1483,1292 1528,1292 1573,1292 1618,1292 1663,1289 1707,1286 1752,1286 1797,1289 1842,1289 1887,1289 1931,1289 1976,1292 2021,1292 2066,1289 2110,1286 2155,1283 2200,1286 2245,1286 2290,1283 2334,1286 2379,1286 2424,1286 2469,1289 2514,1289 2558,1289 2603,1292 2648,1289 2693,1286 2738,1289 2782,1292 2827,1286 2872,1289 2917,1292 2961,1292 3006,1292 3051,1289 3096,1289 3141,1286 3185,1286 3230,1286 3275,1283 3320,1286 3350,1289"/>
                <TextEquiv>
                    <Unicode>n'est-ce pas? (tendrement) C'est pourquoi</Unicode>
                </TextEquiv>
            </TextLine>
            <TextLine id="tr_2_tl_8" custom="readingOrder {index:7;}">
                <Coords points="699,1462 3028,1479 3129,1402 703,1319"/>
                <Baseline points="719,1430 764,1430 809,1430 853,1436 898,1430 943,1427 988,1430 1033,1430 1077,1433 1122,1433 1167,1433 1212,1433 1257,1436 1301,1436 1346,1433 1391,1433 1436,1433 1480,1433 1525,1430 1570,1430 1615,1430 1660,1430 1704,1430 1749,1430 1794,1430 1839,1433 1884,1430 1928,1430 1973,1430 2018,1430 2063,1430 2108,1427 2152,1427 2197,1430 2242,1430 2287,1427 2331,1424 2376,1427 2421,1427 2466,1427 2511,1427 2555,1427 2600,1430 2645,1430 2690,1430 2735,1430 2779,1430 2824,1430 2869,1430 2914,1430 2958,1433 3003,1433 3048,1430 3093,1430 3132,1430"/>
                <TextEquiv>
                    <Unicode>il faut bientôt venir nous voir..</Unicode>
                </TextEquiv>
            </TextLine>
            <TextLine id="tr_2_tl_9" custom="readingOrder {index:8;}">
                <Coords points="706,1615 3104,1594 2906,1455 2109,1556 1629,1441 1371,1549 706,1496"/>
                <Baseline points="725,1564 770,1570 815,1573 859,1573 904,1573 949,1576 994,1579 1039,1579 1083,1576 1128,1576 1173,1576 1218,1576 1263,1579 1307,1582 1352,1579 1397,1579 1442,1576 1486,1576 1531,1576 1576,1573 1621,1573 1666,1573 1710,1573 1755,1573 1800,1573 1845,1573 1890,1573 1934,1573 1979,1573 2024,1579 2069,1579 2113,1579 2158,1579 2203,1576 2248,1576 2293,1573 2337,1576 2382,1576 2427,1576 2472,1573 2517,1576 2561,1576 2606,1576 2651,1576 2696,1576 2740,1579 2785,1579 2830,1579 2875,1579 2920,1579 2964,1576 3009,1579 3054,1579 3099,1576 3111,1573"/>
                <TextEquiv>
                    <Unicode>Vous vous y trouverez mieux qu'ici?</Unicode>
                </TextEquiv>
            </TextLine>
            <TextLine id="tr_2_tl_10" custom="readingOrder {index:9;}">
                <Coords points="1298,1792 1413,1785 1434,1806 1510,1806 1542,1782 1563,1792 1625,1764 1723,1761 1723,1639 1646,1625 1604,1643 1569,1611 1489,1650 1472,1636 1430,1653 1392,1629 1298,1650"/>
                <Baseline points="1316,1713 1328,1710 1373,1713 1418,1716 1463,1716 1507,1716 1552,1716 1597,1716 1642,1713 1686,1713 1731,1710"/>
                <TextEquiv>
                    <Unicode>Robert</Unicode>
                </TextEquiv>
            </TextLine>
        </TextRegion>
        <TextRegion id="tr_1" custom="readingOrder {index:1;}">
            <Coords points="653,1798 3451,1798 3451,3927 653,3927"/>
            <TextLine id="tr_1_tl_1" custom="readingOrder {index:0;}">
                <Coords points="686,1907 3344,1921 3341,1820 3115,1771 2819,1837 1963,1730 1326,1827 682,1761"/>
                <Baseline points="701,1848 746,1854 791,1860 836,1860 880,1863 925,1866 970,1863 1015,1866 1059,1863 1104,1863 1149,1866 1194,1866 1239,1866 1283,1869 1328,1869 1373,1866 1418,1866 1463,1866 1507,1863 1552,1860 1597,1860 1642,1860 1686,1860 1731,1860 1776,1860 1821,1860 1866,1866 1910,1866 1955,1866 2000,1863 2045,1863 2090,1863 2134,1866 2179,1869 2224,1869 2269,1866 2314,1866 2358,1869 2403,1869 2448,1869 2493,1866 2537,1866 2582,1863 2627,1863 2672,1863 2717,1866 2761,1869 2806,1866 2851,1866 2896,1872 2941,1875 2985,1872 3030,1878 3075,1872 3120,1869 3164,1872 3209,1872 3254,1872 3299,1878 3344,1884 3350,1884"/>
                <TextEquiv>
                    <Unicode>c'est bien possible. (Il l'examine, puis se</Unicode>
                </TextEquiv>
            </TextLine>
            <TextLine id="tr_1_tl_2" custom="readingOrder {index:1;}">
                <Coords points="682,2011 1569,2098 1855,2022 2025,2095 2217,2022 3369,2060 3369,1945 3226,1924 682,1907"/>
                <Baseline points="701,2006 746,2006 791,2006 836,2006 880,2006 925,2006 970,2003 1015,2006 1059,2006 1104,2006 1149,2006 1194,2006 1239,2009 1283,2009 1328,2012 1373,2012 1418,2009 1463,2006 1507,2006 1552,2003 1597,2000 1642,2006 1686,2003 1731,2003 1776,2006 1821,2006 1866,2009 1910,2012 1955,2012 2000,2012 2045,2012 2090,2018 2134,2015 2179,2012 2224,2012 2269,2009 2314,2009 2358,2015 2403,2015 2448,2012 2493,2015 2537,2015 2582,2015 2627,2015 2672,2009 2717,2006 2761,2006 2806,2009 2851,2012 2896,2012 2941,2012 2985,2012 3030,2012 3075,2015 3120,2012 3164,2012 3209,2012 3254,2012 3299,2015 3344,2015 3376,2021"/>
                <TextEquiv>
                    <Unicode>tourne vers le fond) Voyez-vous, c'est là que</Unicode>
                </TextEquiv>
            </TextLine>
            <TextLine id="tr_1_tl_3" custom="readingOrder {index:2;}">
                <Coords points="703,2210 1047,2245 1190,2175 1482,2175 1524,2210 1556,2185 1681,2217 1681,2102 1566,2102 1368,2018 703,2022"/>
                <Baseline points="722,2146 767,2149 812,2152 856,2152 901,2152 946,2155 991,2155 1036,2152 1080,2152 1125,2152 1170,2149 1215,2149 1260,2152 1304,2152 1349,2152 1394,2152 1439,2149 1483,2152 1528,2152 1573,2152 1618,2149 1663,2155 1689,2155"/>
                <TextEquiv>
                    <Unicode>nous finissons.</Unicode>
                </TextEquiv>
            </TextLine>
            <TextLine id="tr_1_tl_4" custom="readingOrder {index:3;}">
                <Coords points="1253,2346 3348,2366 3348,2220 1928,2262 1726,2178 1517,2245 1253,2189"/>
                <Baseline points="1271,2296 1316,2299 1361,2296 1406,2299 1451,2299 1495,2299 1540,2302 1585,2302 1630,2305 1675,2305 1719,2305 1764,2305 1809,2305 1854,2305 1898,2305 1943,2302 1988,2302 2033,2302 2078,2302 2122,2305 2167,2302 2212,2302 2257,2302 2302,2302 2346,2302 2391,2302 2436,2302 2481,2302 2526,2302 2570,2305 2615,2305 2660,2308 2705,2308 2749,2308 2794,2311 2839,2308 2884,2311 2929,2308 2973,2308 3018,2311 3063,2311 3108,2314 3153,2314 3197,2314 3242,2314 3287,2311 3332,2308 3356,2305"/>
                <TextEquiv>
                    <Unicode>(Olga fait un signe d'assentiment)</Unicode>
                </TextEquiv>
            </TextLine>
            <TextLine id="tr_1_tl_5" custom="readingOrder {index:4;}">
                <Coords points="1357,2450 1448,2450 1465,2467 1528,2450 1563,2467 1681,2446 1719,2460 1782,2450 1778,2373 1733,2363 1688,2394 1653,2391 1573,2339 1489,2391 1444,2352 1427,2363 1354,2352"/>
                <Baseline points="1373,2436 1418,2433 1463,2436 1507,2436 1552,2439 1597,2439 1642,2439 1686,2439 1731,2436 1776,2439 1788,2439"/>
                <TextEquiv>
                    <Unicode>Robert</Unicode>
                </TextEquiv>
            </TextLine>
            <TextLine id="tr_1_tl_6" custom="readingOrder {index:5;}">
                <Coords points="647,2631 3445,2631 3445,2523 3247,2474 647,2506"/>
                <Baseline points="668,2588 713,2591 758,2594 803,2591 847,2594 892,2594 937,2597 982,2597 1027,2597 1071,2597 1116,2594 1161,2594 1206,2594 1251,2597 1295,2594 1340,2591 1385,2591 1430,2591 1475,2594 1519,2591 1564,2591 1609,2591 1654,2591 1698,2588 1743,2591 1788,2588 1833,2588 1878,2594 1922,2594 1967,2594 2012,2591 2057,2591 2102,2594 2146,2594 2191,2594 2236,2588 2281,2591 2325,2591 2370,2588 2415,2591 2460,2594 2505,2594 2549,2594 2594,2597 2639,2594 2684,2597 2729,2597 2773,2597 2818,2594 2863,2594 2908,2594 2952,2594 2997,2594 3042,2591 3087,2591 3132,2591 3176,2588 3221,2591 3266,2594 3311,2594 3356,2594 3400,2597 3445,2600 3451,2603"/>
                <TextEquiv>
                    <Unicode>Pourrait-on croire qu'il n'y a que quelques</Unicode>
                </TextEquiv>
            </TextLine>
            <TextLine id="tr_1_tl_7" custom="readingOrder {index:6;}">
                <Coords points="651,2774 3355,2784 3355,2669 2826,2687 2662,2603 2471,2707 651,2631"/>
                <Baseline points="671,2732 716,2726 761,2732 806,2735 850,2738 895,2738 940,2740 985,2738 1030,2735 1074,2735 1119,2738 1164,2738 1209,2738 1254,2738 1298,2738 1343,2738 1388,2740 1433,2735 1477,2738 1522,2740 1567,2743 1612,2738 1657,2740 1701,2740 1746,2743 1791,2740 1836,2740 1881,2740 1925,2740 1970,2743 2015,2743 2060,2743 2105,2740 2149,2743 2194,2743 2239,2740 2284,2743 2328,2743 2373,2740 2418,2740 2463,2740 2508,2740 2552,2738 2597,2738 2642,2740 2687,2735 2732,2735 2776,2738 2821,2740 2866,2738 2911,2738 2955,2738 3000,2738 3045,2738 3090,2740 3135,2740 3179,2740 3224,2740 3269,2743 3314,2746 3359,2752 3362,2752"/>
                <TextEquiv>
                    <Unicode>heures... Et pouvez. vous vous figurer que</Unicode>
                </TextEquiv>
            </TextLine>
            <TextLine id="tr_1_tl_8" custom="readingOrder {index:7;}">
                <Coords points="651,2909 2032,2888 2457,2975 3240,2892 3125,2770 2655,2854 2276,2763 2067,2850 1872,2760 1521,2836 651,2774"/>
                <Baseline points="671,2866 716,2875 761,2878 806,2881 850,2884 895,2884 940,2881 985,2884 1030,2884 1074,2884 1119,2884 1164,2884 1209,2887 1254,2887 1298,2887 1343,2887 1388,2890 1433,2890 1477,2890 1522,2890 1567,2890 1612,2887 1657,2887 1701,2887 1746,2887 1791,2887 1836,2887 1881,2887 1925,2884 1970,2887 2015,2887 2060,2887 2105,2887 2149,2887 2194,2887 2239,2884 2284,2887 2328,2884 2373,2884 2418,2884 2463,2884 2508,2881 2552,2881 2597,2887 2642,2884 2687,2881 2732,2881 2776,2881 2821,2884 2866,2878 2911,2878 2955,2878 3000,2878 3045,2878 3090,2878 3135,2878 3179,2878 3224,2881 3245,2878"/>
                <TextEquiv>
                    <Unicode>là, derrière ce chemin sombre, le soleil</Unicode>
                </TextEquiv>
            </TextLine>
            <TextLine id="tr_1_tl_9" custom="readingOrder {index:8;}">
                <Coords points="665,3035 2043,3129 2224,3038 2384,3125 2634,3042 3341,3069 3341,2961 3104,2934 665,2968"/>
                <Baseline points="683,3021 728,3024 773,3027 818,3027 862,3027 907,3024 952,3024 997,3027 1042,3027 1086,3024 1131,3024 1176,3024 1221,3021 1265,3021 1310,3021 1355,3024 1400,3027 1445,3027 1489,3027 1534,3027 1579,3027 1624,3024 1669,3024 1713,3027 1758,3030 1803,3033 1848,3033 1893,3033 1937,3030 1982,3030 2027,3030 2072,3030 2116,3030 2161,3030 2206,3030 2251,3030 2296,3030 2340,3027 2385,3027 2430,3030 2475,3030 2520,3030 2564,3030 2609,3030 2654,3030 2699,3030 2743,3033 2788,3033 2833,3033 2878,3030 2923,3027 2967,3030 3012,3030 3057,3030 3102,3027 3147,3027 3191,3027 3236,3027 3281,3027 3326,3027 3347,3033"/>
                <TextEquiv>
                    <Unicode>s'est couché. (un temps) quand je ferme</Unicode>
                </TextEquiv>
            </TextLine>
            <TextLine id="tr_1_tl_10" custom="readingOrder {index:9;}">
                <Coords points="647,3195 3202,3219 3080,3087 1817,3146 647,3066"/>
                <Baseline points="665,3173 710,3173 755,3170 800,3170 844,3170 889,3170 934,3170 979,3170 1024,3173 1068,3176 1113,3176 1158,3173 1203,3176 1248,3173 1292,3173 1337,3173 1382,3173 1427,3173 1472,3173 1516,3176 1561,3176 1606,3176 1651,3179 1695,3179 1740,3182 1785,3182 1830,3182 1875,3182 1919,3182 1964,3182 2009,3182 2054,3182 2099,3179 2143,3179 2188,3176 2233,3176 2278,3182 2322,3182 2367,3182 2412,3182 2457,3182 2502,3179 2546,3179 2591,3179 2636,3176 2681,3176 2726,3179 2770,3179 2815,3179 2860,3179 2905,3179 2950,3179 2994,3176 3039,3176 3084,3173 3129,3176 3173,3170 3206,3176"/>
                <TextEquiv>
                    <Unicode>les yeux, vuisquement à la</Unicode>
                </TextEquiv>
            </TextLine>
            <TextLine id="tr_1_tl_11" custom="readingOrder {index:10;}">
                <Coords points="658,3365 3410,3355 3410,3243 3285,3226 2419,3212 2147,3299 658,3212"/>
                <Baseline points="677,3320 722,3320 767,3317 812,3317 856,3320 901,3320 946,3317 991,3317 1036,3320 1080,3320 1125,3320 1170,3320 1215,3320 1260,3323 1304,3323 1349,3323 1394,3320 1439,3320 1483,3320 1528,3317 1573,3317 1618,3320 1663,3320 1707,3323 1752,3323 1797,3323 1842,3323 1887,3326 1931,3326 1976,3326 2021,3323 2066,3320 2110,3323 2155,3323 2200,3326 2245,3326 2290,3323 2334,3323 2379,3320 2424,3323 2469,3323 2514,3323 2558,3323 2603,3323 2648,3323 2693,3326 2738,3329 2782,3329 2827,3326 2872,3329 2917,3329 2961,3326 3006,3329 3051,3329 3096,3329 3141,3329 3185,3329 3230,3332 3275,3332 3320,3335 3365,3335 3409,3341 3418,3341"/>
                <TextEquiv>
                    <Unicode>de nouveau, Etrange? J'entends même</Unicode>
                </TextEquiv>
            </TextLine>
            <TextLine id="tr_1_tl_12" custom="readingOrder {index:11;}">
                <Coords points="665,3470 1702,3529 1921,3473 2025,3557 2095,3504 2586,3560 2662,3522 2662,3403 661,3365"/>
                <Baseline points="683,3460 728,3460 773,3463 818,3466 862,3466 907,3466 952,3466 997,3466 1042,3463 1086,3466 1131,3466 1176,3466 1221,3469 1265,3469 1310,3472 1355,3472 1400,3472 1445,3472 1489,3472 1534,3469 1579,3466 1624,3469 1669,3469 1713,3469 1758,3469 1803,3472 1848,3472 1893,3475 1937,3469 1982,3469 2027,3469 2072,3472 2116,3472 2161,3475 2206,3475 2251,3475 2296,3475 2340,3475 2385,3478 2430,3478 2475,3478 2520,3481 2564,3484 2609,3484 2654,3484 2668,3483"/>
                <TextEquiv>
                    <Unicode>souler les noitures. (un temps</Unicode>
                </TextEquiv>
            </TextLine>
            <TextLine id="tr_1_tl_13" custom="readingOrder {index:12;}">
                <Coords points="2707,3525 2756,3536 2794,3515 2871,3543 2993,3511 3087,3511 3122,3532 3160,3511 3202,3522 3205,3348 3066,3386 3031,3358 2989,3379 2965,3355 2815,3337 2756,3379 2711,3376"/>
                <Baseline points="2726,3474 2773,3496 2818,3478 2863,3475 2908,3472 2952,3475 2997,3475 3042,3469 3087,3469 3132,3472 3176,3472 3209,3475"/>
                <TextEquiv>
                    <Unicode>Ie est</Unicode>
                </TextEquiv>
            </TextLine>
            <TextLine id="tr_1_tl_14" custom="readingOrder {index:13;}">
                <Coords points="640,3644 905,3727 3247,3654 3247,3553 3000,3511 640,3560"/>
                <Baseline points="659,3603 704,3603 749,3609 794,3609 839,3615 883,3615 928,3612 973,3612 1018,3612 1062,3612 1107,3609 1152,3612 1197,3612 1242,3612 1286,3615 1331,3615 1376,3615 1421,3615 1466,3618 1510,3612 1555,3612 1600,3612 1645,3612 1689,3612 1734,3612 1779,3615 1824,3615 1869,3612 1913,3615 1958,3612 2003,3615 2048,3615 2093,3612 2137,3615 2182,3615 2227,3618 2272,3618 2317,3618 2361,3618 2406,3621 2451,3624 2496,3624 2540,3624 2585,3624 2630,3627 2675,3618 2720,3624 2764,3618 2809,3615 2854,3612 2899,3606 2944,3606 2988,3609 3033,3609 3078,3609 3123,3609 3167,3609 3212,3612 3257,3609"/>
                <TextEquiv>
                    <Unicode>très neveux et parle distraitement) Vous</Unicode>
                </TextEquiv>
            </TextLine>
            <TextLine id="tr_1_tl_15" custom="readingOrder {index:14;}">
                <Coords points="640,3762 1594,3863 1987,3762 3275,3769 3115,3671 640,3689"/>
                <Baseline points="660,3754 707,3753 752,3753 797,3759 842,3759 886,3759 931,3759 976,3759 1021,3759 1065,3756 1110,3759 1155,3759 1200,3759 1245,3759 1289,3759 1334,3759 1379,3759 1424,3759 1469,3762 1513,3762 1558,3762 1603,3762 1648,3762 1692,3759 1737,3759 1782,3759 1827,3756 1872,3759 1916,3759 1961,3759 2006,3759 2051,3759 2096,3759 2140,3759 2185,3756 2230,3759 2275,3759 2319,3762 2364,3759 2409,3759 2454,3759 2499,3759 2543,3759 2588,3759 2633,3759 2678,3759 2723,3759 2767,3759 2812,3762 2857,3762 2902,3765 2947,3768 2991,3768 3036,3768 3081,3768 3126,3768 3170,3765 3215,3762 3260,3765 3284,3765"/>
                <TextEquiv>
                    <Unicode>avez raison, il y avait un monde extra¬</Unicode>
                </TextEquiv>
            </TextLine>
            <TextLine id="tr_1_tl_16" custom="readingOrder {index:15;}">
                <Coords points="633,3936 2955,3978 3309,3932 3309,3811 633,3852"/>
                <Baseline points="653,3902 698,3899 743,3899 788,3902 833,3902 877,3902 922,3899 967,3902 1012,3905 1056,3905 1101,3905 1146,3905 1191,3908 1236,3911 1280,3911 1325,3905 1370,3905 1415,3905 1460,3905 1504,3908 1549,3908 1594,3905 1639,3902 1684,3902 1728,3902 1773,3899 1818,3899 1863,3899 1907,3899 1952,3899 1997,3899 2042,3902 2087,3905 2131,3902 2176,3905 2221,3905 2266,3908 2311,3908 2355,3911 2400,3908 2445,3908 2490,3911 2534,3908 2579,3905 2624,3905 2669,3905 2714,3905 2758,3905 2803,3908 2848,3911 2893,3911 2938,3914 2982,3911 3027,3905 3072,3908 3117,3911 3162,3911 3206,3911 3251,3908 3296,3911 3314,3917"/>
                <TextEquiv>
                    <Unicode>ordinaire. Quand on songe que ces gens.</Unicode>
                </TextEquiv>
            </TextLine>
        </TextRegion>
    </Page>
</PcGts>
