3560 4264
737 289 3312 454 Elle vous en a racrute plus que vous ne m'en
733 474 3259 622 direz. Ce n'est pas à cause de moi qu'il
747 572 3131 786 faut écaster des lettres. Il n'y a pour
753 789 3003 898 moi ni surprises, ni découvestes. que
747 901 3312 1046 voulez-vous donc? Vous êtes réellement
743 1059 3328 1204 touchante. Vous voulez me laisser dans
770 1204 3016 1345 une erreur, m'entourer d'une crreur
763 1302 3197 1457 Dans laquelle je n'ai jamais été pris.
760 1460 3049 1651 Je sais que j'avais perdu Eveline
750 1588 2888 1783 depuis congtemps, longtemps.
1546 1786 2950 1947 (tonjours plus neveux)
1638 1852 3137 2075 vous que je me suis
1375 1891 1602 1986 ens ez
1447 1977 1598 2078 In
776 1894 1365 2072 an bien!
779 2000 3230 2243 figure qu'Eveline s'était retirée de
779 2167 3121 2332 l'existence quand nous nous sommes
770 2325 3358 2516 séparés? qu'elle était devenue brusque
766 2470 3272 2621 ment une vieille femme parce qu'elle
756 2595 3108 2779 m'avait quitté ou que je l'avais
796 2792 3036 2950 quittée! jamais je n'ai cru cela.
1493 2930 1628 3055 O
1056 2970 1329 3141 Robert
717 3068 3276 3256 mais je ne saisis pas du tout comment
770 3220 3420 3447 vous en arrivez à de telles suppositions
1536 3361 1674 3503 the
763 3433 3243 3660 de sais de qui sont ces lettres, ce ne
760 3657 3266 3858 soit pas les votres. Je sais qu'il y a
