3512 4216
785 267 2498 467 comme dans notre cas...
1646 435 3028 585 Roulément de voiture
798 632 3244 778 Coust silence. Olga très unue. Robert
820 740 3123 871 calme avec intention.. il continue
823 931 3295 1036 et c'est alors une noble conclusion
855 1017 2075 1166 la voiture s'arrête.
794 1281 3035 1493 Vous voulez vraiment le recevoir
833 1560 2803 1764 Il ne doit pas voir les lettres
2224 1846 3378 2075 je les emporterai.
807 1887 2135 2081 Laing. moi partir,
1694 2034 1837 2177 R
772 2158 2469 2424 Ici... Par l'exculier...
864 2443 2459 2679 out en ds son pas...
1662 2631 1840 2761 R
813 2739 3165 2949 Il est venu par le jardin (Il
769 2892 3108 3050 lui retire les lettres de la mari et les
782 3006 3181 3219 remet vivement dans le tiroir, Restes
794 3146 3308 3365 il est trop tard (Bruit de pas au dehors).
785 3365 3279 3533 (Alfred entre précipitamment. Costume de voyage
810 3495 3178 3664 de couleur foncée. En voyant olga il est un peu
788 3626 3346 3880 embarassé. Robert veut aller à sa rencontre, mais
