<?xml version="1.0" encoding="UTF-8" standalone="yes"?>
<PcGts xmlns="http://schema.primaresearch.org/PAGE/gts/pagecontent/2013-07-15" xmlns:xsi="http://www.w3.org/2001/XMLSchema-instance" xsi:schemaLocation="http://schema.primaresearch.org/PAGE/gts/pagecontent/2013-07-15 http://schema.primaresearch.org/PAGE/gts/pagecontent/2013-07-15/pagecontent.xsd">
    <Metadata>
        <Creator>prov=READ-COOP:name=TrHtr:version=2.1.0:model_id=51170:date=15_08_2023_06:21</Creator>
        <Created>2023-05-10T15:33:45.719+02:00</Created>
        <LastChange>2023-08-15T06:21:03.354+02:00</LastChange>
        <TranskribusMetadata docId="1428921" pageId="55434339" pageNr="21" tsid="132841051" status="IN_PROGRESS" userId="64420" imgUrl="https://files.transkribus.eu/Get?id=SBSMVWAXNFCUHDJXFQZYNPAG&amp;fileType=view" xmlUrl="https://files.transkribus.eu/Get?id=WCLGGZOJQTTEJZVUCGUBLZKB" imageId="44708329"/>
    </Metadata>
    <Page imageFilename="1428921_0021.jpg" imageWidth="3544" imageHeight="4264">
        <ReadingOrder>
            <OrderedGroup id="ro_1711801574630" caption="Regions reading order">
                <RegionRefIndexed index="0" regionRef="tr_3"/>
                <RegionRefIndexed index="1" regionRef="tr_1"/>
                <RegionRefIndexed index="2" regionRef="tr_2"/>
            </OrderedGroup>
        </ReadingOrder>
        <TextRegion id="tr_3" custom="readingOrder {index:0;}">
            <Coords points="609,356 3377,356 3377,998 609,998"/>
            <TextLine id="tr_3_tl_1" custom="readingOrder {index:0;}">
                <Coords points="1318,493 1341,493 1352,500 1372,480 1389,483 1402,473 1436,473 1422,307 1395,304 1389,314 1375,318 1348,297 1341,304 1331,294 1321,304 1304,304"/>
                <Baseline points="1331,406 1376,406 1421,412 1436,412"/>
                <TextEquiv>
                    <Unicode>0</Unicode>
                </TextEquiv>
            </TextLine>
            <TextLine id="tr_3_tl_2" custom="readingOrder {index:1;}">
                <Coords points="1500,591 2176,551 2287,615 2902,544 3071,618 3163,608 3169,416 2477,507 1504,436"/>
                <Baseline points="1522,564 1561,564 1606,564 1651,567 1696,564 1740,567 1785,564 1830,564 1875,567 1919,567 1964,564 2009,564 2054,561 2099,561 2143,558 2188,555 2233,558 2278,555 2323,552 2367,552 2412,552 2457,549 2502,549 2547,549 2591,546 2636,549 2681,546 2726,543 2771,543 2815,543 2860,546 2905,543 2950,540 2994,540 3039,537 3084,537 3129,534 3174,540"/>
                <TextEquiv>
                    <Unicode>c'est un bien grand mot</Unicode>
                </TextEquiv>
            </TextLine>
            <TextLine id="tr_3_tl_3" custom="readingOrder {index:2;}">
                <Coords points="591,618 808,585 889,618 983,578 1284,639 1352,588 1466,591 1466,510 1416,493 1291,520 1054,470 841,527 757,470 649,514 591,500"/>
                <Baseline points="609,579 624,582 668,579 713,579 758,579 803,585 848,585 892,579 937,582 982,576 1027,573 1071,570 1116,570 1161,570 1206,570 1251,570 1295,570 1340,570 1385,567 1430,570 1475,573"/>
                <TextEquiv>
                    <Unicode>La " Compagne</Unicode>
                </TextEquiv>
            </TextLine>
            <TextLine id="tr_3_tl_4" custom="readingOrder {index:3;}">
                <Coords points="1493,737 3369,757 3369,605 3129,645 3007,568 2527,635 2355,585 2075,672 1831,591 1493,612"/>
                <Baseline points="1513,701 1540,701 1585,698 1630,698 1675,698 1719,698 1764,698 1809,698 1854,701 1899,698 1943,698 1988,695 2033,695 2078,695 2123,695 2167,695 2212,695 2257,695 2302,692 2346,692 2391,692 2436,689 2481,689 2526,686 2570,686 2615,689 2660,692 2705,689 2750,689 2794,689 2839,689 2884,689 2929,692 2974,692 3018,692 3063,686 3108,686 3153,686 3198,683 3242,680 3287,680 3332,680 3377,683"/>
                <TextEquiv>
                    <Unicode>combien y a-t-il de femmes</Unicode>
                </TextEquiv>
            </TextLine>
            <TextLine id="tr_3_tl_5" custom="readingOrder {index:4;}">
                <Coords points="642,737 699,774 797,743 885,784 1179,713 1395,743 1470,716 1470,588 1220,652 1135,598 997,669 838,649 696,585 642,605"/>
                <Baseline points="662,722 671,719 716,719 761,716 806,716 851,716 895,716 940,710 985,710 1030,707 1074,707 1119,710 1164,707 1209,707 1254,707 1298,707 1343,701 1388,704 1433,707 1478,701"/>
                <TextEquiv>
                    <Unicode>En général,</Unicode>
                </TextEquiv>
            </TextLine>
            <TextLine id="tr_3_tl_6" custom="readingOrder {index:5;}">
                <Coords points="1044,814 1142,797 1186,818 1203,804 1264,814 1291,801 1379,828 1379,750 1324,760 1277,740 1254,757 1206,737 1172,757 1115,726 1095,740 1044,740"/>
                <Baseline points="1063,800 1071,797 1116,794 1161,794 1206,794 1251,794 1295,794 1340,794 1385,794"/>
                <TextEquiv>
                    <Unicode>puissent</Unicode>
                </TextEquiv>
            </TextLine>
            <TextLine id="tr_3_tl_7" custom="readingOrder {index:6;}">
                <Coords points="666,902 831,868 1068,899 1142,862 1331,902 1524,845 1872,895 1872,780 1527,737 1358,818 666,808"/>
                <Baseline points="683,868 704,871 749,868 794,865 839,862 883,862 928,862 973,862 1018,859 1063,856 1107,856 1152,853 1197,853 1242,853 1286,851 1331,851 1376,851 1421,851 1466,848 1487,842 1531,845 1576,845 1621,848 1666,845 1710,845 1755,845 1800,845 1845,848 1881,851"/>
                <TextEquiv>
                    <Unicode>qui peuvent l'être</Unicode>
                </TextEquiv>
            </TextLine>
            <TextLine id="tr_3_tl_8" custom="readingOrder {index:7;}">
                <Coords points="1324,1010 1341,1010 1345,1000 1382,1010 1392,1010 1399,1000 1416,1010 1426,1000 1436,1007 1473,1000 1466,868 1446,868 1426,892 1402,875 1379,906 1314,902"/>
                <Baseline points="1340,979 1385,979 1430,982 1475,988 1481,988"/>
                <TextEquiv>
                    <Unicode>R</Unicode>
                </TextEquiv>
            </TextLine>
        </TextRegion>
        <TextRegion id="tr_1" custom="readingOrder {index:1;}">
            <Coords points="621,1048 3281,1048 3281,2607 621,2607"/>
            <TextLine id="tr_1_tl_1" custom="readingOrder {index:0;}">
                <Coords points="659,1203 3034,1166 3227,1132 3227,1007 662,1074"/>
                <Baseline points="677,1155 683,1152 728,1152 773,1152 818,1149 862,1149 907,1149 952,1146 997,1146 1042,1146 1086,1146 1131,1146 1176,1143 1221,1140 1266,1140 1310,1137 1355,1140 1400,1140 1445,1140 1490,1137 1534,1134 1579,1131 1624,1128 1669,1128 1713,1128 1758,1125 1803,1125 1848,1128 1893,1131 1937,1131 1982,1134 2027,1131 2072,1134 2117,1134 2161,1131 2206,1134 2251,1134 2296,1131 2341,1131 2385,1128 2430,1125 2475,1119 2520,1119 2564,1113 2609,1110 2654,1110 2699,1110 2744,1110 2788,1107 2833,1107 2878,1107 2923,1107 2968,1104 3012,1101 3057,1104 3102,1104 3147,1104 3192,1101 3236,1098"/>
                <TextEquiv>
                    <Unicode>de ne l'ai jamais exigé d'elle. Vrai-</Unicode>
                </TextEquiv>
            </TextLine>
            <TextLine id="tr_1_tl_2" custom="readingOrder {index:1;}">
                <Coords points="662,1304 2676,1338 3274,1199 2919,1132 1929,1250 1747,1159 1254,1257 662,1220"/>
                <Baseline points="680,1295 725,1295 770,1292 815,1292 859,1292 904,1292 949,1289 994,1289 1039,1286 1083,1289 1128,1295 1173,1292 1218,1295 1263,1292 1307,1289 1352,1286 1397,1286 1442,1283 1487,1283 1531,1280 1576,1275 1621,1275 1666,1275 1710,1275 1755,1272 1800,1272 1845,1272 1890,1275 1934,1275 1979,1275 2024,1275 2069,1275 2114,1275 2158,1275 2203,1275 2248,1275 2293,1272 2338,1272 2382,1269 2427,1266 2472,1266 2517,1266 2561,1263 2606,1266 2651,1263 2696,1263 2741,1260 2785,1257 2830,1257 2875,1257 2920,1254 2965,1254 3009,1251 3054,1251 3099,1251 3144,1245 3189,1248 3233,1245 3278,1248"/>
                <TextEquiv>
                    <Unicode>ment, je ne me suis pas senti seul. un</Unicode>
                </TextEquiv>
            </TextLine>
            <TextLine id="tr_1_tl_3" custom="readingOrder {index:2;}">
                <Coords points="655,1466 3247,1419 3210,1297 2429,1375 1662,1297 1162,1395 659,1324"/>
                <Baseline points="674,1445 701,1445 746,1442 791,1442 836,1439 880,1436 925,1436 970,1436 1015,1433 1060,1430 1104,1430 1149,1433 1194,1430 1239,1433 1283,1430 1328,1430 1373,1430 1418,1430 1463,1430 1507,1427 1552,1427 1597,1430 1642,1424 1687,1424 1731,1424 1776,1421 1821,1421 1866,1424 1911,1424 1955,1424 2000,1421 2045,1421 2090,1418 2134,1418 2179,1418 2224,1418 2269,1415 2314,1412 2358,1412 2403,1409 2448,1412 2493,1409 2538,1412 2582,1415 2627,1415 2672,1418 2717,1418 2762,1412 2806,1412 2851,1409 2896,1409 2941,1403 2985,1403 3030,1403 3075,1400 3120,1400 3165,1397 3209,1397 3254,1400"/>
                <TextEquiv>
                    <Unicode>Lomme qui a une mission, je ne parle</Unicode>
                </TextEquiv>
            </TextLine>
            <TextLine id="tr_1_tl_4" custom="readingOrder {index:3;}">
                <Coords points="655,1639 2994,1608 3021,1466 655,1541"/>
                <Baseline points="674,1585 695,1588 740,1585 785,1585 830,1585 874,1588 919,1588 964,1585 1009,1582 1054,1582 1098,1579 1143,1579 1188,1579 1233,1579 1278,1579 1322,1579 1367,1579 1412,1579 1457,1576 1501,1576 1546,1576 1591,1573 1636,1573 1681,1573 1725,1573 1770,1573 1815,1570 1860,1573 1905,1573 1949,1573 1994,1570 2039,1567 2084,1570 2129,1567 2173,1567 2218,1564 2263,1564 2308,1561 2352,1561 2397,1561 2442,1561 2487,1564 2532,1567 2576,1567 2621,1561 2666,1561 2711,1558 2756,1558 2800,1555 2845,1555 2890,1552 2935,1552 2980,1549 3024,1555"/>
                <TextEquiv>
                    <Unicode>pas à une occupation, mais d'une</Unicode>
                </TextEquiv>
            </TextLine>
            <TextLine id="tr_1_tl_5" custom="readingOrder {index:4;}">
                <Coords points="672,1797 2852,1730 3152,1703 3152,1629 672,1662"/>
                <Baseline points="692,1734 695,1734 740,1731 785,1734 830,1731 874,1734 919,1734 964,1731 1009,1728 1054,1725 1098,1725 1143,1722 1188,1725 1233,1722 1278,1722 1322,1722 1367,1719 1412,1722 1457,1722 1501,1722 1546,1722 1591,1722 1636,1719 1681,1716 1725,1716 1770,1716 1815,1716 1860,1713 1905,1713 1949,1713 1994,1716 2039,1716 2084,1716 2129,1713 2173,1707 2218,1707 2263,1705 2308,1705 2352,1705 2397,1705 2442,1707 2487,1707 2532,1707 2576,1705 2621,1705 2666,1705 2711,1705 2756,1705 2800,1702 2845,1699 2890,1699 2935,1696 2980,1696 3024,1693 3069,1690 3114,1690 3159,1693"/>
                <TextEquiv>
                    <Unicode>mission, ne peut en somme jamais se</Unicode>
                </TextEquiv>
            </TextLine>
            <TextLine id="tr_1_tl_6" custom="readingOrder {index:5;}">
                <Coords points="666,1956 1301,1879 1858,1960 3041,1906 3166,1895 3169,1767 1439,1825 912,1750 669,1845"/>
                <Baseline points="689,1884 707,1884 752,1884 797,1884 842,1884 886,1884 931,1887 976,1884 1021,1884 1066,1884 1110,1878 1155,1875 1200,1872 1245,1872 1289,1872 1334,1869 1379,1872 1424,1872 1469,1872 1513,1866 1558,1869 1603,1863 1648,1860 1693,1860 1737,1857 1782,1857 1827,1857 1872,1857 1917,1857 1961,1860 2006,1854 2051,1854 2096,1854 2140,1851 2185,1848 2230,1848 2275,1848 2320,1845 2364,1848 2409,1848 2454,1848 2499,1848 2544,1848 2588,1845 2633,1842 2678,1839 2723,1836 2768,1833 2812,1833 2857,1830 2902,1827 2947,1827 2991,1824 3036,1824 3081,1821 3126,1827 3171,1824"/>
                <TextEquiv>
                    <Unicode>sentir isolé (ou : ne se sent jamais isolé)</Unicode>
                </TextEquiv>
            </TextLine>
            <TextLine id="tr_1_tl_7" custom="readingOrder {index:6;}">
                <Coords points="1365,2078 2791,2058 2818,1919 1368,1939"/>
                <Baseline points="1385,2021 1391,2024 1436,2021 1481,2021 1525,2018 1570,2012 1615,2009 1660,2009 1705,2012 1749,2009 1794,2012 1839,2012 1884,2009 1928,2009 1973,2006 2018,2006 2063,2003 2108,2000 2152,1997 2197,1997 2242,1994 2287,1994 2332,1991 2376,1991 2421,1991 2466,1991 2511,1991 2556,1988 2600,1988 2645,1985 2690,1982 2735,1979 2779,1979 2824,1973"/>
                <TextEquiv>
                    <Unicode>O (sans enthousiasme)</Unicode>
                </TextEquiv>
            </TextLine>
            <TextLine id="tr_1_tl_8" custom="readingOrder {index:7;}">
                <Coords points="601,2223 3044,2183 3254,2135 3257,2027 601,2108"/>
                <Baseline points="621,2167 665,2173 710,2173 755,2170 800,2170 845,2170 889,2167 934,2170 979,2167 1024,2164 1068,2164 1113,2164 1158,2167 1203,2164 1248,2164 1292,2164 1337,2164 1382,2164 1427,2164 1472,2164 1516,2161 1561,2161 1606,2158 1651,2161 1696,2158 1740,2158 1785,2152 1830,2152 1875,2149 1919,2146 1964,2149 2009,2146 2054,2146 2099,2143 2143,2143 2188,2140 2233,2140 2278,2137 2323,2137 2367,2137 2412,2137 2457,2140 2502,2137 2547,2137 2591,2137 2636,2140 2681,2140 2726,2140 2771,2140 2815,2137 2860,2134 2905,2129 2950,2129 2994,2126 3039,2123 3084,2123 3129,2117 3174,2117 3218,2117 3263,2123"/>
                <TextEquiv>
                    <Unicode>C'est ce qu'il y a de merveilleux chez les</Unicode>
                </TextEquiv>
            </TextLine>
            <TextLine id="tr_1_tl_9" custom="readingOrder {index:8;}">
                <Coords points="642,2375 3277,2284 3156,2176 2382,2247 2058,2176 1460,2284 645,2230"/>
                <Baseline points="659,2338 683,2335 728,2329 773,2329 818,2323 862,2323 907,2320 952,2320 997,2317 1042,2317 1086,2314 1131,2314 1176,2314 1221,2311 1266,2311 1310,2311 1355,2314 1400,2311 1445,2314 1490,2314 1534,2314 1579,2308 1624,2305 1669,2305 1713,2305 1758,2305 1803,2305 1848,2302 1893,2302 1937,2299 1982,2299 2027,2299 2072,2296 2117,2299 2161,2299 2206,2299 2251,2299 2296,2296 2341,2296 2385,2293 2430,2296 2475,2293 2520,2287 2564,2287 2609,2287 2654,2290 2699,2290 2744,2287 2788,2281 2833,2278 2878,2278 2923,2272 2968,2272 3012,2269 3057,2266 3102,2266 3147,2263 3192,2263 3236,2266 3281,2266"/>
                <TextEquiv>
                    <Unicode>hommes, je veux dire chez les hommes</Unicode>
                </TextEquiv>
            </TextLine>
            <TextLine id="tr_1_tl_10" custom="readingOrder {index:9;}">
                <Coords points="655,2490 828,2507 943,2466 1034,2521 1132,2466 1659,2480 1659,2382 1591,2375 1561,2402 1355,2375 1247,2426 1152,2385 1041,2382 976,2423 858,2375 804,2409 659,2389"/>
                <Baseline points="677,2469 683,2469 728,2466 773,2466 818,2466 862,2466 907,2466 952,2466 997,2466 1042,2466 1086,2463 1131,2463 1176,2460 1221,2460 1266,2460 1310,2457 1355,2454 1400,2457 1445,2454 1490,2451 1534,2448 1579,2448 1624,2448 1669,2451"/>
                <TextEquiv>
                    <Unicode>tels que vous.</Unicode>
                </TextEquiv>
            </TextLine>
            <TextLine id="tr_1_tl_11" custom="readingOrder {index:10;}">
                <Coords points="1379,2605 1416,2602 1433,2612 1439,2605 1460,2625 1483,2612 1493,2622 1514,2612 1524,2625 1541,2625 1547,2494 1531,2494 1507,2470 1473,2494 1460,2490 1449,2497 1436,2483 1409,2497 1382,2494"/>
                <Baseline points="1397,2597 1418,2594 1463,2591 1507,2588 1552,2591"/>
                <TextEquiv>
                    <Unicode>R</Unicode>
                </TextEquiv>
            </TextLine>
        </TextRegion>
        <TextRegion id="tr_2" custom="readingOrder {index:2;}">
            <Coords points="680,2664 3436,2664 3436,3921 680,3921"/>
            <TextLine id="tr_2_tl_1" custom="readingOrder {index:0;}">
                <Coords points="662,2781 1392,2825 2544,2723 2787,2784 3024,2747 3027,2615 2108,2666 1956,2598 1534,2700 666,2639"/>
                <Baseline points="680,2759 704,2759 749,2756 794,2756 839,2759 883,2756 928,2756 973,2756 1018,2753 1063,2756 1107,2753 1152,2753 1197,2753 1242,2753 1286,2750 1331,2753 1376,2750 1421,2750 1466,2753 1510,2753 1555,2750 1600,2750 1645,2747 1690,2747 1734,2744 1779,2741 1824,2744 1869,2741 1914,2738 1958,2741 2003,2738 2048,2738 2093,2729 2137,2729 2182,2729 2227,2726 2272,2723 2317,2723 2361,2720 2406,2723 2451,2723 2496,2723 2541,2717 2585,2717 2630,2720 2675,2717 2720,2717 2765,2714 2809,2714 2854,2714 2899,2717 2944,2714 2988,2717 3033,2723"/>
                <TextEquiv>
                    <Unicode>Et quand s'en a été fait de notre</Unicode>
                </TextEquiv>
            </TextLine>
            <TextLine id="tr_2_tl_2" custom="readingOrder {index:1;}">
                <Coords points="669,2933 3281,2879 3284,2767 1331,2862 676,2774"/>
                <Baseline points="692,2908 737,2905 782,2905 827,2902 871,2899 916,2899 961,2896 1006,2896 1051,2896 1095,2896 1140,2896 1185,2899 1230,2902 1275,2902 1319,2899 1364,2902 1409,2905 1454,2908 1498,2905 1543,2902 1588,2899 1633,2896 1678,2893 1722,2890 1767,2887 1812,2887 1857,2884 1902,2884 1946,2878 1991,2878 2036,2875 2081,2872 2126,2869 2170,2869 2215,2869 2260,2869 2305,2866 2349,2869 2394,2866 2439,2863 2484,2863 2529,2863 2573,2860 2618,2860 2663,2860 2708,2860 2753,2860 2797,2857 2842,2857 2887,2857 2932,2857 2977,2857 3021,2854 3066,2854 3111,2854 3156,2848 3200,2848 3245,2845 3290,2845"/>
                <TextEquiv>
                    <Unicode>bonheur, je suis rentré dans ma vie</Unicode>
                </TextEquiv>
            </TextLine>
            <TextLine id="tr_2_tl_3" custom="readingOrder {index:2;}">
                <Coords points="669,3098 2649,3010 2872,3078 3217,3017 3220,2906 669,2987"/>
                <Baseline points="689,3048 716,3045 761,3045 806,3045 851,3042 895,3039 940,3039 985,3039 1030,3036 1074,3036 1119,3036 1164,3036 1209,3036 1254,3036 1298,3039 1343,3039 1388,3036 1433,3036 1478,3039 1522,3036 1567,3033 1612,3033 1657,3030 1702,3027 1746,3027 1791,3024 1836,3024 1881,3021 1925,3021 1970,3021 2015,3021 2060,3018 2105,3018 2149,3018 2194,3018 2239,3018 2284,3015 2329,3015 2373,3012 2418,3012 2463,3012 2508,3012 2553,3012 2597,3009 2642,3009 2687,3009 2732,3009 2776,3009 2821,3009 2866,3009 2911,3012 2956,3009 3000,3006 3045,3003 3090,3003 3135,3000 3180,3000 3224,3003"/>
                <TextEquiv>
                    <Unicode>dont elle n'avait pas aupris grand</Unicode>
                </TextEquiv>
            </TextLine>
            <TextLine id="tr_2_tl_4" custom="readingOrder {index:3;}">
                <Coords points="683,3213 1700,3281 2331,3163 3301,3173 3240,3068 2399,3031 1659,3146 1443,3071 1085,3166 686,3119"/>
                <Baseline points="701,3192 710,3192 755,3192 800,3192 845,3192 889,3195 934,3192 979,3192 1024,3192 1068,3192 1113,3192 1158,3192 1203,3189 1248,3189 1292,3189 1337,3186 1382,3186 1427,3186 1472,3183 1516,3180 1561,3177 1606,3180 1651,3180 1696,3180 1740,3174 1785,3171 1830,3168 1875,3168 1919,3162 1964,3162 2009,3162 2054,3159 2099,3162 2143,3159 2188,3159 2233,3156 2278,3156 2323,3159 2367,3156 2412,3156 2457,3153 2502,3150 2547,3150 2591,3150 2636,3150 2681,3147 2726,3147 2771,3147 2815,3150 2860,3147 2905,3147 2950,3147 2994,3144 3039,3144 3084,3144 3129,3144 3174,3141 3218,3141 3263,3138 3308,3144"/>
                <TextEquiv>
                    <Unicode>chose et j'ai suivi ma route comme</Unicode>
                </TextEquiv>
            </TextLine>
            <TextLine id="tr_2_tl_5" custom="readingOrder {index:4;}">
                <Coords points="686,3352 858,3382 963,3345 1041,3396 1294,3342 1473,3365 1652,3335 1652,3257 1534,3264 1477,3217 1348,3260 1277,3227 1122,3288 1047,3244 960,3298 797,3247 689,3274"/>
                <Baseline points="704,3341 719,3344 764,3344 809,3344 853,3344 898,3344 943,3344 988,3341 1033,3338 1077,3338 1122,3338 1167,3335 1212,3332 1257,3332 1301,3332 1346,3332 1391,3329 1436,3326 1481,3323 1525,3320 1570,3317 1615,3317 1660,3314"/>
                <TextEquiv>
                    <Unicode>M ca sienne.</Unicode>
                </TextEquiv>
            </TextLine>
            <TextLine id="tr_2_tl_6" custom="readingOrder {index:5;}">
                <Coords points="1399,3538 1426,3538 1433,3548 1443,3544 1446,3551 1466,3541 1497,3541 1504,3372 1487,3372 1466,3389 1460,3386 1449,3392 1402,3382"/>
                <Baseline points="1418,3466 1421,3466 1466,3466 1510,3463"/>
                <TextEquiv>
                    <Unicode>O</Unicode>
                </TextEquiv>
            </TextLine>
            <TextLine id="tr_2_tl_7" custom="readingOrder {index:6;}">
                <Coords points="710,3663 2527,3595 2723,3679 2940,3585 3409,3609 3413,3463 713,3548"/>
                <Baseline points="728,3630 734,3630 779,3636 824,3639 868,3639 913,3642 958,3642 1003,3642 1048,3642 1092,3639 1137,3636 1182,3636 1227,3636 1272,3633 1316,3630 1361,3624 1406,3624 1451,3624 1495,3622 1540,3624 1585,3622 1630,3622 1675,3622 1719,3619 1764,3619 1809,3616 1854,3616 1899,3613 1943,3613 1988,3610 2033,3604 2078,3604 2123,3601 2167,3598 2212,3598 2257,3595 2302,3595 2346,3592 2391,3592 2436,3592 2481,3592 2526,3592 2570,3595 2615,3595 2660,3595 2705,3595 2750,3592 2794,3592 2839,3589 2884,3589 2929,3586 2974,3586 3018,3583 3063,3583 3108,3583 3153,3583 3198,3586 3242,3586 3287,3586 3332,3583 3377,3580 3421,3586"/>
                <TextEquiv>
                    <Unicode>non, il n'en a pas été ainsi; on, non</Unicode>
                </TextEquiv>
            </TextLine>
            <TextLine id="tr_2_tl_8" custom="readingOrder {index:7;}">
                <Coords points="1399,3788 1436,3794 1470,3771 1483,3777 1558,3771 1558,3676 1531,3676 1504,3663 1466,3683 1439,3676 1426,3690 1399,3690"/>
                <Baseline points="1418,3759 1463,3768 1507,3762 1552,3762 1567,3762"/>
                <TextEquiv>
                    <Unicode>R</Unicode>
                </TextEquiv>
            </TextLine>
            <TextLine id="tr_2_tl_9" custom="readingOrder {index:8;}">
                <Coords points="713,3963 3423,3916 3433,3663 2581,3784 720,3821"/>
                <Baseline points="734,3902 749,3905 794,3908 839,3908 883,3908 928,3911 973,3911 1018,3911 1063,3911 1107,3911 1152,3905 1197,3908 1242,3908 1286,3905 1331,3905 1376,3905 1421,3902 1466,3905 1510,3902 1555,3899 1600,3896 1645,3899 1690,3896 1734,3893 1779,3893 1824,3890 1869,3884 1914,3884 1958,3881 2003,3881 2048,3878 2093,3872 2137,3869 2182,3866 2227,3863 2272,3860 2317,3857 2361,3860 2406,3857 2451,3860 2496,3857 2541,3857 2585,3857 2630,3857 2675,3857 2720,3854 2765,3854 2809,3854 2854,3851 2899,3848 2944,3845 2988,3842 3033,3845 3078,3845 3123,3845 3168,3845 3212,3845 3257,3845 3302,3845 3347,3839 3392,3834 3436,3831"/>
                <TextEquiv>
                    <Unicode>mais si cela s'est passé de cette façon.</Unicode>
                </TextEquiv>
            </TextLine>
        </TextRegion>
    </Page>
</PcGts>
