3528 4200
742 213 3405 452 (Elle dit ce qui suit comme des pluases étudiées)
675 418 3193 577 mais le hasard aurait pu faire juste.
675 570 3365 709 ment que mes lettres tombassent tout
672 688 3139 844 d'abord entre vas mains... C'est
668 844 3365 1009 pourquoi je suis encore venue ce soir.-
675 955 3176 1144 Il y a des chases dans ces lettres que
685 1094 3291 1272 dans aucun cas vous ne seriez lire,
682 1293 3395 1438 qui ne peuvent être adressées qu'à une
675 1431 3118 1603 autre femme... Surtout dans certaines
665 1532 3297 1725 lettres que j'ai écrites à votre femme, il y a
678 1721 1428 1880 2 ou 3 ans.
1512 1819 1765 2018 R.
688 2025 3254 2200 Où sont-elles donc? Vous savez où elles
722 2170 1050 2322 sant.
1073 2136 1208 2336 7/
1539 2288 1671 2494 0
692 2390 3257 2612 Je les trouverai immédiatement, si vous
702 2578 1613 2781 me le permettez
1526 2747 1654 2930 /2
658 2818 2241 3068 vous voulez vous. même?
1522 3017 1671 3142 O
662 3135 3365 3318 C'est ce qu'il y a de plus simple, puisque
702 3318 3203 3466 je sais vu les trouver... Je puis vous
672 3432 2946 3642 indiquer leur place, exactiment...
1522 3588 1688 3709 R
672 3601 2221 3905 c'est inutile. Voici la dé
