<?xml version="1.0" encoding="UTF-8" standalone="yes"?>
<PcGts xmlns="http://schema.primaresearch.org/PAGE/gts/pagecontent/2013-07-15" xmlns:xsi="http://www.w3.org/2001/XMLSchema-instance" xsi:schemaLocation="http://schema.primaresearch.org/PAGE/gts/pagecontent/2013-07-15 http://schema.primaresearch.org/PAGE/gts/pagecontent/2013-07-15/pagecontent.xsd">
    <Metadata>
        <Creator>prov=READ-COOP:name=TrHtr:version=2.1.0:model_id=51170:date=15_08_2023_06:21</Creator>
        <Created>2023-05-10T15:33:45.572+02:00</Created>
        <LastChange>2023-08-15T06:21:02.807+02:00</LastChange>
        <TranskribusMetadata docId="1428921" pageId="55434336" pageNr="20" tsid="132841050" status="IN_PROGRESS" userId="64420" imgUrl="https://files.transkribus.eu/Get?id=GJTAWLLBPQTYOOKMMPEPLANG&amp;fileType=view" xmlUrl="https://files.transkribus.eu/Get?id=HMYZXADZEGXHYAFOISMVGPGL" imageId="44708326"/>
    </Metadata>
    <Page imageFilename="1428921_0020.jpg" imageWidth="3576" imageHeight="4280">
        <ReadingOrder>
            <OrderedGroup id="ro_1711801572928" caption="Regions reading order">
                <RegionRefIndexed index="0" regionRef="tr_2"/>
                <RegionRefIndexed index="1" regionRef="tr_1"/>
            </OrderedGroup>
        </ReadingOrder>
        <TextRegion id="tr_2" custom="readingOrder {index:0;}">
            <Coords points="611,367 3426,367 3426,1750 611,1750"/>
            <TextLine id="tr_2_tl_1" custom="readingOrder {index:0;}">
                <Coords points="1362,429 1387,429 1415,440 1422,440 1429,429 1454,433 1447,306 1422,303 1401,324 1387,324 1376,334 1359,334"/>
                <Baseline points="1381,417 1426,420 1462,420"/>
                <TextEquiv>
                    <Unicode>O</Unicode>
                </TextEquiv>
            </TextLine>
            <TextLine id="tr_2_tl_2" custom="readingOrder {index:1;}">
                <Coords points="588,630 3210,623 3425,479 1348,528 595,447"/>
                <Baseline points="611,579 650,584 695,584 740,582 784,584 829,584 874,584 919,579 964,582 1008,584 1053,587 1098,584 1143,584 1187,587 1232,587 1277,587 1322,587 1366,587 1411,582 1456,579 1501,582 1546,579 1590,573 1635,573 1680,573 1725,573 1769,570 1814,567 1859,570 1904,567 1948,570 1993,570 2038,570 2083,570 2128,567 2172,567 2217,567 2262,567 2307,564 2351,564 2396,564 2441,561 2486,561 2530,558 2575,558 2620,558 2665,555 2710,555 2754,555 2799,555 2844,552 2889,549 2933,546 2978,543 3023,543 3068,540 3112,540 3157,537 3202,534 3247,534 3292,534 3336,534 3381,534 3426,531"/>
                <TextEquiv>
                    <Unicode>C'est possible, mais on ne le sait pas toujours</Unicode>
                </TextEquiv>
            </TextLine>
            <TextLine id="tr_2_tl_3" custom="readingOrder {index:2;}">
                <Coords points="1366,736 1383,736 1397,746 1426,746 1447,736 1454,739 1478,729 1496,729 1496,630 1478,630 1468,641 1433,634 1401,651 1366,651"/>
                <Baseline points="1384,710 1429,713 1474,710 1504,710"/>
                <TextEquiv>
                    <Unicode>R</Unicode>
                </TextEquiv>
            </TextLine>
            <TextLine id="tr_2_tl_4" custom="readingOrder {index:3;}">
                <Coords points="641,905 2728,894 3242,845 3245,757 644,760"/>
                <Baseline points="659,856 698,862 743,865 787,865 832,865 877,868 922,865 967,868 1011,868 1056,868 1101,868 1146,868 1190,865 1235,865 1280,862 1325,859 1369,859 1414,859 1459,859 1504,859 1549,859 1593,856 1638,856 1683,859 1728,856 1772,853 1817,853 1862,856 1907,856 1951,856 1996,856 2041,856 2086,853 2131,850 2175,847 2220,847 2265,850 2310,847 2354,847 2399,847 2444,844 2489,844 2533,841 2578,844 2623,841 2668,841 2713,841 2757,838 2802,835 2847,835 2892,835 2936,832 2981,832 3026,826 3071,826 3115,829 3160,829 3205,829 3250,826"/>
                <TextEquiv>
                    <Unicode>Je l'ai toujours su. Elle n'a jamais été</Unicode>
                </TextEquiv>
            </TextLine>
            <TextLine id="tr_2_tl_5" custom="readingOrder {index:4;}">
                <Coords points="595,1042 1619,1007 1911,1084 2918,1017 3207,972 3210,898 595,936"/>
                <Baseline points="614,1014 617,1014 662,1014 707,1014 752,1011 796,1011 841,1011 886,1008 931,1008 975,1011 1020,1008 1065,1005 1110,1008 1155,1008 1199,1005 1244,1002 1289,1005 1334,1005 1378,1002 1423,999 1468,1002 1513,999 1557,996 1602,996 1647,996 1692,996 1737,996 1781,999 1826,999 1871,999 1916,999 1960,996 2005,999 2050,996 2095,996 2140,993 2184,990 2229,990 2274,987 2319,987 2363,987 2408,987 2453,984 2498,984 2542,987 2587,987 2632,987 2677,984 2722,981 2766,975 2811,975 2856,978 2901,975 2945,975 2990,972 3035,970 3080,970 3124,967 3169,961 3214,958"/>
                <TextEquiv>
                    <Unicode>la substance-même de ma vie même</Unicode>
                </TextEquiv>
            </TextLine>
            <TextLine id="tr_2_tl_6" custom="readingOrder {index:5;}">
                <Coords points="620,1179 3231,1162 3231,1063 2865,1035 623,1042"/>
                <Baseline points="641,1161 644,1161 689,1161 734,1158 778,1155 823,1155 868,1155 913,1155 958,1152 1002,1152 1047,1155 1092,1152 1137,1152 1181,1152 1226,1152 1271,1149 1316,1149 1361,1149 1405,1149 1450,1149 1495,1149 1540,1149 1584,1149 1629,1146 1674,1146 1719,1143 1763,1143 1808,1143 1853,1143 1898,1146 1943,1146 1987,1146 2032,1140 2077,1143 2122,1140 2166,1140 2211,1137 2256,1134 2301,1131 2345,1131 2390,1128 2435,1128 2480,1125 2525,1125 2569,1125 2614,1119 2659,1119 2704,1119 2748,1119 2793,1119 2838,1116 2883,1116 2927,1116 2972,1116 3017,1113 3062,1113 3107,1113 3151,1113 3196,1110 3241,1107"/>
                <TextEquiv>
                    <Unicode>durant cette année de bonheur. Dans un</Unicode>
                </TextEquiv>
            </TextLine>
            <TextLine id="tr_2_tl_7" custom="readingOrder {index:6;}">
                <Coords points="644,1341 2915,1309 3069,1271 3073,1183 644,1253"/>
                <Baseline points="662,1304 704,1301 749,1301 793,1304 838,1304 883,1301 928,1301 972,1301 1017,1301 1062,1298 1107,1298 1152,1298 1196,1298 1241,1298 1286,1298 1331,1298 1375,1298 1420,1298 1465,1295 1510,1292 1555,1292 1599,1289 1644,1292 1689,1292 1734,1289 1778,1289 1823,1292 1868,1289 1913,1286 1957,1286 2002,1286 2047,1286 2092,1286 2137,1283 2181,1283 2226,1277 2271,1277 2316,1277 2360,1283 2405,1280 2450,1280 2495,1277 2539,1277 2584,1274 2629,1271 2674,1274 2719,1271 2763,1268 2808,1262 2853,1262 2898,1259 2942,1262 2987,1259 3032,1256 3077,1256"/>
                <TextEquiv>
                    <Unicode>certain sens, elle a été plus que la</Unicode>
                </TextEquiv>
            </TextLine>
            <TextLine id="tr_2_tl_8" custom="readingOrder {index:7;}">
                <Coords points="620,1482 3101,1457 3203,1309 620,1394"/>
                <Baseline points="638,1438 659,1441 704,1441 749,1441 793,1441 838,1444 883,1444 928,1444 972,1444 1017,1444 1062,1444 1107,1444 1152,1441 1196,1441 1241,1441 1286,1444 1331,1441 1375,1438 1420,1435 1465,1438 1510,1444 1555,1444 1599,1438 1644,1435 1689,1435 1734,1435 1778,1435 1823,1429 1868,1429 1913,1429 1957,1429 2002,1426 2047,1423 2092,1423 2137,1420 2181,1420 2226,1420 2271,1420 2316,1420 2360,1417 2405,1414 2450,1414 2495,1411 2539,1411 2584,1411 2629,1411 2674,1411 2719,1408 2763,1411 2808,1411 2853,1408 2898,1408 2942,1405 2987,1408 3032,1405 3077,1408 3121,1411 3166,1411 3211,1414"/>
                <TextEquiv>
                    <Unicode>substance, le parfum si vous voulez,</Unicode>
                </TextEquiv>
            </TextLine>
            <TextLine id="tr_2_tl_9" custom="readingOrder {index:8;}">
                <Coords points="634,1612 3143,1598 3193,1489 637,1517"/>
                <Baseline points="653,1593 695,1596 740,1596 784,1596 829,1593 874,1593 919,1593 964,1593 1008,1590 1053,1590 1098,1590 1143,1590 1187,1587 1232,1584 1277,1584 1322,1587 1366,1584 1411,1587 1456,1584 1501,1584 1546,1584 1590,1584 1635,1584 1680,1587 1725,1584 1769,1584 1814,1584 1859,1581 1904,1581 1948,1575 1993,1572 2038,1563 2083,1566 2128,1569 2172,1569 2217,1566 2262,1566 2307,1566 2351,1563 2396,1560 2441,1560 2486,1557 2530,1555 2575,1555 2620,1555 2665,1555 2710,1555 2754,1555 2799,1555 2844,1552 2889,1552 2933,1552 2978,1549 3023,1549 3068,1546 3112,1546 3157,1543 3202,1540"/>
                <TextEquiv>
                    <Unicode>mais naturellement, inconsciemment</Unicode>
                </TextEquiv>
            </TextLine>
            <TextLine id="tr_2_tl_10" custom="readingOrder {index:9;}">
                <Coords points="634,1778 3006,1764 3256,1725 3256,1602 637,1693"/>
                <Baseline points="653,1737 668,1740 713,1740 758,1740 802,1740 847,1740 892,1737 937,1734 981,1734 1026,1737 1071,1737 1116,1740 1161,1740 1205,1740 1250,1737 1295,1734 1340,1734 1384,1734 1429,1734 1474,1734 1519,1731 1563,1728 1608,1728 1653,1728 1698,1728 1743,1728 1787,1728 1832,1722 1877,1725 1922,1728 1966,1725 2011,1722 2056,1719 2101,1719 2145,1719 2190,1719 2235,1719 2280,1716 2325,1713 2369,1707 2414,1707 2459,1707 2504,1704 2548,1701 2593,1698 2638,1698 2683,1698 2727,1701 2772,1701 2817,1698 2862,1698 2907,1698 2951,1698 2996,1698 3041,1695 3086,1692 3130,1692 3175,1689 3220,1689 3265,1692"/>
                <TextEquiv>
                    <Unicode>C'est justement ce parprun qu'elle devait</Unicode>
                </TextEquiv>
            </TextLine>
        </TextRegion>
        <TextRegion id="tr_1" custom="readingOrder {index:1;}">
            <Coords points="644,1788 3384,1788 3384,3800 644,3800"/>
            <TextLine id="tr_1_tl_1" custom="readingOrder {index:0;}">
                <Coords points="627,1940 2506,1901 2946,1866 2950,1771 1112,1848 630,1771"/>
                <Baseline points="647,1892 668,1892 713,1889 758,1889 802,1886 847,1886 892,1889 937,1886 981,1886 1026,1883 1071,1883 1116,1880 1161,1877 1205,1877 1250,1877 1295,1880 1340,1880 1384,1877 1429,1877 1474,1877 1519,1877 1563,1874 1608,1874 1653,1871 1698,1871 1743,1871 1787,1871 1832,1871 1877,1868 1922,1865 1966,1862 2011,1865 2056,1862 2101,1865 2145,1865 2190,1862 2235,1862 2280,1859 2325,1856 2369,1853 2414,1850 2459,1850 2504,1847 2548,1847 2593,1847 2638,1847 2683,1844 2727,1844 2772,1841 2817,1841 2862,1844 2907,1838 2951,1844"/>
                <TextEquiv>
                    <Unicode>perdre. A sont des chases qui se</Unicode>
                </TextEquiv>
            </TextLine>
            <TextLine id="tr_1_tl_2" custom="readingOrder {index:1;}">
                <Coords points="634,2059 1676,2017 1887,2098 1985,2013 3017,2006 3069,1897 637,1971"/>
                <Baseline points="653,2035 659,2035 704,2035 749,2032 793,2032 838,2032 883,2032 928,2029 972,2026 1017,2026 1062,2026 1107,2023 1152,2020 1196,2020 1241,2023 1286,2023 1331,2023 1375,2023 1420,2020 1465,2020 1510,2020 1555,2020 1599,2017 1644,2014 1689,2014 1734,2011 1778,2005 1823,2005 1868,2005 1913,2005 1957,2005 2002,2005 2047,2005 2092,2005 2137,2005 2181,2002 2226,1999 2271,2002 2316,2002 2360,2002 2405,2002 2450,1999 2495,1999 2539,1996 2584,1993 2629,1993 2674,1993 2719,1993 2763,1993 2808,1987 2853,1987 2898,1987 2942,1984 2987,1981 3032,1978 3077,1972"/>
                <TextEquiv>
                    <Unicode>laissent deviner (Il parle toujours</Unicode>
                </TextEquiv>
            </TextLine>
            <TextLine id="tr_1_tl_3" custom="readingOrder {index:2;}">
                <Coords points="3010,2042 3031,2042 3038,2049 3045,2049 3052,2042 3055,2045 3066,2042 3076,2045 3087,2038 3105,2038 3108,1999 3073,2003 3066,1996 3045,1996 3034,1989 3013,1989"/>
                <Baseline points="3029,2032 3071,2032 3115,2029"/>
                <TextEquiv>
                    <Unicode>G.H.F.P</Unicode>
                </TextEquiv>
            </TextLine>
            <TextLine id="tr_1_tl_4" custom="readingOrder {index:3;}">
                <Coords points="641,2204 3267,2225 3337,2035 644,2116"/>
                <Baseline points="665,2175 698,2172 743,2172 787,2172 832,2175 877,2175 922,2175 967,2178 1011,2175 1056,2175 1101,2172 1146,2172 1190,2172 1235,2169 1280,2166 1325,2166 1369,2166 1414,2169 1459,2172 1504,2169 1549,2169 1593,2166 1638,2163 1683,2160 1728,2160 1772,2157 1817,2157 1862,2154 1907,2154 1951,2151 1996,2154 2041,2154 2086,2157 2131,2157 2175,2154 2220,2151 2265,2148 2310,2145 2354,2142 2399,2142 2444,2140 2489,2140 2533,2137 2578,2137 2623,2134 2668,2134 2713,2134 2757,2137 2802,2131 2847,2131 2892,2131 2936,2128 2981,2125 3026,2122 3071,2122 3115,2122 3160,2122 3205,2122 3250,2119 3295,2122 3339,2113"/>
                <TextEquiv>
                    <Unicode>plus animé, mais sous une apparence de calme)</Unicode>
                </TextEquiv>
            </TextLine>
            <TextLine id="tr_1_tl_5" custom="readingOrder {index:4;}">
                <Coords points="630,2372 1809,2309 2116,2380 2858,2330 3112,2284 3115,2211 634,2249"/>
                <Baseline points="653,2316 656,2316 701,2319 746,2322 790,2322 835,2325 880,2322 925,2322 970,2319 1014,2319 1059,2319 1104,2319 1149,2319 1193,2316 1238,2316 1283,2316 1328,2313 1372,2313 1417,2313 1462,2313 1507,2313 1552,2307 1596,2307 1641,2307 1686,2304 1731,2304 1775,2301 1820,2301 1865,2301 1910,2301 1954,2298 1999,2301 2044,2301 2089,2301 2134,2298 2178,2295 2223,2292 2268,2292 2313,2292 2357,2289 2402,2289 2447,2286 2492,2286 2536,2286 2581,2286 2626,2286 2671,2286 2716,2283 2760,2274 2805,2274 2850,2274 2895,2274 2939,2274 2984,2271 3029,2268 3074,2268 3118,2265"/>
                <TextEquiv>
                    <Unicode>pour n'avions rien le commun, si ce</Unicode>
                </TextEquiv>
            </TextLine>
            <TextLine id="tr_1_tl_6" custom="readingOrder {index:5;}">
                <Coords points="662,2489 3351,2436 3376,2288 3066,2380 2911,2309 662,2408"/>
                <Baseline points="680,2468 698,2471 743,2474 787,2474 832,2474 877,2471 922,2468 967,2468 1011,2468 1056,2468 1101,2468 1146,2465 1190,2465 1235,2462 1280,2462 1325,2462 1369,2462 1414,2459 1459,2459 1504,2459 1549,2456 1593,2456 1638,2453 1683,2453 1728,2450 1772,2450 1817,2450 1862,2450 1907,2447 1951,2444 1996,2444 2041,2444 2086,2441 2131,2441 2175,2444 2220,2444 2265,2441 2310,2438 2354,2438 2399,2435 2444,2432 2489,2429 2533,2429 2578,2429 2623,2429 2668,2429 2713,2426 2757,2426 2802,2426 2847,2420 2892,2420 2936,2417 2981,2417 3026,2414 3071,2414 3115,2414 3160,2411 3205,2408 3250,2405 3295,2408 3339,2408 3384,2402"/>
                <TextEquiv>
                    <Unicode>n'est le souvenir d'un court bonheur. Et</Unicode>
                </TextEquiv>
            </TextLine>
            <TextLine id="tr_1_tl_7" custom="readingOrder {index:6;}">
                <Coords points="686,2654 3242,2622 3245,2499 690,2503"/>
                <Baseline points="704,2623 746,2623 790,2620 835,2617 880,2617 925,2614 970,2614 1014,2614 1059,2611 1104,2611 1149,2611 1193,2611 1238,2611 1283,2608 1328,2608 1372,2608 1417,2608 1462,2608 1507,2605 1552,2605 1596,2605 1641,2602 1686,2602 1731,2599 1775,2599 1820,2596 1865,2593 1910,2593 1954,2590 1999,2587 2044,2587 2089,2587 2134,2584 2178,2584 2223,2581 2268,2581 2313,2578 2357,2578 2402,2575 2447,2575 2492,2575 2536,2575 2581,2572 2626,2572 2671,2572 2716,2572 2760,2572 2805,2569 2850,2569 2895,2569 2939,2566 2984,2566 3029,2563 3074,2563 3118,2563 3163,2560 3208,2560 3253,2557"/>
                <TextEquiv>
                    <Unicode>Je vous assure que cette sorte de souvenir</Unicode>
                </TextEquiv>
            </TextLine>
            <TextLine id="tr_1_tl_8" custom="readingOrder {index:7;}">
                <Coords points="623,2816 1274,2763 1401,2823 1820,2763 2563,2805 2566,2661 2165,2615 1999,2682 1918,2622 1144,2710 627,2661"/>
                <Baseline points="644,2757 647,2757 692,2754 737,2757 781,2757 826,2760 871,2760 916,2763 961,2763 1005,2763 1050,2763 1095,2760 1140,2757 1184,2760 1229,2760 1274,2760 1319,2757 1363,2754 1408,2754 1453,2751 1498,2748 1543,2748 1587,2751 1632,2748 1677,2745 1722,2745 1766,2742 1811,2739 1856,2739 1901,2736 1945,2733 1990,2730 2035,2730 2080,2730 2125,2730 2169,2730 2214,2730 2259,2727 2304,2724 2348,2724 2393,2724 2438,2724 2483,2719 2528,2722 2572,2727"/>
                <TextEquiv>
                    <Unicode>s'epare plus qu'il ne réunit.</Unicode>
                </TextEquiv>
            </TextLine>
            <TextLine id="tr_1_tl_9" custom="readingOrder {index:8;}">
                <Coords points="1412,2904 1433,2908 1440,2900 1450,2904 1468,2900 1485,2908 1500,2897 1514,2908 1531,2911 1535,2827 1521,2827 1507,2812 1496,2805 1489,2809 1475,2795 1461,2795 1447,2809 1443,2805 1415,2809"/>
                <Baseline points="1432,2886 1477,2886 1522,2883 1537,2886"/>
                <TextEquiv>
                    <Unicode>0</Unicode>
                </TextEquiv>
            </TextLine>
            <TextLine id="tr_1_tl_10" custom="readingOrder {index:9;}">
                <Coords points="630,3069 2710,3073 3221,3038 3224,2908 630,2985"/>
                <Baseline points="650,3059 677,3059 722,3056 767,3053 811,3053 856,3053 901,3053 946,3056 990,3050 1035,3056 1080,3059 1125,3059 1169,3059 1214,3053 1259,3050 1304,3047 1349,3047 1393,3044 1438,3044 1483,3038 1528,3038 1572,3035 1617,3035 1662,3032 1707,3032 1751,3032 1796,3029 1841,3026 1886,3029 1931,3026 1975,3023 2020,3023 2065,3020 2110,3020 2154,3020 2199,3020 2244,3020 2289,3017 2334,3017 2378,3014 2423,3014 2468,3017 2513,3014 2557,3014 2602,3011 2647,3011 2692,3011 2736,3011 2781,3014 2826,3011 2871,3011 2916,3008 2960,3008 3005,3008 3050,3005 3095,3005 3139,3008 3184,3011 3229,3005"/>
                <TextEquiv>
                    <Unicode>tion. Il peut en être tout autrement.</Unicode>
                </TextEquiv>
            </TextLine>
            <TextLine id="tr_1_tl_11" custom="readingOrder {index:10;}">
                <Coords points="1471,3193 1489,3193 1510,3207 1535,3189 1549,3189 1566,3200 1577,3189 1602,3193 1595,3059 1559,3052 1535,3069 1528,3062 1517,3073 1503,3073 1489,3091 1464,3091"/>
                <Baseline points="1486,3151 1528,3160 1572,3160 1608,3160"/>
                <TextEquiv>
                    <Unicode>R</Unicode>
                </TextEquiv>
            </TextLine>
            <TextLine id="tr_1_tl_12" custom="readingOrder {index:11;}">
                <Coords points="644,3376 3245,3362 3249,3214 1605,3298 644,3238"/>
                <Baseline points="665,3345 698,3345 743,3345 787,3345 832,3345 877,3345 922,3345 967,3345 1011,3345 1056,3345 1101,3339 1146,3339 1190,3339 1235,3339 1280,3336 1325,3330 1369,3330 1414,3333 1459,3333 1504,3330 1549,3330 1593,3327 1638,3324 1683,3324 1728,3321 1772,3321 1817,3321 1862,3321 1907,3321 1951,3321 1996,3321 2041,3318 2086,3315 2131,3315 2175,3312 2220,3312 2265,3309 2310,3309 2354,3309 2399,3307 2444,3304 2489,3304 2533,3304 2578,3301 2623,3304 2668,3304 2713,3304 2757,3301 2802,3301 2847,3301 2892,3304 2936,3304 2981,3304 3026,3307 3071,3309 3115,3309 3160,3312 3205,3312 3250,3312"/>
                <TextEquiv>
                    <Unicode>Oui. Mais pas avec une vieature comme</Unicode>
                </TextEquiv>
            </TextLine>
            <TextLine id="tr_1_tl_13" custom="readingOrder {index:12;}">
                <Coords points="665,3516 3182,3460 3186,3326 3010,3407 2186,3337 1989,3428 669,3407"/>
                <Baseline points="686,3489 728,3489 773,3489 817,3489 862,3489 907,3489 952,3489 996,3486 1041,3486 1086,3486 1131,3483 1175,3474 1220,3474 1265,3471 1310,3471 1355,3471 1399,3471 1444,3468 1489,3468 1534,3465 1578,3465 1623,3465 1668,3465 1713,3465 1757,3465 1802,3465 1847,3465 1892,3462 1937,3459 1981,3453 2026,3453 2071,3453 2116,3453 2160,3453 2205,3453 2250,3453 2295,3450 2339,3447 2384,3441 2429,3438 2474,3438 2519,3438 2563,3438 2608,3438 2653,3438 2698,3438 2742,3432 2787,3435 2832,3435 2877,3435 2921,3432 2966,3432 3011,3429 3056,3429 3101,3429 3145,3429 3190,3426"/>
                <TextEquiv>
                    <Unicode>Eveline. Elle était faite pour être la</Unicode>
                </TextEquiv>
            </TextLine>
            <TextLine id="tr_1_tl_14" custom="readingOrder {index:13;}">
                <Coords points="679,3682 3136,3629 3210,3467 2552,3559 683,3531"/>
                <Baseline points="698,3629 710,3635 755,3638 799,3638 844,3638 889,3638 934,3638 978,3638 1023,3638 1068,3635 1113,3632 1158,3632 1202,3629 1247,3623 1292,3623 1337,3623 1381,3623 1426,3617 1471,3617 1516,3617 1560,3617 1605,3617 1650,3614 1695,3614 1740,3611 1784,3608 1829,3608 1874,3608 1919,3605 1963,3605 2008,3602 2053,3605 2098,3602 2142,3602 2187,3602 2232,3602 2277,3602 2322,3602 2366,3599 2411,3599 2456,3599 2501,3596 2545,3596 2590,3593 2635,3590 2680,3590 2724,3590 2769,3590 2814,3590 2859,3590 2904,3590 2948,3587 2993,3587 3038,3584 3083,3584 3127,3584 3172,3581 3217,3581"/>
                <TextEquiv>
                    <Unicode>praîtresse et non la Compagne. Vous le</Unicode>
                </TextEquiv>
            </TextLine>
            <TextLine id="tr_1_tl_15" custom="readingOrder {index:14;}">
                <Coords points="655,3851 1250,3784 1387,3868 1633,3777 1707,3823 2277,3756 2274,3692 1992,3643 1771,3721 1542,3636 1316,3721 894,3668 658,3724"/>
                <Baseline points="677,3781 719,3781 764,3784 808,3787 853,3787 898,3787 943,3790 987,3784 1032,3784 1077,3787 1122,3787 1167,3781 1211,3778 1256,3775 1301,3775 1346,3772 1390,3769 1435,3769 1480,3769 1525,3769 1569,3769 1614,3769 1659,3769 1704,3766 1749,3763 1793,3763 1838,3760 1883,3760 1928,3757 1972,3754 2017,3754 2062,3754 2107,3754 2151,3754 2196,3751 2241,3745 2286,3748"/>
                <TextEquiv>
                    <Unicode>saréz aussi bien que moi.</Unicode>
                </TextEquiv>
            </TextLine>
        </TextRegion>
    </Page>
</PcGts>
