3528 4232
1205 272 1503 395 Rol.
820 395 1772 583 quoi? Elle
1183 567 1529 755 Olg.
820 664 3370 881 Elle a sa ce qu'elle était pour lui. Ne
813 846 3162 1030 saisissez. vous pas encore? Il ne
839 943 3091 1166 l'a ni trompie, ni abaissée, elle
807 1102 3140 1319 était depuis longtemps préparée à
781 1280 3289 1458 son mariage, comme à une chose
807 1380 3133 1584 qui va de soi et lorsqu'il le lui
784 1568 3091 1733 écrivit (elle montre le bureau) elle
781 1675 3285 1902 a aussi peu pleuré sur lui que lui
781 1844 3026 2012 sur elle: jamais ils ne seraient
784 2012 3230 2171 venus vous prier de leur donner la
765 2100 3188 2307 liberté. La liberté qu'ils voulaient
787 2278 1646 2469 ils l'ont ené.
1302 2433 1610 2576 Rot
765 2514 3084 2725 Elle le savait? Et vous qui vouliez
784 2715 2958 2884 me cacher ces lettres, vous me
765 2838 2466 3055 dites cela maintenant.
1299 3020 1620 3208 Olg
761 3091 3308 3315 ne vous ai-je pas rendu aussi votre
729 3279 3276 3457 liberté? Pendant des années, vous
761 3383 3360 3590 avez souffert à cause de cette femme,
761 3561 3308 3778 tombant d'une illusion dans l'autre,
