3496 4216
1051 263 1977 455 Robert (surpris)
546 431 1650 667 Olga. (il se lève)
1084 586 3206 781 Olga (est dans un embarras qu'elle
552 737 3112 882 cherche avec peine à maîtriser. Pour l'instant
566 909 3081 1108 M y reussit) Je n'ai pas vous serrer
569 993 2758 1199 la main de toute ca journée.
1142 1179 1627 1327 Robert.
606 1310 3085 1468 C'est vrai! Nous avons à peine pu
586 1455 3253 1603 échanger un mot. de vous remercie
613 1596 2159 1792 (il lui tend la main)
1162 1728 1620 1946 Olya
613 1889 3260 2101 Vous avez beaucoup d'amis ; on a
613 2031 3169 2249 pu s'en rendre compte aujourd'hui.
1182 2172 1701 2330 Robert
616 2310 3243 2512 Oui. Les derniers viennent de partir
1148 2458 1593 2674 Olga
589 2613 3297 2798 Qui donc etait encore là, aussi tard.
1148 2748 1627 2920 Robert
1152 2906 3347 3054 A werkmänn, a lamestable
620 2906 1121 3085 Brand
606 3058 3280 3243 bavard. Il est fabuleusement bien
623 3182 3108 3384 d'avoir perdu sa femme l'année
626 3357 3304 3495 dernière.. Oui vraiment! il parle de
633 3499 3206 3671 des Chases en expert... quel penannage
633 3664 3223 3889 odieux... (un temps) comment avez. vous
