3560 4264
1363 328 1534 471 a
608 396 3358 605 vous précisément, vous qui saviez si bien
608 588 3051 782 quelles étaient nos relations, entre
612 728 1643 943 Eveline et moi.
1384 926 1486 1090 o
635 987 3198 1216 après dix ans de mariage! mais cela
653 1172 3170 1326 n'a pas le moindre rapport avec mes
646 1305 1179 1517 lettres?
1363 1452 1496 1599 R
666 1599 3266 1811 Et croyez-vous que je me sois fait quelque
676 1787 3355 1906 lallusion : le serait complètement fou...
693 1882 3259 2077 J'ai épousé une femme trop jeune...
704 2029 3232 2207 Je savais fort bien qu'elle ne pouvait
707 2183 3406 2337 me réserver qu'une année ou deux.. Oui
806 2313 3420 2525 je m'en rendais parfaitement compte...
649 2467 3283 2637 Vous avez que j'ai peu d' orlusion.. mais
687 2569 3372 2767 en somme combien d'années sont nôtres?
666 2753 3184 2958 La vie n'est d'yà pas si longue pour
693 2911 3105 3143 qu'on puisse renoncer de gaieté de
728 3078 3194 3235 cœur a un an de bonheur.... Je verie
762 3208 3314 3386 parler naturellement des femmes dont
734 3334 3286 3502 où est amouneux : avec alles-là, où a
748 3502 3167 3652 bientôt fini. Il y a autre chose de
700 3649 2583 3843 beaucoup plus important.
