3496 4216
762 213 3147 481 pour pouvoir l'aimer et la rapporter
765 451 3006 618 davantage. Et vous voulez vous
775 553 3078 756 chagriner, souffrir d'une destinée
762 720 2921 873 qui tourna mal, mais dont cette
762 837 3101 1060 femme ne souffrait pas, parce que
746 972 3324 1174 la vie, à ses yeux, était l'égeré. mais
788 1161 3343 1354 des hommes tels que vous ne comprennent
765 1273 1351 1462 pas cela.
1452 1416 1780 1557 Rob
729 1583 3108 1708 seulement aujourd'hui! Seulement à
756 1688 3153 1894 présent. Pourquoi avez vous regardé
762 1842 3353 2018 cela sans me secouer de ma lâcheté?
752 1979 3140 2179 Exusquoi ne l'ai-je pas ici, il y a
1266 2143 2686 2336 ? Il y a trois jours?
762 2192 1240 2345 un an
1466 2283 1891 2503 olga.
726 2408 3023 2624 Pard que je Tremblais devant cela
733 2581 3366 2738 comme vous. même, on comme vous
779 2718 3206 2898 Jamais vous n'avez pu le savoir...
739 2882 2316 3072 aujourd'hui seulement.
1485 3029 1812 3173 Rob.
765 3121 3278 3350 est-ce donc autre chose, parce qu'elle est
756 3311 1250 3556 morte?
1456 3376 1780 3621 Olg
729 3566 3199 3775 non ce n'est pas autre chose? mais c'est
