3496 4248
710 231 3233 456 clair comme cela n'a jamais été. Aussi
727 420 3203 590 longtemps qu'elle a vécu, cette miséralle
694 544 3073 727 aventure a emprunté l'apparence de
707 733 2864 922 son importance uniquement à sa
694 847 3148 1040 presence, à San Sauriré. Aussi vous ne
710 997 3073 1209 pourriez pas sentir ce que vous devez
720 1167 3255 1339 éprouver aujourd'hui, maintenant que
714 1326 3174 1473 vons êtes an-delà de votre colère....
736 1434 3125 1607 combien loin, infiniment loin de vous
704 1551 3099 1753 a vecu cette femme qui, par hasard
704 1747 2763 1939 est morte dans cette maison.
1965 1867 2695 2050 (elle sort).
1255 2157 1695 2337 Sc. 8
1013 2268 3233 2470 Robert (silenciens un moment. Ius
642 2421 3148 2662 il ferme le tiroir du bureau à elé, la retire
668 2584 3291 2845 se lève, va à la porte et appelle) François
1388 2744 1551 2904 Fr.
707 2910 1004 3099 Mr?
1388 3034 1594 3194 k
723 3138 3086 3366 Je partirai demain matin. Piepary
707 3288 3194 3516 tout et occupez. vous d'une voiture
740 3513 1678 3702 pour 7 heures.
1405 3627 1506 3787 F
723 3679 1346 3976 B:en. Mv.
