3560 4232
653 353 3158 545 de vous remène. Mais il ne faut pas
660 512 2781 717 croire que je manque de sincerité.
1377 687 1535 882 R
660 835 2215 1047 Pourquoi le croirais-je?
1384 983 1501 1107 0
673 1101 3343 1279 Un jour, je vous raconterai aussi toute cette
680 1232 3326 1458 Listoire, je veux dire ce qu'Evaline seule à
673 1427 3356 1582 su... dans la crainte que mon image ne
697 1555 2740 1747 se transforme vis à vis de vous.
1421 1690 1565 1835 2
1410 1794 3397 2010 ne changera jamais pour moi.
690 1845 1377 2040 votre image
1414 2010 1522 2127 O
687 2134 3390 2303 qui sait! Vous avez toujours en une trop
720 2265 3009 2430 bonne opinion de ma personne!
1427 2427 1562 2558 R
707 2535 3147 2727 Je ne crois pas non plus que ces lettres
737 2706 3147 2861 m'apprendraient quelque chose de
744 2875 3356 3003 nouveau sur vous. Ce que vous voulez
741 2982 3215 3205 mettre en sûreté, ce ne sont pas vos
771 3168 1235 3333 screts.
1444 3255 2562 3501 0 (adisitement)
764 3434 2202 3609 Que serait-ce donc?
764 3689 2683 3888 Peut être les secrets d'une autre.
