3512 4216
815 294 2928 515 (à Robert) les ne dois pas rester ici
1342 461 1769 622 Robert
790 584 2982 790 Dans les premiers jours d'Octobre, je
818 761 3115 935 m'installerai ailleurs. Il n'y a plus
799 881 3039 1112 longtemps jusque là. avant jirai
799 1042 3329 1229 plusieurs fois au laboratoire. J'y ai des
818 1166 3152 1380 élèves qui travaillent depuis la fin
777 1317 2410 1516 à Août. Deux américains...
1327 1450 1797 1630 Alfred
802 1589 3282 1766 Oui, tu me las écrit dans ta dernière
805 1769 3345 1911 lettre, mais tu ne dois pas rentrer aussi
805 1883 3067 2088 vite a cause de cela, tu ne vas pas
805 2044 3036 2259 Le remettre immédiatement à la
799 2173 1238 2420 t'ache.
1355 2341 1835 2486 Robert.
780 2461 3250 2682 tu es etrange. Que puis-je faire, à ton
780 2634 3310 2802 avis? Je t'asoure que je ne suis absolu.
774 2786 2600 2979 ment disposé qu'a travailler.
1346 2938 1835 3146 Alfred
777 3055 2944 3235 En en serais incapable, maintenant
1396 3212 1807 3367 Robert
771 3351 3184 3550 Tu tarles comme tout le monde.. Je
752 3494 3219 3689 m'en sens parfaitement capable; j'en
764 3642 2458 3885 ai même l'ardent désir...
