3544 4280
526 479 3107 640 une salos élégant. les tapis et les meubles
519 593 3080 758 sont le couleur claire, plutôt bleue. A
529 738 3232 957 gauche, en avant, ou bureau de dame. Au
576 859 3235 1089 pians à Dr. Porte à dr. et à g. au fond
546 1041 3168 1223 une grande porte fenêtre ouverte, donnant
536 1180 3151 1388 sur un balcon. Pagoage : une rue montant
559 1291 3215 1503 tout droit jusqu'au jour d'un cimetière. Le
570 1439 3171 1638 mur n'est pas haut. On voit des tombes et
570 1631 3033 1803 des croix. Au loin, des montagnes par
590 1752 2945 1918 élevées qui se confondent. la soirée est
607 1904 3313 2083 avancéer, il fait presque nuit. Le paysage
596 2009 3299 2238 est dans l'ombre sur la rue d'escrte. clair
586 2228 1058 2410 de lune.
1382 2332 1776 2494 Sc.1
826 2430 3114 2686 Robert. le Profess. Werkmann. Le
573 2645 1503 2885 Profess. Brand
981 2763 3124 2962 Robert (entre à dr. recondissant le
593 2918 2319 3131 Pr. Werkmann et le Pr. Brand
714 3023 3407 3228 Excusez- moi, mons, il fait si sombre
677 3161 3228 3407 ici... Je vais chercher de la lumière.
1004 3377 1796 3505 Werkmann
681 3451 3249 3673 mais, cher ami, nous trouverons bien
687 3663 1520 3835 le chemin.
