3528 4232
1295 250 1591 480 Rob.
2065 383 2240 594 ?
815 409 2003 604 Et l'autre, l'aulie
1243 584 1490 753 Sie
795 682 1636 896 quelle autre
1315 812 3146 1023 Rob (le tenant par l'épaule
717 990 1935 1133 et d'esignant la rue)
1286 1110 1451 1230 ,
721 1120 1409 1347 Celle-là :
1273 1230 3178 1484 (Alfred jette un signe à Olga).
724 1383 2451 1623 qu'on tu fait de celle. Cà
1227 1539 2983 1759 Alf (après un silence, se
1643 1717 2357 1831 devoltant
724 1831 3094 2016 Pourquoi jouer. tu aussi longtemps
721 1951 3279 2165 avec moi, si tu le sais? Pourquoi
721 2113 3172 2315 m'as : là dit des paroles d'amitié, si
717 2259 3071 2441 tr le sais? En avais le doit de
750 2399 3068 2633 faire de moi ce que tu voulais
743 2581 2951 2714 mais non de te jouer de moi.
1344 2714 1617 2850 Rob
734 2814 3269 3035 Cela n'a pas été un jeu de t'aurais
711 2990 3318 3165 soulevé de terre si la douleur t'avait
743 3139 3026 3334 brise. J'aurais été avec toi à sa
763 3256 3282 3464 tombe, si c'était ta maîtresse qui fut
743 3409 3249 3636 couchée là. mais tu en as fait une
747 3551 3071 3811 fille et très as si bien rempli cette
