3123 4280
400 286 2614 540 du pardon et de la générisité dans
1613 445 2877 608 ne le veux pas. Il
367 452 1554 683 chaque mot. Et
400 627 2806 800 n'y a n'en se cela. Je ne l'ai jamais
380 728 2994 946 haï ; je ne le fais pas. Il n'y a aucune
345 891 2877 1031 raison se bair ni de pardonner. Elle
358 1044 2864 1203 lui a appartenu. ne nous laissons pas
393 1164 2942 1353 troubler par des conditions caterieuses...
397 1307 2874 1460 leur existence devait changer, elle ne X.
358 1476 2793 1645 Je vous en prie, Robert, ne le recevez
371 1609 1444 1834 pas aujourd' hui
1079 1775 1219 1899 R
397 1869 2890 2042 Vous saviez parfaitement bien qu'elle
384 2048 1723 2243 noulait me quitter.
384 2334 2146 2536 Comment j'aurais-je su
361 2621 2780 2835 Parce qu'elle s'était confiée à vous.
1138 2783 1239 2968 0
361 2936 917 3095 Oh now?
1044 3040 1287 3199 R
345 3235 2653 3414 Comment savig. vous alors où se
341 3342 1947 3537 trouvaient ces lettres.
1144 3472 1255 3632 O
367 3612 2682 3866 Je vous un jour, par hasard... et
