3464 4232
1148 180 2317 503 2. (event lence)
616 405 2810 588 Je vous donnerai d'autres ordres
604 566 2832 762 demain. maintenant alles.
639 689 3038 882 nous coucher. (sur un mouvement
582 844 3123 1043 d'hésitation du domestique, 7e fermerai
610 996 3130 1179 moi-même cette chambre à clé. Elle
613 1141 2874 1385 le restera fermée jusqu'à mon
639 1312 1129 1489 retour.
582 1568 1211 1761 Bien Mr.
1264 1739 1454 1881 R.
591 1884 1141 2067 Bousoir
1258 2014 1397 2165 T.
610 2137 2216 2396 Bonsoir Mo. (il sort)
1264 2289 1464 2450 R.
768 2409 3082 2599 (ferme ca poste a clé derni en lui, puis
2273 2567 2384 2652 va
588 2589 3063 2804 va vers le balcon. Comme il fermer, il
2482 2753 3092 2937 l'apport-
572 2785 2453 2899 aperçoit la couranne, il la prend
610 2877 2867 3070 d'un chambre et la dépase sur le bureau
594 3000 3028 3196 Puis il va à la parte de dv. le flambeau à
588 3171 2994 3345 la main. A la poste, il reste un instant
579 3300 3016 3503 immobile, se retourne, regarde toute la chambre
626 3474 3010 3708 encore une fois. Puis il sont. On entend un
597 3610 2333 3803 semble tour de clé.) Rideau
