2057 2504
220 218 1867 408 andere - und gerade die werde
229 350 1872 577 na den Conlisemiter am tiefsten
210 549 1891 785 gehafft. Cleräs in der Art mußte
220 737 1889 966 auch in dem Stück gesagt wer¬
223 901 1917 1139 den. Ihr Stück ist kuhe, - ich möchte
86 1096 1807 1351 wir es auch trotzig haben. An
91 1290 1828 1502 die vor allem lassen die Ihren Helden
223 1485 1889 1718 nicht so ergeben sterben. Ich hab es schon
190 1694 1818 1902 anfangs gesagt – jetzt fällt er mir
238 1885 1859 2053 wieder ein - die sehe, wie ernst er
223 2077 1113 2284 und damit ist!
