2184 2856
170 284 1906 463 Da wenn die Freückregkeit nichts andres le¬
162 439 1867 598 diesen würde als ein Keig mehr für Ihre
157 601 1891 815 Existenz, als ein Ziel oder ein Jahr - den
177 734 1871 959 wär es ja gut; aber die Feindung mitert ist ein
177 911 1869 1114 Hinderwiss, das die sich selbst in der Weg
168 1057 1898 1280 stellen, viel größer als Sie öffenten ge¬
164 1227 1865 1459 ahnt haben. Un Thier Kraft zweifle ich
159 1419 1889 1616 nicht, Sie wissen es in aber die sehen, es gibt
186 1625 1941 1810 Hierwissi, die einfach nicht zu nehmen sind.
192 1788 1920 1968 Was thut man bei Spielsweise in einem
157 1885 1909 2136 Fall wie in dem unsern? Herr Blünnen
179 2123 1856 2326 thel sagt: Ich habe keine Zeit; Ihr Rück zu
199 2313 1904 2479 lesen. - Da stehen sie nun! Seien Sie über¬
