1960 2487
1114 125 1736 298 Wien, 17. Nov. St.
1721 283 1800 404 br
142 270 730 449 Lieber Freund!
142 399 1703 611 mit Ihrem Stück haben sie dem Thealer
142 607 1805 779 ein neues hiliee entsteht und haben
123 721 1822 946 eine Reise von Gestalten geschaffen. Die Äthern
104 870 1805 1107 die Lökes haben. Und mein Gestalten
114 1062 1854 1267 manche an die man sich bis jetzt nicht heran
125 1189 1772 1399 gutraut hat. Die besten Figuren sind die
110 1360 1831 1595 die aus sich herausrede, zwa naem;
136 1533 1805 1755 de haben Sie mit ein paar Kirchen¬
132 1690 1768 1891 Klänger gegrühnet; Charlotte. B. -
117 1863 1762 2044 Wassermann ist ausgezeichnet; der
807 2014 1792 2215 Ihren häufig nachge¬
130 2034 792 2198 ist wohl beruhen,
