<?xml version="1.0" encoding="UTF-8" standalone="yes"?>
<PcGts xmlns="http://schema.primaresearch.org/PAGE/gts/pagecontent/2013-07-15" xmlns:xsi="http://www.w3.org/2001/XMLSchema-instance" xsi:schemaLocation="http://schema.primaresearch.org/PAGE/gts/pagecontent/2013-07-15 http://schema.primaresearch.org/PAGE/gts/pagecontent/2013-07-15/pagecontent.xsd">
    <Metadata>
        <Creator>prov=READ-COOP:name=TrHtr:version=2.1.0:model_id=51170:date=25_07_2023_05:02</Creator>
        <Created>2023-05-01T21:55:17.227+02:00</Created>
        <LastChange>2023-07-25T05:02:26.987+02:00</LastChange>
        <TranskribusMetadata docId="1416432" pageId="54946439" pageNr="140" tsid="130585263" status="IN_PROGRESS" userId="64420" imgUrl="https://files.transkribus.eu/Get?id=LCINFCMWBMQEVVCUXVAHFSRY&amp;fileType=view" xmlUrl="https://files.transkribus.eu/Get?id=XPPOJYFVHWCQBDYTILUPASEE" imageId="44450524"/>
    </Metadata>
    <Page imageFilename="1416432_0140.jpg" imageWidth="2024" imageHeight="2488">
        <ReadingOrder>
            <OrderedGroup id="ro_1711831850713" caption="Regions reading order">
                <RegionRefIndexed index="0" regionRef="tr_1"/>
                <RegionRefIndexed index="1" regionRef="tr_2"/>
            </OrderedGroup>
        </ReadingOrder>
        <TextRegion id="tr_1" custom="readingOrder {index:0;}">
            <Coords points="184,215 1897,215 1897,1236 184,1236"/>
            <TextLine id="tr_1_tl_1" custom="readingOrder {index:0;}">
                <Coords points="186,300 518,351 1080,274 1232,321 1450,261 1588,328 1892,309 1892,249 1725,242 1478,135 1326,219 1151,174 630,221 189,137"/>
                <Baseline points="199,289 241,289 286,286 331,286 375,286 420,286 465,286 510,283 554,283 599,280 644,280 689,277 733,277 778,277 823,277 868,277 912,271 957,271 1002,271 1047,271 1091,271 1136,268 1181,268 1226,265 1270,265 1315,268 1360,265 1405,265 1449,265 1494,265 1539,265 1584,265 1628,265 1673,268 1718,268 1763,268 1807,268 1852,274 1897,277"/>
                <TextEquiv>
                    <Unicode>Anmeister hat ich in diesem Sauer gegen</Unicode>
                </TextEquiv>
            </TextLine>
            <TextLine id="tr_1_tl_2" custom="readingOrder {index:1;}">
                <Coords points="199,465 810,482 1123,411 1785,458 1808,336 1348,381 1200,321 992,362 784,324 491,343 381,405 298,360 201,384"/>
                <Baseline points="214,435 244,435 289,435 334,435 378,432 423,432 468,429 513,426 557,429 602,426 647,426 692,423 736,420 781,420 826,417 871,417 915,414 960,414 1005,411 1050,408 1094,408 1139,405 1184,405 1229,405 1273,405 1318,405 1363,408 1408,405 1452,405 1497,405 1542,405 1587,405 1631,405 1676,405 1721,405 1766,405 1810,408"/>
                <TextEquiv>
                    <Unicode>den Schlässah des Stücks einzuwenden,</Unicode>
                </TextEquiv>
            </TextLine>
            <TextLine id="tr_1_tl_3" custom="readingOrder {index:2;}">
                <Coords points="227,632 694,606 791,651 1146,604 1408,643 1626,563 1828,591 1830,467 1515,506 1095,467 953,536 758,486 679,553 362,488 229,540"/>
                <Baseline points="238,587 268,584 313,584 357,584 402,581 447,581 492,578 536,578 581,578 626,578 671,581 715,581 760,581 805,581 850,581 894,578 939,578 984,581 1029,578 1073,578 1118,575 1163,575 1208,575 1252,572 1297,572 1342,569 1387,569 1431,563 1476,560 1521,560 1566,557 1610,557 1655,560 1700,560 1745,560 1789,560 1834,563"/>
                <TextEquiv>
                    <Unicode>den eigentlichen Schlafssah, aber der</Unicode>
                </TextEquiv>
            </TextLine>
            <TextLine id="tr_1_tl_4" custom="readingOrder {index:3;}">
                <Coords points="197,791 848,735 1712,791 1853,746 1855,619 1241,703 1063,638 904,694 737,647 199,686"/>
                <Baseline points="211,745 229,742 274,742 319,742 363,739 408,736 453,736 498,736 542,733 587,733 632,733 677,733 721,733 766,733 811,733 856,730 900,727 945,724 990,724 1035,721 1079,718 1124,718 1169,718 1214,718 1258,718 1303,721 1348,724 1393,724 1437,724 1482,718 1482,718 1527,712 1572,710 1616,710 1661,710 1706,712 1751,712 1795,718 1840,724 1858,727"/>
                <TextEquiv>
                    <Unicode>sterbende Lac Samuel du spreche.</Unicode>
                </TextEquiv>
            </TextLine>
            <TextLine id="tr_1_tl_5" custom="readingOrder {index:4;}">
                <Coords points="199,971 454,904 694,983 769,919 1463,947 1583,885 1843,906 1873,788 1076,812 979,769 806,810 694,771 201,857"/>
                <Baseline points="214,909 220,909 265,903 310,900 355,897 399,894 444,891 489,888 533,886 578,888 623,888 668,888 712,886 757,883 802,886 847,886 891,886 936,883 981,883 1026,883 1070,883 1115,883 1160,883 1205,886 1249,883 1294,886 1339,883 1384,880 1428,880 1473,880 1518,877 1563,871 1607,874 1652,871 1697,874 1742,874 1786,874 1831,877 1876,874"/>
                <TextEquiv>
                    <Unicode>hat. Lassen die ihn lieber wortlos</Unicode>
                </TextEquiv>
            </TextLine>
            <TextLine id="tr_1_tl_6" custom="readingOrder {index:5;}">
                <Coords points="221,1127 737,1048 868,1103 1048,1052 1202,1084 1288,1048 1363,1091 1472,1031 1665,1071 1768,1050 1770,964 1271,971 1174,928 1028,990 833,951 692,1033 523,934 223,1009"/>
                <Baseline points="235,1047 250,1047 295,1050 340,1053 384,1053 429,1050 474,1050 519,1050 563,1047 608,1050 653,1050 698,1050 742,1047 787,1047 832,1047 877,1044 921,1044 966,1044 1011,1041 1056,1041 1100,1038 1145,1038 1190,1035 1235,1035 1279,1032 1324,1029 1369,1032 1414,1032 1458,1032 1503,1032 1548,1029 1593,1029 1637,1032 1682,1032 1727,1035 1772,1041"/>
                <TextEquiv>
                    <Unicode>sterken – dieser Tod sagt mehr</Unicode>
                </TextEquiv>
            </TextLine>
            <TextLine id="tr_1_tl_7" custom="readingOrder {index:6;}">
                <Coords points="171,1238 317,1288 553,1236 1894,1268 1894,1163 1459,1183 1136,1114 508,1174 343,1086 171,1193"/>
                <Baseline points="184,1220 229,1217 274,1217 319,1217 363,1217 408,1214 453,1217 498,1217 542,1217 587,1220 632,1220 677,1223 721,1223 766,1223 811,1223 856,1223 900,1226 945,1223 990,1226 1035,1223 1079,1226 1124,1223 1169,1223 1214,1217 1258,1217 1303,1217 1348,1217 1393,1217 1437,1214 1482,1211 1527,1214 1572,1214 1616,1208 1661,1205 1706,1205 1751,1208 1795,1211 1840,1214 1885,1217 1897,1223"/>
                <TextEquiv>
                    <Unicode>besserer, ich glaube selbst, was ganz</Unicode>
                </TextEquiv>
            </TextLine>
        </TextRegion>
        <TextRegion id="tr_2" custom="readingOrder {index:1;}">
            <Coords points="158,1328 1915,1328 1915,2277 158,2277"/>
            <TextLine id="tr_2_tl_1" custom="readingOrder {index:0;}">
                <Coords points="208,1425 1697,1423 1840,1403 1843,1283 1442,1335 1142,1277 1024,1330 773,1296 671,1350 471,1309 364,1378 208,1358"/>
                <Baseline points="220,1414 235,1411 280,1408 325,1408 369,1402 414,1399 459,1396 504,1393 548,1396 593,1396 638,1396 683,1393 727,1393 772,1396 817,1396 862,1393 906,1393 951,1390 996,1390 1041,1387 1085,1387 1130,1387 1175,1387 1220,1384 1264,1387 1309,1384 1354,1381 1399,1381 1443,1381 1488,1381 1533,1381 1578,1381 1622,1381 1667,1381 1712,1381 1757,1378 1801,1381 1846,1381"/>
                <TextEquiv>
                    <Unicode>andes als der Urkenden selbst.</Unicode>
                </TextEquiv>
            </TextLine>
            <TextLine id="tr_2_tl_2" custom="readingOrder {index:1;}">
                <Coords points="231,1583 821,1600 1333,1545 1727,1579 1858,1566 1858,1517 1598,1521 1339,1446 671,1498 433,1453 231,1525"/>
                <Baseline points="244,1563 250,1563 295,1566 340,1563 384,1563 429,1560 474,1557 519,1557 563,1557 608,1557 653,1557 698,1554 742,1557 787,1557 832,1557 877,1557 921,1554 966,1554 1011,1554 1056,1548 1100,1548 1145,1545 1190,1545 1235,1542 1279,1542 1324,1542 1369,1545 1414,1539 1458,1539 1503,1539 1548,1539 1593,1536 1637,1539 1682,1539 1727,1542 1772,1539 1816,1539 1861,1542"/>
                <TextEquiv>
                    <Unicode>der kleibend sagt: Täcke, Beider, eine</Unicode>
                </TextEquiv>
            </TextLine>
            <TextLine id="tr_2_tl_3" custom="readingOrder {index:2;}">
                <Coords points="186,1753 482,1733 598,1783 1455,1710 1560,1765 1652,1712 1905,1755 1905,1690 1656,1594 1198,1665 518,1630 186,1716"/>
                <Baseline points="199,1736 208,1736 253,1736 298,1730 343,1727 387,1727 432,1724 477,1721 522,1721 566,1721 611,1718 656,1718 701,1718 745,1718 790,1718 835,1718 880,1718 924,1718 969,1721 1014,1721 1059,1721 1103,1718 1148,1715 1193,1712 1238,1712 1282,1715 1327,1712 1372,1712 1417,1709 1461,1706 1506,1706 1551,1706 1596,1706 1640,1709 1685,1709 1730,1712 1775,1715 1819,1718 1864,1721 1909,1724"/>
                <TextEquiv>
                    <Unicode>wird euch erst wieder leben lassen, wenn</Unicode>
                </TextEquiv>
            </TextLine>
            <TextLine id="tr_2_tl_4" custom="readingOrder {index:3;}">
                <Coords points="191,1930 1525,1879 1832,1913 1834,1808 1230,1789 1058,1849 868,1798 739,1847 574,1793 191,1853"/>
                <Baseline points="202,1888 226,1888 271,1891 316,1888 360,1888 405,1888 450,1885 495,1882 539,1882 584,1882 629,1882 674,1882 718,1882 763,1882 808,1885 853,1882 897,1885 942,1888 987,1888 1032,1888 1076,1888 1121,1885 1166,1885 1211,1882 1255,1882 1300,1882 1345,1882 1390,1879 1434,1879 1479,1876 1524,1876 1569,1873 1613,1873 1658,1873 1703,1873 1748,1876 1792,1879 1837,1885"/>
                <TextEquiv>
                    <Unicode>ihr zu sterben wisst. - Sein Tod aber</Unicode>
                </TextEquiv>
            </TextLine>
            <TextLine id="tr_2_tl_5" custom="readingOrder {index:4;}">
                <Coords points="210,2134 1551,2074 1656,2145 1911,2155 1909,1945 208,1978"/>
                <Baseline points="220,2061 265,2070 310,2067 355,2067 399,2067 444,2061 489,2058 533,2058 578,2061 623,2061 668,2061 712,2064 757,2067 802,2067 847,2064 891,2064 936,2064 981,2061 1026,2064 1070,2064 1115,2064 1160,2064 1205,2064 1249,2067 1294,2067 1339,2067 1384,2067 1428,2067 1473,2067 1518,2067 1563,2067 1607,2067 1652,2070 1697,2070 1742,2076 1786,2082 1831,2091 1876,2097 1915,2094"/>
                <TextEquiv>
                    <Unicode>spricht. Dieser arme Teufel und edle deutsch</Unicode>
                </TextEquiv>
            </TextLine>
            <TextLine id="tr_2_tl_6" custom="readingOrder {index:5;}">
                <Coords points="148,2237 632,2312 1116,2252 1838,2284 1836,2145 1774,2140 1570,2198 1476,2145 1031,2196 958,2160 831,2213 508,2130 146,2202"/>
                <Baseline points="158,2222 202,2231 247,2231 292,2234 337,2237 381,2234 426,2240 471,2240 516,2240 560,2246 605,2246 650,2252 695,2249 739,2249 784,2249 829,2249 874,2249 918,2249 963,2246 1008,2246 1053,2246 1097,2246 1142,2246 1187,2252 1232,2249 1276,2249 1321,2249 1366,2249 1411,2246 1455,2249 1500,2252 1545,2255 1590,2255 1634,2255 1679,2258 1724,2258 1769,2264 1813,2264 1843,2267"/>
                <TextEquiv>
                    <Unicode>muß sich von einem erbännlichen</Unicode>
                </TextEquiv>
            </TextLine>
        </TextRegion>
    </Page>
</PcGts>
