1560 2071
1133 116 1210 203 31
1226 114 1306 243 ✓
425 373 964 555 Cietar Treund,
156 508 1301 727 ich samt Ihnen den Brief des M.J.
138 660 1374 837 ein und wie der Ansicht, daß Sie
138 838 1395 1025 ihn auf denselben vielleicht
138 978 1404 1174 persönlich entworteten. Qlanten in
166 1126 1411 1298 nicht: daß Blumenthol einfangen:
145 1292 1435 1454 auf die neuerlich befrage, ob mir
161 1430 1443 1634 ihm das Stück noch einmal jähre:
161 1606 1406 1773 den solle, nicht geantwortet, wissen
164 1754 1437 1911 die schon - jetzt lässt dieses uden:
