2115 2587
1682 79 1787 210 (2
1261 127 1362 276 V
1408 143 1668 241 18.2.91
1730 114 1822 270 1
1530 230 1679 338 (95)
583 252 1879 432 Lieber Freund! Das teigrau haben
480 441 1914 588 Sie ja. Ich bekam von Schick einen kür¬
197 563 1897 717 gen Straf: "Gestern ist aber Stück Dr. Schnabels
197 688 1890 820 per unfrank. Post bei mir eingetroffen: wegen
184 829 1925 1000 Ueberhäufung konnte er von Blumenthat gar nicht gelesen
164 976 1881 1140 werden? Was soll nun erschehe?  Ich habe
182 1103 1894 1300 mir bei Schick sofort den Brief Bl. 6 ekelen,
173 1269 1897 1399 den Sie dann gleich erhalten, aber zu weitern
189 1399 1954 1552 Entschließungen brauchen wir ihn ja nicht. Kei¬
213 1561 1881 1741 nesfalls haben Sie einer Grundverstimmt
204 1684 1907 1846 zu sein – höchsters über einen sinnenschlichen
191 1855 1947 2019 Trethum; - es ist Ihnen schon wieder einmal
184 2011 1943 2153 passirt, einen Theaterdieder für ein litemischer
184 2153 1903 2335 Indicilium zu halten. Marien sey ich: literarische¬
