1960 2487
113 186 1746 390 Bühermicksamkeit - soweit das vorher
148 321 1759 486 zusagen ist u muss Ihr Stück haben.
131 490 1715 691 ob ein Theater die Muth haben wird
113 649 1740 847 und aufzuführen -? - doch davon kann
161 812 1788 1031 später gesprochen werden. Ich freie mich
138 1010 1671 1223 das Stück (welches sie doch anfertig
136 1208 1809 1421 ein „Trauersprit“ neuen sollten, schon
131 1369 1790 1548 bald wieder zu lesen, und wenn Sie
156 1548 1809 1723 Ein den sollten, daß den paar keiner
131 1732 1798 1928 kungen, die ich wie erlaubt
177 1892 1665 2126 habe, einige der Ueberlegung
415 2101 1834 2328 th sind, so werde ich das viele
154 2163 367 2305 Wm
