2057 2487
227 156 1815 330 er ist geneigt. Die Privatadasse ist
218 289 1875 503 III. Reisserstr. 25. Er ist in der Kanz¬
216 462 1890 693 Dei seines Vaters beschäftigt – (dann Adresse
203 668 1813 856 neulich erst gewechselt hat er keine
199 809 1920 1029 ausgeblicklich entfallen ist) - vielleicht
214 957 1890 1175 ist aber die Privatadresse vorzuziehen!
257 1145 1843 1352 Sch. gegenüber sprach ich zu großen
280 1318 1911 1530 Vorsicht von einem in Berlin aufässigen
265 1455 1909 1680 Autor. Ich hoffe Ihnen nun das ab¬
103 1673 193 1763 en
259 1624 1853 1838 geschrieben, denn er, bald sondern
280 1795 1545 1986 zu können, nicht wahr? -
282 1971 1877 2159 Ich kann diesen Brief nicht schließen
280 2146 1887 2350 ohne Ihnen für The köstliches Teulletog
