2008 2488
228 149 1871 384 Herrn Schick hat ich Ihren Namen
200 343 1841 565 nicht genannt, und somit die
202 465 1884 727 ich, wenn Sie nicht selbst noch je¬
179 714 1831 914 mande eingereicht haben,
215 889 1856 1132 der einzige lebend bersch
205 1055 1839 1292 austen Ihren, der den Nor¬
196 1274 1910 1503 fasser rechs. Es war nicht durch¬
226 1481 1837 1677 führbar, daß die Abschrift bei
190 1701 1858 1899 mir gemacht würde; da ich
279 1914 1895 2131 zu den Zeilen, in welchem der¬
220 2065 601 2206 Abschreiber
230 2099 1880 2304 selbe arbeiten konnte, nicht er¬
