2040 2504
242 173 1906 374 allen Samuel und recht die Frau
233 349 1867 550 ein Tischen zu gewollt; in 1. Okt
98 477 199 635 4
242 528 1895 714 besonders. Würzlichner versteht
220 704 1867 915 nicht ganz. Ich glaub, in Ihrem
220 883 1884 1086 Ihrelei nach Objectivität haben Sie
220 1052 1908 1294 ihn geradezu sympathisch zu machen.
96 1112 207 1232 6
207 1268 1921 1480 versucht. Aber, glauben Sie mir, er ist
220 1446 1921 1662 ein ganz ordneren Herl. Geben Sie
218 1634 1831 1820 ihm wenigstens stärkere destine,
203 1812 1921 1976 wenn er von Jacob Abschied mit¬
182 1978 1884 2211 Oder lassen die diese Infame schon im
227 2182 1912 2357 ersten Akt vermuthen. Oder I Jacob
