2071 2551
1332 184 1917 366 Cretin, Herr
236 199 1298 390 Herrn Bukovies für einen
191 360 1906 574 Müller für einer Gauner und Herrn
208 561 1833 756 Geirunges für einen Bössionen.
188 741 1902 886 Auf die zwei ersteren kann ich die
210 908 1932 1094 Hofte nehmen. - Ich stehe also wiederum
191 1044 1902 1241 der einen noch mit der andere Direction
206 1235 1872 1430 so, daß ich mit der liessicht auf irgens
212 1406 1902 1646 welchen Erfolg die Verträtig eines
223 1573 1926 1778 schaubngenen Autors übernehmen könnte.
208 1763 1947 1993 doch ist es selbstverständlich dass ich, Allein
180 1965 1876 2138 Schadler pederzeit für meinen im
214 2123 1926 2272 Paris weilemten Freund W Heoder
