2149 2677
132 255 1840 467 verlährliches, nein, anständiges. Die Jcka der
1882 311 2017 441 vn
130 420 2017 668 Beubugmität war offenbar nicht einmal er,
123 559 2017 771 siget - als ich geglaubt habe; – und Sie wissen im
118 750 1828 880 sehr viel hab ich mir davon nicht versprochen.
1911 854 2010 920 en
125 877 1835 1057 Ich finde, die überschätzen die Neue Presse nur
1892 1000 2019 1099 en
130 1038 1823 1245 die unterschätzen sich. Ich begreife es wirklich
1925 1177 2024 1250 le
125 1186 1882 1378 nicht, daß man aus einem Namen, nur
125 1347 1816 1550 eines Stellung, die man sich doch durch
1911 1458 2019 1595 R
153 1540 1809 1694 nichts andres erworben hat als durch den
1922 1658 2014 1727 1er
139 1661 2017 1908 Werth seines Leistungen, nicht wenigstes so
120 1870 1835 2085 den Vortheil ziehen sollte, sich in einer
142 2029 1821 2243 diesem Namen u. dieses Stellung enthre¬
1859 2087 2019 2227 Nr.
137 2210 2017 2404 chemte Weise von seitenen empfangen, wo
