1705 2535
1162 113 1297 218 141
865 374 1480 597 uns geschehen
169 419 836 610 Lieber Doctor Herz!
135 586 1493 786 wir ernannte dafürst. Von einem
135 700 1554 957 unfreundlösen. Abbicht hat ich keine
165 885 1480 1119 Mort gesprochen, nach ab ich eine
155 1043 1504 1297 in entferntesten gemeinthet; ich
167 1225 1558 1439 Graf wirdt, on omm elevengal an
169 1387 1560 1622 Püchlecht, und Sie werden wir bey
142 1585 1594 1815 nähere Überlegung zugestehen müssen
164 1745 1592 1991 daß ich dazu alte Berechtigung hatte.
171 1905 1524 2117 Aber wie wählen Sie es bezeichnen,
176 2087 1610 2302 wie man omen Culor 6 och (Mechen
