1944 2472
126 162 1752 362 Auch daß noch irgendwo im Buch Länger
180 340 1825 541 sind, hab' ich beim Durchlesen der Corai¬
133 487 1756 690 turen gespürt. Was die Mamer in
145 673 1738 878 der Naturschilderung anbelangt,
211 857 1769 1036 u waren mir darals wünscht,
176 1019 1719 1218 das ich mich hier unschuldig
112 1199 286 1297 pour un peu de ses
164 1166 1829 1390 fühle. Ich müsste mich da an irgend
151 1384 1781 1553 ein Mollen erinnere, und ich weiss
186 1570 1810 1773 doch, dass ich alle diese Dinge ganz
168 1734 1678 1986 einfach hingeschrieben habe. Sage
151 1924 1790 2082 Sie mir chef, wo Sie die levennt ent¬
172 2082 1804 2305 deckt haben – Ihr künstlerisch-kutisches
