2088 2407
169 190 1824 473 Ihme abgegebenen Wortlaut. Da kam
1861 279 1962 426 P.
147 391 1866 620 dann zehn oder zwölf Tage keine Antwort.
1854 457 2004 642 être
145 567 1971 770 Nun ging es an Fischer - der Regleit: es
108 745 1810 960 brief enthrach nämlich auch vollkam
124 906 2009 1152 dem an Ihnen angegebenen Wortlaut - An¬
131 1061 1995 1304 und der Mann liess anfach vergeh. Tit.
162 1234 2002 1452 lage oder zu „Mehr nicht von sich“ wie
124 1391 1990 1625 hörer. Um sandte ers - nicht auf Ro¬
143 1576 1742 1779 brücke Rückhandlung, sondern auch
1772 1597 1971 1789 ben
155 1786 1983 2009 höflicher Ersucher sich zurückscheinte oder noch
152 1964 1999 2147 zurückzuschicken - ohne eine Elb ab Ent¬
