1960 2487
135 139 1741 333 versenkt wurde, ist hoffentlich nicht endgilt,
112 294 1621 474 zugeschüttet. Eine Aufführg musste meine
119 417 1762 607 Ansicht nach nicht nur zu richten, sondern mit
137 593 1768 785 Gründe der Aeschetik und kommst durchzu¬
121 736 1711 916 setzen sein. Habei Sie es bei Brehne Berlin
116 897 1390 1075 bei Loewe Berlau eingereicht?
141 1044 1727 1183 Den Tabarcie werden wir ja jetzt hals zu sehr
159 1181 1784 1359 bekommen; ich bin sehr begonn. Ich hab eine
135 1341 1737 1555 ist schöne Erinnerung an das Stück.
166 1508 1651 1674 vielleicht nach Wien. Wegen eines Aktes
174 1653 1811 1833 das ist Ihnen wohl zu reinig. Ich möchte mit einem
131 1813 997 1993 Akt im Burgtheater sehe
219 1923 1447 2134 Seien sie vielmals herzlich geprührt
593 2076 1782 2254 Ihr treu ergebener Artbau gebenkte
204 2213 493 2320 19.12.911.
149 2305 343 2383 G.C.F.P.
