1943 2487
138 151 1735 362 Haderlängen einfach deshalb wieder
134 281 1716 496 schiedene lassen, weil er als Zeit
913 453 1722 651 Es gab eine Zeit,
168 460 854 641 geboren ist! -
138 609 1694 807 wo die Fuder zu läusenden, auf der
115 775 1735 990 Scheitersuchen verkannt wurde. Sie
128 926 1778 1147 haben zu sterken gewußt. Und man hat
104 1105 1782 1299 sie nicht leben lassen - das wegen. - So
453 1237 1809 1486 Ihr dama, nachdem es sicher
119 1284 451 1477 führt h
158 1450 1673 1663 schön seinen Weg hin gebraußt ich
151 1635 1707 1820 auf einem falschen Geleise ein. -
151 1805 1822 2027 – Eine Figus meine äumt noch in der
147 1967 1856 2182 Stück hineinzustellen, die als Gegenspieler
138 2156 1805 2348 wirksam wäre. In südische Conlen¬
189 2299 383 2376 HVIII 791
