1930 2408
455 407 1148 660 steam lieber Frau
158 617 1692 830 unter Diese haben sich diesmal wohl
162 808 1736 997 gekreuzt, und die wissen schon, dass der Land¬
152 980 1802 1156 wieder in meinen Händen ist. Es kam jedem
137 1136 1790 1320 chöment abgehen. Sie sagen: der von Blücke
147 1306 1790 1522 Ehel schon zurückgelegte lesept - Ich wenn
131 1462 1763 1644 Sie, daß es jetzt nicht dort war, sondern ihr
147 1628 1815 1810 ich, Ihrem Auftrag entsprechen als Schwertel¬
147 1775 1788 1977 Bl. fragte, ob er, nach Berücksichtig der
129 1933 1786 2157 M. J. v. Ablehnungszeitende noch einmal
156 2103 1767 2288 etc — (ich hielt mit ganz nach dem un¬
965 2222 1022 2284 xx
