<?xml version="1.0" encoding="UTF-8" standalone="yes"?>
<PcGts xmlns="http://schema.primaresearch.org/PAGE/gts/pagecontent/2013-07-15" xmlns:xsi="http://www.w3.org/2001/XMLSchema-instance" xsi:schemaLocation="http://schema.primaresearch.org/PAGE/gts/pagecontent/2013-07-15 http://schema.primaresearch.org/PAGE/gts/pagecontent/2013-07-15/pagecontent.xsd">
    <Metadata>
        <Creator>prov=READ-COOP:name=TrHtr:version=2.1.0:model_id=51170:date=25_07_2023_05:02</Creator>
        <Created>2023-05-01T21:55:25.980+02:00</Created>
        <LastChange>2023-07-25T05:02:41.719+02:00</LastChange>
        <TranskribusMetadata docId="1416432" pageId="54946607" pageNr="196" tsid="130585319" status="IN_PROGRESS" userId="64420" imgUrl="https://files.transkribus.eu/Get?id=BZVRWPRMILIUWIBPNUFXGUGU&amp;fileType=view" xmlUrl="https://files.transkribus.eu/Get?id=BLNYWSBTTHRCMKIOMNKGPEWQ" imageId="44450692"/>
    </Metadata>
    <Page imageFilename="1416432_0196.jpg" imageWidth="1688" imageHeight="2535">
        <ReadingOrder>
            <OrderedGroup id="ro_1711831886182" caption="Regions reading order">
                <RegionRefIndexed index="0" regionRef="tr_2"/>
                <RegionRefIndexed index="1" regionRef="tr_1"/>
            </OrderedGroup>
        </ReadingOrder>
        <TextRegion id="tr_2" custom="readingOrder {index:0;}">
            <Coords points="127,235 1551,235 1551,1127 127,1127"/>
            <TextLine id="tr_2_tl_1" custom="readingOrder {index:0;}">
                <Coords points="121,323 545,417 742,361 1549,357 1551,229 1355,195 943,277 718,194 520,236 398,190 307,238 123,204"/>
                <Baseline points="131,311 159,307 189,305 219,307 249,305 279,309 309,309 339,311 369,309 399,307 429,307 459,307 489,307 519,307 549,307 579,305 609,307 639,301 669,301 699,301 729,301 759,301 789,303 819,303 849,303 879,303 909,303 939,303 969,301 999,299 1029,297 1059,295 1089,297 1119,297 1149,287 1157,285 1187,287 1217,287 1247,285 1277,287 1307,287 1337,285 1367,287 1397,287 1427,289 1457,293 1487,295 1517,295 1547,297 1551,299"/>
                <TextEquiv>
                    <Unicode>ausschließlich Erwägungen künfttliche</Unicode>
                </TextEquiv>
            </TextLine>
            <TextLine id="tr_2_tl_2" custom="readingOrder {index:1;}">
                <Coords points="128,467 348,460 490,531 1105,481 1531,522 1531,382 1407,339 1275,400 1073,382 952,437 714,378 526,421 128,407"/>
                <Baseline points="137,459 167,455 197,457 227,457 257,457 287,457 317,455 347,455 377,455 407,461 437,459 467,459 497,459 527,457 557,457 587,459 617,459 647,457 677,459 707,457 737,457 767,457 797,455 827,455 857,455 887,453 917,453 947,453 977,453 1007,453 1037,453 1067,451 1097,449 1127,449 1157,451 1187,451 1217,451 1247,451 1277,449 1307,447 1337,449 1367,449 1397,453 1427,457 1457,459 1487,459 1517,465 1535,469"/>
                <TextEquiv>
                    <Unicode>Natur sich, die mir aus Theilie,</Unicode>
                </TextEquiv>
            </TextLine>
            <TextLine id="tr_2_tl_3" custom="readingOrder {index:2;}">
                <Coords points="115,641 716,625 1032,677 1139,627 1302,684 1473,677 1476,531 895,522 735,581 561,519 451,568 371,520 117,583"/>
                <Baseline points="127,629 129,629 159,629 189,627 219,625 249,625 279,625 309,623 339,621 369,621 399,619 429,617 459,615 489,617 519,615 549,615 579,615 609,613 639,613 669,611 699,611 729,611 759,609 789,607 819,607 849,607 879,603 909,603 939,603 969,603 999,603 1029,603 1059,603 1089,603 1119,603 1149,601 1179,601 1209,603 1239,603 1269,605 1299,607 1329,605 1359,605 1389,607 1419,607 1449,607 1479,607"/>
                <TextEquiv>
                    <Unicode>der Urvelle unthunlich erschone,</Unicode>
                </TextEquiv>
            </TextLine>
            <TextLine id="tr_2_tl_4" custom="readingOrder {index:3;}">
                <Coords points="696,847 739,831 764,853 854,815 901,837 952,798 1089,771 1133,790 1176,762 1359,787 1401,778 1403,696 1084,695 986,659 895,703 698,716"/>
                <Baseline points="707,771 717,771 747,767 777,763 807,765 837,765 867,763 897,763 927,765 957,765 987,763 1017,761 1047,759 1077,759 1107,759 1137,761 1167,763 1197,759 1227,759 1257,759 1287,759 1317,759 1347,757 1377,757 1407,753"/>
                <TextEquiv>
                    <Unicode>ich Ihnen, der H</Unicode>
                </TextEquiv>
            </TextLine>
            <TextLine id="tr_2_tl_5" custom="readingOrder {index:4;}">
                <Coords points="142,828 210,853 291,808 304,824 366,819 432,782 517,806 542,794 659,837 673,833 680,716 478,682 385,751 327,760 266,712 146,771"/>
                <Baseline points="153,787 171,787 201,789 231,791 261,793 291,791 321,789 351,787 381,789 411,783 441,779 471,777 501,775 531,773 561,771 591,771 621,769 651,767 681,767"/>
                <TextEquiv>
                    <Unicode>Lassen, brauch</Unicode>
                </TextEquiv>
            </TextLine>
            <TextLine id="tr_2_tl_6" custom="readingOrder {index:5;}">
                <Coords points="130,970 343,956 586,1007 698,952 1012,1020 1490,940 1535,883 1192,879 1050,819 877,902 631,870 490,933 133,876"/>
                <Baseline points="139,951 159,949 189,951 219,953 249,955 279,957 309,955 339,957 369,957 399,959 429,957 459,957 489,953 519,953 549,951 579,949 609,947 639,945 669,943 699,941 729,941 759,939 789,939 819,937 849,937 879,933 909,933 939,931 969,929 999,927 1029,927 1059,925 1089,923 1119,919 1149,917 1179,919 1209,917 1239,917 1269,915 1299,913 1329,913 1359,911 1389,911 1419,915 1449,911 1479,907 1509,907 1539,909"/>
                <TextEquiv>
                    <Unicode>konnt, nicht weibsholt zu ver¬</Unicode>
                </TextEquiv>
            </TextLine>
            <TextLine id="tr_2_tl_7" custom="readingOrder {index:6;}">
                <Coords points="163,1167 380,1112 588,1162 1124,1091 1441,1126 1471,989 705,993 483,1075 297,1021 165,1096"/>
                <Baseline points="175,1117 181,1117 211,1117 241,1115 271,1113 301,1113 331,1111 361,1111 391,1111 421,1111 451,1109 481,1109 511,1105 541,1105 571,1105 601,1107 631,1105 661,1103 691,1103 721,1103 751,1101 781,1101 811,1099 841,1095 871,1095 901,1093 931,1091 961,1091 991,1093 1021,1093 1051,1093 1081,1089 1111,1089 1141,1087 1171,1087 1201,1083 1231,1081 1261,1077 1291,1073 1321,1073 1351,1073 1381,1075 1411,1083 1441,1081 1471,1079"/>
                <TextEquiv>
                    <Unicode>erfern. Daß die Urne Terne straff</Unicode>
                </TextEquiv>
            </TextLine>
        </TextRegion>
        <TextRegion id="tr_1" custom="readingOrder {index:1;}">
            <Coords points="135,1177 1553,1177 1553,2317 135,2317"/>
            <TextLine id="tr_1_tl_1" custom="readingOrder {index:0;}">
                <Coords points="126,1298 1396,1298 1513,1266 1519,1133 1252,1208 991,1151 671,1259 520,1259 385,1176 128,1243"/>
                <Baseline points="135,1281 139,1281 169,1283 199,1283 229,1285 259,1285 289,1285 319,1285 349,1281 379,1277 409,1277 439,1277 469,1273 499,1273 529,1273 559,1273 589,1273 619,1273 649,1271 679,1271 709,1269 739,1267 769,1265 799,1265 829,1263 859,1263 889,1263 919,1259 949,1259 979,1259 1009,1259 1039,1257 1069,1255 1099,1249 1129,1245 1159,1243 1189,1241 1219,1239 1249,1239 1279,1239 1309,1237 1339,1237 1369,1235 1399,1231 1429,1231 1459,1231 1489,1229 1519,1227"/>
                <TextEquiv>
                    <Unicode>nun lei eine andere hatzenheit</Unicode>
                </TextEquiv>
            </TextLine>
            <TextLine id="tr_1_tl_2" custom="readingOrder {index:1;}">
                <Coords points="133,1462 576,1510 899,1432 1471,1451 1526,1492 1533,1313 931,1318 663,1393 551,1355 401,1393 350,1345 295,1393 137,1394"/>
                <Baseline points="145,1447 153,1449 183,1443 213,1443 243,1443 273,1447 303,1445 333,1445 363,1445 393,1443 423,1443 453,1443 483,1443 513,1441 543,1441 573,1441 603,1441 633,1441 663,1441 693,1441 723,1441 753,1437 783,1437 813,1435 843,1433 873,1431 903,1429 933,1427 963,1425 993,1423 1023,1423 1053,1423 1083,1419 1113,1417 1143,1415 1173,1413 1203,1409 1233,1407 1263,1403 1293,1401 1323,1401 1353,1399 1383,1401 1413,1401 1443,1405 1473,1407 1503,1407 1533,1411"/>
                <TextEquiv>
                    <Unicode>der Unallungen über eine Beilage</Unicode>
                </TextEquiv>
            </TextLine>
            <TextLine id="tr_1_tl_3" custom="readingOrder {index:2;}">
                <Coords points="417,1513 433,1513 446,1524 449,1520 451,1522 478,1520 476,1488 467,1488 465,1490 460,1488 458,1490 448,1481 439,1490 416,1490"/>
                <Baseline points="425,1509 455,1509 479,1511"/>
                <TextEquiv>
                    <Unicode>avant</Unicode>
                </TextEquiv>
            </TextLine>
            <TextLine id="tr_1_tl_4" custom="readingOrder {index:3;}">
                <Coords points="201,1664 279,1680 456,1606 622,1650 794,1606 1327,1654 1330,1485 1142,1572 965,1513 767,1558 528,1538 478,1583 339,1528 204,1531"/>
                <Baseline points="213,1619 223,1615 253,1611 283,1609 313,1607 343,1605 373,1603 403,1605 433,1603 463,1605 493,1605 523,1607 553,1607 583,1607 613,1607 643,1605 673,1605 703,1605 733,1603 763,1601 793,1597 823,1595 853,1595 883,1595 913,1595 943,1591 973,1591 1003,1591 1033,1593 1063,1591 1093,1591 1123,1589 1153,1591 1183,1593 1213,1591 1243,1589 1273,1587 1303,1589 1333,1585"/>
                <TextEquiv>
                    <Unicode>scheine läßt, vorlange ich</Unicode>
                </TextEquiv>
            </TextLine>
            <TextLine id="tr_1_tl_5" custom="readingOrder {index:4;}">
                <Coords points="131,1803 453,1782 570,1849 808,1792 922,1822 1096,1757 1256,1808 1535,1801 1552,1654 1338,1714 1002,1675 725,1734 552,1693 433,1757 281,1698 133,1758"/>
                <Baseline points="141,1791 143,1791 173,1791 203,1791 233,1789 263,1787 293,1787 323,1785 353,1781 383,1781 413,1781 443,1783 473,1781 503,1783 533,1781 563,1779 593,1779 623,1779 653,1775 683,1773 713,1771 743,1769 773,1771 803,1769 833,1765 863,1763 893,1765 923,1763 953,1763 983,1761 1013,1761 1043,1759 1073,1755 1103,1753 1133,1753 1163,1751 1193,1749 1223,1749 1253,1747 1283,1747 1313,1745 1343,1745 1373,1745 1403,1749 1433,1751 1463,1751 1493,1753 1523,1757 1553,1759"/>
                <TextEquiv>
                    <Unicode>und wünsche ich nicht und mehrere</Unicode>
                </TextEquiv>
            </TextLine>
            <TextLine id="tr_1_tl_6" custom="readingOrder {index:5;}">
                <Coords points="135,1981 1071,1913 1437,1961 1506,1933 1510,1842 1284,1789 1117,1893 796,1819 572,1915 437,1862 139,1920"/>
                <Baseline points="147,1949 163,1951 193,1951 223,1955 253,1955 283,1949 313,1947 343,1947 373,1945 403,1943 433,1943 463,1941 493,1941 523,1941 553,1939 583,1939 613,1939 643,1937 673,1935 703,1935 733,1931 763,1927 793,1925 823,1923 853,1921 883,1919 913,1917 943,1915 973,1913 1003,1913 1033,1915 1063,1913 1093,1913 1123,1911 1153,1909 1183,1907 1213,1903 1243,1903 1273,1903 1303,1901 1333,1903 1363,1905 1393,1905 1423,1909 1453,1909 1483,1909 1513,1911"/>
                <TextEquiv>
                    <Unicode>vif in keinem Felde an? Bremf</Unicode>
                </TextEquiv>
            </TextLine>
            <TextLine id="tr_1_tl_7" custom="readingOrder {index:6;}">
                <Coords points="126,2132 336,2174 481,2116 583,2151 1036,2087 1334,2114 1350,2021 1075,2066 673,2012 474,2091 357,2028 259,2082 202,2030 130,2076"/>
                <Baseline points="137,2125 153,2125 183,2127 213,2127 243,2131 273,2133 303,2129 333,2129 363,2127 393,2127 423,2123 453,2117 483,2115 513,2113 543,2111 573,2111 603,2109 633,2107 663,2107 693,2107 723,2101 753,2101 783,2099 813,2099 843,2097 873,2097 903,2097 933,2091 963,2091 993,2089 1023,2085 1053,2085 1083,2083 1113,2081 1143,2081 1173,2083 1203,2081 1233,2081 1263,2079 1293,2079 1323,2079 1353,2081"/>
                <TextEquiv>
                    <Unicode>Sie sich nicht weiter in wir</Unicode>
                </TextEquiv>
            </TextLine>
            <TextLine id="tr_1_tl_8" custom="readingOrder {index:7;}">
                <Coords points="169,2313 417,2330 485,2380 595,2314 826,2325 893,2288 1041,2339 1131,2274 1449,2281 1453,2181 1275,2158 1153,2208 911,2171 750,2238 554,2215 412,2279 171,2272"/>
                <Baseline points="179,2301 193,2301 223,2303 253,2305 283,2305 313,2305 343,2305 373,2307 403,2307 433,2305 463,2305 493,2305 523,2305 553,2301 583,2299 613,2297 643,2297 673,2297 703,2295 733,2295 763,2293 793,2291 823,2289 853,2287 883,2287 913,2287 943,2289 973,2287 1003,2287 1033,2285 1063,2281 1093,2277 1123,2273 1153,2275 1183,2271 1213,2267 1243,2267 1273,2267 1303,2267 1333,2269 1363,2271 1393,2275 1423,2277 1453,2281"/>
                <TextEquiv>
                    <Unicode>angelegenheit und lassen Sie nach</Unicode>
                </TextEquiv>
            </TextLine>
        </TextRegion>
    </Page>
</PcGts>
