1913 2407
1495 88 1645 230 (35)
1386 210 1530 310 als
467 259 1775 498 fanden, daß die keines unwahr¬
169 469 1752 635 wirkt. der begreift nicht daß
907 639 1643 814 sofort auf sein
134 639 890 835 sich Tatarin nicht
150 808 1686 1001 Frau stürzt – man begreift aber noch
136 979 1791 1158 weniges, daß die Frau nicht wenigstens
123 1158 1719 1351 die feit benutzt, die t.monologisit
148 1310 1690 1503 nun drangulaufen. - Er ist schade, daß
132 1499 1725 1688 die die Aufführung nicht gesehen haben, von
171 1659 1735 1879 aber sie viel Freude gehabt hatten. Es war
160 1834 1772 2003 wundertas, was die Landweg mit ihren
156 1999 1622 2173 weniger Worten für eine lebendig
