1513 2024
211 122 1352 288 Erklären jene Grunde der
132 251 1368 434 der spricht. – Sehr deutlich ihr
145 359 1325 508 nur eine tüfflich Charge
141 515 1404 642 Kacaks im Gedichtnis. - Den
135 632 1222 820 Die hübschen kleute zerlich
138 763 1282 902 Scang im 2. likt, und ist
124 874 1392 1025 sus Violins vorkomt. den
126 979 1389 1195 Die Liebessionen die von Herrn
121 1152 1398 1330 Tranker is Fil Ernst for muss
116 1331 1384 1538 übel gegeben wurde. Unangenehm
124 1476 1363 1667 war der Obergang - Herr
129 1633 1293 1827 Levor ihr seine Roll
