2254 2676
255 160 1968 426 zu lassen. Ihnen, der nicht mir eine absolut
1656 338 2010 547 Teilbewes
226 378 1643 560 erste Stellung als Dienstes des deutschen
244 521 1924 727 im höchsten Sinn (mit dem Leimath-teulleben
261 727 1935 905 war ich übrigens nicht ganz unverständen
224 883 1926 1052 nimmt, sondern der auch mit einer
261 991 1994 1208 Anzahl von Stücken erfolgreich aufgetreten
244 1204 1970 1388 der mit zweien sogar im ständigen
1048 1309 1381 1412 dutschen
259 1348 2023 1566 Reperlowe der ersten Bühne steht - Ihren
275 1511 1950 1737 wird kein vernünftiger Mensch nach¬
275 1676 1893 1862 sagen, daß die eine corulielle
277 1805 1895 2012 Aufführung eines neuen Stückes Ihrer¬
237 1974 1876 2185 Stellung als Corretzondet ihr N. Fr. Tr.
242 2137 1922 2374 verbackene Es ist ja genutzukansch.
