1735 2329
131 187 1612 402 und ganz bestimmt nicht, wenn
109 374 1509 578 man des nicht thut - mein
117 533 1570 753 Verbindung mit ihm nicht dazu
109 729 1598 909 nichts; er macht's nur genau
137 890 1535 1079 so. Dafür daß Sterben als
118 1074 1453 1268 Kunft bei ihm erschienen ich
135 1257 1611 1448 habe ich es ihm für die Zeitschrift
148 1425 1611 1677 Freie Bühne - schenken müssen,
143 1635 1562 1818 des Märches wollte er mir
137 1805 1535 1992 gegen Erlag der Druckkosten
139 1997 1531 2172 nehmen. Ueber mein neuer
