1513 2024
182 133 865 437 Serehrter Freund
169 371 1333 537 soffentlich ist alles bei Ihnen wohl nur
130 531 1386 663 die Maseri haben Ihre älteste verschont¬
113 642 1334 832 Es wird also wohl nach Ver¬
122 785 1380 930 fahren in Wie gesagt, ich wiederfolg
117 890 1323 1040 mann hätte, dass Sie mich irgendwo
105 1009 1320 1148 verständigen, im lange in dableiben
97 1137 1325 1262 etc. etc. - (rift nicht u möglich
127 1242 1358 1466 dich ich befang Juli en (10-14)
113 1405 1264 1562 tage cent même arrivé
107 1551 963 1754 Mama nach Zschl,
965 1558 1331 1721 ass. ici
155 1663 1406 1887 übrigen wäre der lüssel habe ich
340 1843 396 1931 G.F.P
