1976 2503
1497 113 1641 232 (20)
145 238 1797 441 Und nun, viel Glück!  Ich habe
140 390 1833 698 gute Hoffnung. Es ist Ihnen jeling:
132 598 1739 866 gen ein literarsches Stück
170 807 1829 1054 zu schreiben, das zugleich gutes
155 1005 1835 1260 Theater ist. Sie nissen, wie mein
140 1203 1792 1448 erster Eindruck war. Diesmal
185 1416 1818 1643 hat mir der Schauspiel noch viel
155 1599 1839 1856 besser gefallen; die Lebendigken
140 1867 1733 2063 der Gestalten wurde wir
160 2048 1867 2286 eindringlicher und es sind eine
153 2252 1814 2367 begleiten Ihr Amt nach Berlin. Ihr Arth schon
