2073 2711
268 223 1816 426 zeugt, daß Herr Klimenthal Zeit gehabt
398 350 1804 523 Hätte, das Stück des Reoder Herzl.
424 510 1782 651 zu lesen. - Wollen in trotz allen
104 618 1834 824 bisherigen Erfahrungen die Jurid. conodis wieder
112 776 1808 960 aquen - daß ich Ihnen stets zur Verfügung
104 930 1812 1105 stehe, braucht keines werteren Versicherung
74 1075 1812 1215 Aber meine Ansicht keinen Sie. Die Leben, die
125 1239 1860 1419 Sie fürs Kaimierth. haben, knten einen aller¬
145 1382 1866 1574 Dings darauf bin, daß die sich dem Winter selbst
132 1583 1838 1732 gegenüber zu neuen geneigt wären. Dappe
112 1769 1821 1881 ist nun unterlich gar nichts ein zuwenden.
121 1873 1780 2054 Mannen aber wollen sie nicht bein Bisch.
123 2039 1816 2219 Vollstheilen zuerst einen Versuch machen.
106 2175 1842 2407 So viel mein gegen diese Bühne - und mit
