1943 2487
1460 113 1578 256 (16)
149 195 1771 445 Auge ist hier maßgebendes als mein
139 357 1820 599 Gedächtnis. Umsomehr als die Erinnerung
130 559 1757 798 an Stunden des Schaffens täuschen
97 752 1305 941 ist wie die an Träume.
120 862 1727 1086 Nun das Stück. Auf meine Bemerkung
124 1055 1685 1273 betreffs neues und insbesondere jüdisch
141 1217 1776 1450 sympathischen Fizuren gingen die nicht ein.
126 1387 1811 1612 Und jemahr ich überlege, umso wesentlicher
155 1563 1773 1757 scheint nur das. Ich gleich auch, daß
137 1719 1717 1902 die Frau die Helete um nichts weniger
118 1893 1786 2093 ins Thello zurückdrängl, wenn sie auch
130 2045 1803 2303 ihr etwas vom Opfer geben. - An der Ein¬
