2023 2503
199 164 1809 341 Titel des dramons, der erwarten Eßt
179 312 1874 513 es werde alles darin zu finden sein, das aber
215 475 1878 670 da hinein gehört. Eine alles, das ist selbst¬
191 634 1892 863 verständlich dramatisch unmöglich; aber die
211 811 1892 984 Beleuchtung mußte die vollzweiflig sein.
211 955 1892 1159 Und da sub ich nie einmal die Einlauf
229 1114 1871 1316 zu lieb. Ich sagt ja auch schon, wenn ich nur
199 1280 1847 1479 noch in der K. Hineingewünscht hätte; - u.
213 1428 1898 1605 daß ich nie gelehrieben, man solle mir leiten
188 1609 1833 1762 wanderende Menschen zeigen, erinn ich
208 1764 1912 1950 mich ganz genau. – Vielleicht haben die den
211 1936 1847 2122 Uncteten hineingebracht? Sie erwähnen nichts
85 2001 186 2080 3.
83 2066 1880 2302 2 drüber. - das Massengrab, in welcher die Glosse
