2008 2505
1169 120 1340 254 P.S.
125 180 1757 376 daß ich ein nicht mirlingenes Stück
125 317 1824 607 geschrieben habe. Sein Sie nicht weniger
116 547 1750 706 eitel als ich – oder, sollte ich nicht sagen
114 736 1338 909 sein Sie wicht eiller –..
224 903 1822 1097 Ich schreibe Ihnen durch wieder, wie ich
116 1063 1744 1270 von Schick der Brief habe. Seine
165 1270 1729 1454 Sie vielmals herzlich gegrüßt,
127 1429 1761 1657 bezeugt daß sie von der guten Frau
161 1649 1795 1837 schaft“ nach der Sie sich schon – bei
161 1843 1761 2036 nur finden sollen, was ich zu haben.
780 2029 1319 2196 Ihr ergeben
167 2099 708 2184 nemmen.
1051 2186 1376 2372 Ahde
