1992 1368
127 114 1798 298 Die mich außerordentlich, wie Sie mir für einen
1151 231 1447 334 Parquet,
110 242 1792 429 oder den ämteren Kleind einmal zweifliche geschaffen¬
681 386 1788 586 aegelsisch wie mit Feuerstag
110 388 647 552 können. besonders
104 541 906 724 Sampag oder Sonntag
123 681 1852 882 Nicht mehr die sagen mir gefälligst telephonisch zwischen
399 787 802 873 (event per 5006)
114 796 1721 977 2 und 3 Uhr oder durch eine Werk antwort.
106 938 1792 1130 Und sind nicht ungehalten über mein Ersuchen!
1466 1050 1824 1145 ergeben,
196 1065 1447 1218 Uitherlichen Grüße nur Dank
1169 1141 1861 1244 N. Arthur Schnitsler
