1913 2424
1401 118 1529 214 14)
143 183 1782 401 komme jetzt häufig mit ihre zusammen
143 348 1757 558 und seine Verläßlichkeit ist nichtes
155 538 1745 747 Zweifel. Im übrigen brauchtje auch
138 713 1635 904 ihm gegenüber Ihr Name nicht
151 898 1234 1051 Genannt zu werden.
183 1026 1717 1224 Einiges man immerhin zu be¬
171 1216 631 1366 denken.
181 1313 1778 1543 nehmen wir den Fall an, die Kirc¬
145 1529 1574 1735 tion entscheubt sich wirkl
171 1694 1682 1904 binnen vier Wochen - wird sie
193 1877 1670 2067 dann, im Talle der Ablehnen
177 2053 1800 2240 das Stück auch an das andre Theater
