1721 2568
124 176 1559 359 ja da unten in Paris kaum die Wir¬
97 334 1541 514 kung beurtheilen, welche diese Frull.
115 490 1539 645 los machen. Von der künstlerischen
128 645 1518 828 Hoch ich natürlich. In müssen
140 794 1541 943 sie unbedingt gesammelt herausgeben.
135 950 1491 1085 natürlich nicht nur die Smatrechten.
144 1099 1566 1245 zwei Bücher. Paris und der Politik
145 1241 1552 1453 Paris an die Knuß  - Unterlich
156 1401 1563 1548 bessere Titel, als mir da aber ein¬
154 1554 490 1699 hätten.
153 1653 1534 1850 Smee Sie vielmals herzlich gegrühr von
379 1836 1223 1970 Ihrem treu ergeben.
609 1947 1175 2116 Cultivateur
217 2256 478 2362 14.1.55.
