2072 2472
238 371 1888 572 Witterung für das, was von der
225 564 1816 752 Zeit und auf den Theale verlang
205 734 1877 950 wird, und es ist wirklich kann.
201 929 1905 1145 zu denken, daß ein echter Theater¬
199 1138 1956 1383 mensch nicht wenigstens das Bühren
212 1337 1947 1584 werkkommen an Ihrem Stuck heran
223 1558 1942 1783 Einde sollte. - Aber was erzähl'ich
221 1746 789 1975 Ihnen da!
223 1947 1897 2168 telen sie wohl, wie lieb wenn
253 2111 1859 2342 und seien Sie vielamt herant
109 2213 190 2314 by
