1687 2519
274 343 1181 630 Verehrtester Freund
125 598 1487 863 nehmen Sie meine herzlichsten Um¬
126 799 1499 1041 jahrsgüste entgegen. Ich samt Ihm
128 991 1483 1256 dieselben mit besonderer Druck, dem
110 1158 1400 1421 neu ich so die Eydnisse des Herrn
1030 1327 1564 1501 ude ich, daß
937 1338 1030 1572 P.
117 1368 945 1578 Jahrs überschaue, so
130 1480 1544 1734 jener Brief, mit welchem Sie sich als
130 1670 1464 1905 einen so liebenswärtigter Betrachter
144 1836 1572 2049 der Uniehren zu erkennen haben, und zugleich
206 2014 1553 2227 nemhe Uns verständnisse unsere hieseige
