1944 2472
202 295 1011 577 Lebar Freund
708 524 1788 758 an sehr, daß sie die Marielle
152 571 689 767 ich denke Ihn
135 720 1771 895 so bald gelesen und freie mich, daß
122 906 1706 1106 Sie so viel gutes darin gefunden. Ihm
131 1064 1744 1291 Einwendung gegen ihr Ragnie halte
120 1226 1816 1434 ich für gerechtfertigt. Wir selbst mis¬
120 1422 1773 1597 fiel er, nachdem ich ihn geschrieben
128 1575 1813 1790 hatte, so sehr, daß ich ein paar Machen
156 1759 1773 1969 aussetzte, weil sich der rechte luth
152 1883 1755 2127 nicht zum Weiterschreiben finde,
177 2104 1824 2308 wollte. Erst allmälig kam ich hinein.
