2008 2408
255 163 1756 385 billige Ausweil in die Hand.
281 352 1846 579 - Ob die Teleidagen. Ich an sich Erfolg
189 511 1803 723 verspricht, ist schwer zu entscheiden. Sie
238 705 1850 911 müssen eben annehmen, daß das
265 888 1805 1104 Weck selbst auf die Viedoren
249 1057 1889 1310 so mächtig wirkt, daß u. s. m. u.s.w.
244 1241 1864 1467 Es steht in diesen Briefe schon so viel
269 1457 1826 1638 über die Vereclaren, daß es kaum
92 1669 177 1767 l.
253 1638 1787 1830 notwendig ist, ihnen das letzte
251 1809 1842 2021 und traurigste Epithelon zu ersparen.
255 1993 1783 2184 daß sie von der Güte eines echten
291 2162 1870 2296 Stücks doch wohl nicht viel verstehen,
