1735 2296
1324 112 1445 197 (13)
151 168 1576 368 von Teullelos geschaffen, die nicht mit
134 337 1595 503 den Zeitungen selbst nämlich in dichten.
142 493 1604 668 Sie wissen das selbst und man darf
114 657 1593 819 es Ihrer wohl so unbefangen ins
147 792 1514 950 Gesicht sagen wie eine Grobheit.
149 934 1528 1123 Und die Kühne? Ist Ihre Luft zum
138 1094 1583 1267 damentischen gänzlich durch der Ekel
118 1223 1526 1429 erstickt worden? Wie oft hat ich in
125 1410 1514 1569 dieser Winter an Ihre schönen im
131 1569 1539 1766 wahren Worte denken müssen,
140 1731 1561 1922 die Sie mir lang vor der Aufhühre
142 1896 1598 2088 meines durchaus geschrieben haben.
