2008 2505
1521 118 1776 231 (26) 3
1151 211 1295 315 soe
508 277 1852 470 Wahrscheinlichkeit nach (wegen der
446 424 1852 643 Burg) sich verpflichtet fühlen wird.
137 623 1852 776 und nicht angenehm sein zu wollen. - Sehr
310 723 1854 954 kenn ich auch den Regissäur der Kindltt;
146 789 290 918 gut
135 927 1880 1102 Herrn Langkammer, der, wie und vor¬
120 1104 1809 1279 kommt auch mannhedei drein zurück¬
133 1284 1914 1503 hat und nebstbei ein sehr gescheidler Theater
129 1457 1911 1663 mensch ist. Verfügen Sie über mich, mein
140 1623 1856 1865 liebe Freund, ganz nach Belieben,
120 1841 1889 2062 und gerathen Sie un Himmeswillen nicht
146 2016 1876 2220 in eine deinmütige Stimmungen weil
