2088 2471
139 160 1981 374 will mir nicht gefallen - geben die Ihrem
127 337 1853 535 Jacob etwas mehr einer Freiheit¬
146 509 1804 709 der Grundgebecke leidet nicht
1839 575 1973 730 g
134 704 1809 907 darunter, und die Person wird nur
1860 761 1964 944 le
134 853 1771 1053 sympathischer. Gläuten Sie nicht?
141 1053 1985 1286 Nur hier sah ich es wieder. Die Figur
106 1239 2004 1477 der Kraftgüche fehlt mit gewinze a
132 1446 1825 1689 in Ihrem Stück. Es ist ja nicht wahr,
1839 1486 1978 1632 m
125 1632 1997 1846 daß in den Ghetto, das Sie meinen auf
153 1820 2002 2044 alle Jäden gedrückt oder inner=
155 1988 1799 2251 lich schätig herumlaufen. Es gibt
1882 2101 1988 2174 wch
