1896 2407
1383 70 1733 211 (14).5
123 148 1698 371 gesagt habe, wissen Sie liebes Freund, so gut
117 322 1768 507 wie ich - aber man kommt so insglücken.
135 490 1698 697 Dass Herr Albert Schuabel genau
142 644 1737 818 so auf mich zählen kann, wie St. Heod
123 796 1721 999 Herrl, brauhs ich wohl nicht noch ein¬
111 919 1703 1161 nunl zu versicherer. Sondern Sie im
150 1138 1713 1354 Ihr Stück aus sohals wie möglich
156 1264 1727 1477 daß sie nur die Glosse nicht ge¬
199 1438 1739 1645 chickt haben, ist nicht schön. Aber
121 1614 1713 1828 Sie haben vergessen. Meine hovelle
152 1783 1762 1988 erscheint in etwa 14 Tagen. Ich werde
156 1996 915 2162 nicht vergessen.
