1896 2407
789 164 1615 385 schöne Stimmung &
120 191 779 432 eine hohe und
114 329 1712 586 geben. Ich habe also wohl ein Recht
97 550 1651 753 mich auf die teilen derselben
114 722 1355 913 aufs umght zu freuen.
160 929 1733 1146 ist selbstverständlich, daß ich
138 1091 1698 1302 Ihnen in jeder Weise und mit
130 1256 1763 1446 dem größten Vergnügen zur Serfü¬
138 1418 1710 1617 gen stehe. Ich habe auch bereits
130 1625 1759 1779 an einen noten Vertrete jedocht
138 1763 1714 1990 Schick. Keuen Sie ihr? Er sel vor
136 1933 1731 2146 Jahren ietien mit Ludachten verkehrt; ich
