1976 2503
191 179 1796 446 das Stück eines ganz lebendigen
151 354 1753 603 mit Gebrüder, die heftig und
155 580 1749 790 das zielbewusst, absichtsvoll und
157 731 1431 914 del nammenfältig sind.
177 888 1765 1096 Was Sie überhaupt für ein liechte
157 1049 1739 1305 der Plastik sind. Ihr letzter
177 1283 1759 1519 teullele war unvergleichlich
177 1456 1776 1666 Wie man diese Teute sieht, hört
167 1660 1790 1871 es gibt keinen; der diese Schäfe in
191 1829 1798 2063 den Linien träfe, der so Tiquen
173 2046 1020 2228 umreißen könnte.
248 2197 1884 2352 geben Sie wohl, mein liebe Freund! Die treuestes Stück
