2008 2425
254 212 1861 450 von dem ein helber Akt fertig ist, dessen
238 382 1825 578 Plan der lös ins Betad daliegt.
1569 648 1669 768 D
230 554 1523 800 Auch keines Hoffe ich zu erge¬
264 750 778 957 leiegen. -
252 871 1817 1093 Wie könnt es, daß die Prage Ent¬
274 1057 1879 1339 scheidung so lang weiter lisst? haben
276 1259 1029 1465 die Hoffnung.
388 1383 1887 1599 Bleiben Fie, mein liebe Freund,
248 1573 1697 1825 in Ihrer schaffenehme Dige
240 1745 1603 1957 hine und lassen sie ein
258 1943 1749 2139 bald wieder so gutes wie
252 2123 1809 2307 diesmal ein xxx annehmen. Wie
