1721 2279
185 194 1610 379 Theen auch manchmal sagt - was
141 359 1571 531 sich mündlich und durch einen dritte
126 526 1507 696 besser sagen läßt als in einem
136 701 1538 883 Brief, wo es einen süßlich fact
132 866 1535 1053 Beischmack von Höflichkeit oder
123 1047 1597 1284 par Fönnlichkeit bekommt - nemlich
126 1242 1542 1403 daß ich das wenige, was im
115 1432 1538 1650 von Ihnen zugänglisch stets mit
130 1608 1580 1815 wahrhaftern Genuße lehe. Besonders
130 1807 1542 1976 im Laufe des letzten Jahres habe¬
123 1956 1483 2139 die einige kleine Kunstmark
