1672 2200
107 139 1477 347 wirklich. Man glaubt werden an sich, noch
95 288 1485 459 an die ämten - und hat großentheils
109 433 1521 640 Recht. - Ihr Teubelen vor Regional¬
110 579 1477 773 fällt mir ein. Kassehaus der neuen
1226 745 1496 842 lence.
114 751 1063 945 Richtung nicht es, nicht!
119 873 1463 1098 Sie mir gelegentlich dasselbe schicke
112 1061 1521 1273 wollten (Sie haben sebefwohl) freute er
128 1250 1521 1463 mich sehr. Und noch nach einem andern
144 1401 1471 1606 Morte gelassen es mich nieder. das ist
135 1592 1447 1775 der Tabarin. Nun aber will ich un¬
144 1720 1549 1962 mit einen jang besondten Sills sowies (d
