1880 3194
955 185 1019 284 be
230 235 1701 443 er einer Idee, die man wieder die
232 367 1709 563 Aplubilität, noch die tiefern Erbietung
249 520 850 652 absprechen kann.
390 569 1710 770 vnd trotz allerdem in würden Sie
228 714 1718 882 es aufführen? Und glauben Sie, acht sich
247 806 1761 981 erznder in deutsser Lande ein großer
258 906 1744 1102 Theater findet, welches: Ghetto’ auf¬
256 1042 1729 1234 führt? Ich glaub es nicht! Sie können
256 1172 1742 1336 des Meck. also ruhig noch, einige Tage
273 1275 1746 1462 sie liegen lassen, ich will es noch
292 1377 1731 1543 ren andern, ganz unbetheiligten Perso¬
309 1494 1724 1677 nau, deren Urtheil mir vertheil
348 1597 1727 1752 ist, lehn lassen. Wenn die Stück
360 1726 1767 1908 in Wie jemals aufgeführt F und
311 1854 1136 1970 so kann dies nur
1279 1840 1571 2006 R. v. Th.
1573 1889 1754 2017 pphen
326 1935 1739 2140 Dank werden wir kann dafür
348 2057 1718 2274 rücken, weder er, den Teile, noch
373 2183 1313 2311 - de chrtiremente
475 2262 1773 2441 dem Herrn Schnabel würde ich gerne
362 2364 543 2487 Greise
648 2379 1731 2615 Er ergebenster Sämtung
