1896 2423
1451 116 1588 233 (14)
1657 133 1715 225 3
108 190 1747 408 könnt in Betracht, daß die Vergangen¬
110 359 1657 549 heit eines Stückes auch am Art
129 508 1729 704 Noribuscher Kugel ist - d. h. der
110 682 1694 868 lleue Theater z. B. kann erster
137 847 1706 1027 gekränkt sein, daß es später als
135 1019 1688 1204 Die andere berücklichtigt wird u
167 1161 1668 1362 kann züglich ein Kornstheil
1662 1313 1758 1425 autre
151 1298 1678 1498 Gegen das ein oder zwei orte dreinmal
145 1466 1664 1680 abgelehrte Stück haben. Ob es nicht
149 1660 1735 1831 wie auch etwas müsseliges, doch prak¬
129 1837 1715 2011 tischer ist, das Stück immer wieder
143 1966 1762 2205 an den Notar zurückbeförden lassen?
