1929 2551
360 186 1780 397 erhält – den Keitra, keine in
342 337 1764 533 des Stimmung für die er bestimmt
356 501 1718 762 meri  wegen Reumschrieres
370 670 1791 889 Vistes nicht erscheinen.
388 852 1800 1134 Sie noch anders, daß ihr Rector eine
361 1045 1769 1265 an ihrer Zeitung diese Marielle sei
393 1196 1752 1399 Das Fall, daß die N. Fr. fr. sie
283 1252 352 1362 2
409 1373 1684 1591 wegen ihrer Lange nicht in der
409 1498 1780 1722 Meihnachts nämen kurzen könnte,
266 1793 344 1846 E.
418 1722 1777 1906 zugesagt hatte?  Ich glaub wahrhabt
422 1890 1821 2115 Sie haben keine Ursache sich je wundern,
747 2071 1816 2251 Ils le ttfr là un temps
402 2104 733 2264 daß ich
429 2237 1771 2404 Unmuth aufgewinnen sehr. Dass es
181 2267 367 2420 Seib.
