1944 2472
136 143 1771 354 selbst merkt, daß dem Wurslectner
174 296 1841 493 sein Verkehr mit den Südne in der Carrie
1509 430 1788 539 von ihm
184 470 1664 694 schackt u, er legt es ihm nahe, zu
159 646 1815 853 scheide. Oder-was mir am liebste
159 826 1809 1023 war. Jacob schmeist den Kerl
126 1002 1734 1235 wie er sich nicht und dreht, einfach
180 1159 1815 1419 heraus. Als Semerleut empfeh¬
136 1373 1796 1562 da ich die für das stiell mit
122 1534 1809 1763 Schaeum den neu zu schaffenden
164 1723 1765 1926 Fludelen mit der 3 Ockensüren. (Er
147 1889 1755 2128 könnte des Neff dieses köstliche,
170 2077 1369 2304 Wassermann sein.) -
