1943 2487
1196 168 1765 360 habe übrigens
111 175 1081 385 die Hand zu drücken.
98 341 1701 573 in der letzten Jahren kann eines
104 507 1737 745 veröffentlicht, wo ich dieses Bedürfnis
134 698 1692 964 nicht gehabt hätte. Man hat da so
119 903 1743 1128 eine gewisse deinen Scheu. Uns
675 1088 1756 1326 sich heute gut, dass ich
123 1135 602 1324 da fügt ein
206 1296 1722 1499 Ihren über vorschiednes andre
121 1494 1790 1705 schreiben mußt und und so beiläufig
136 1646 1788 1875 hinzufügen kann, daß ich auf das Buch
121 1843 1831 2056 warte, in welchem ich diese kleine Kunst¬
119 2056 1801 2252 werke gesammelt finden werde. Wenn
1448 2301 1752 2369 G.C.F.P.
170 2288 272 2374 P.P.
