2088 2488
118 156 1775 405 es geht und übrigens fast immer ha¬
131 351 1688 520 Vor der Veröffentläsung wollte ich
147 498 1795 696 die Anfang - bis zu lassens Besuch
127 660 1781 887 bei Alfred es clüsive - einfach
122 856 1743 1059 wegstreichen; aber man recht mir
131 1025 1915 1216 ab, die sind der erste, der seiner
140 1172 1746 1385 Auszathie gegen den Anfang so
149 1332 1826 1568 grundlich Ausdruck gibt - nach mö¬
142 1503 1790 1739 So weit ich bisher urtheilen kann, hat
140 1697 1717 1890 er niemanden so empfindlich
151 1852 1852 2033 gestört wie uns zwei. Aber ich glaube
189 2017 1775 2195 nicht, daß der Grund im grauen
178 2150 1843 2355 allzu grauen liegt. Ich habe nur hier
