1930 2472
529 195 1198 476 Lieber Freund,
151 465 1741 701 ich hätte Ihnen auch über die Maschinee
134 667 1824 866 frage schon neulich berichtet, wenn ich selbst
140 822 1778 1000 höher gewesen wäre. Von den mir zu haben
98 990 1720 1170 stehenden Schreiben kann keiner mit dem
119 1130 1826 1376 Maschine umgehen u. zum Carien werkün¬
98 1302 1727 1495 vor breit zu finden. Er wärst mir nur ein
108 1429 1676 1633 Annonciren in der Zeg übrig geblieben. Es
117 1633 1795 1797 denke aber, daß ein guter schreibe dieselbe.
127 1773 1799 2005 Reichte Thät. Jedenfalls nehme ich einen
119 1967 1771 2132 ändern, als meinen gewöhnlichen - das
144 2092 1826 2315 es mit die Späs für leilen könnte, wenn flötzlich
1705 2313 1786 2345 G.C.P.
934 2306 1098 2364 G.H.F.P.
