2008 2505
104 181 1796 373 Herzl intervenire kann. Wollen
117 371 1848 535 Sie also meinen kurzen und klaren Rath?
132 533 1781 732 Lassen Sie Ihr Stück ohne weitere Buch
132 715 1807 917 schub unter Ihrem wahren Namen
134 894 1794 1058 (ahna doch Schick, das das dempel jetzt
149 1053 1869 1272 in Hand hat) an das Dtsch. Volkstheater
132 1239 1852 1425 senden. Haben Sie aber eine Vorliebe¬
151 1408 1818 1643 furs Raimindtheater, so sende die
149 1593 1774 1831 es dorthin. Persönlich kann ich
151 1811 1854 1999 leichter mit Süller-Gütenbrii um
142 1990 1846 2176 in Anglegenheit Ihrer Stücksver¬
177 2148 1818 2355 kehren als mit Stukovicz, der aller
