1929 2423
128 208 1811 403 Tabarii hab ich neulich gesehe; es wirkt
134 355 1778 531 sehr gut und ward sich auf dem Repertoire
120 508 1725 674 halten. Wenn es sie nicht langweilt
134 695 728 837 möchte ich ein
802 667 1750 869 Einwendung gegen ein
141 833 1752 1028 kann erheben. Es ist der kurze Arnold
109 986 774 1171 den Täus der
842 1020 1689 1192 Kühren: bühne hält
126 1177 1757 1360 gleich nachdem er sein Frau mit dem
126 1331 1809 1582 Soldaten entdeckt sal. er sie zweckt wassen.
136 1482 1662 1729 eben ihre Sachen zusammen.
147 1612 1719 1897 die thentralische Gründe für diese
178 1834 1652 2038 Aufschub in der Handlung aber in
155 2036 1748 2216 und manche andre vormünftige Beintheile
