1896 2407
133 170 1637 340 Blümenthal dürfte einen gewissen
141 318 1717 502 Blick fürs Gratralisch haben Brahm
123 479 1666 649 ist ein Herr und Primigien und
137 586 449 684 kalten
150 641 1766 842 Furnatismen; für einen tiefen Versteher
150 799 1768 981 halt ich ihn nicht. Lautenburg ist ein¬
104 959 1750 1196 fach ein Dummkopf. Die Treie Rühve
133 1170 1748 1387 glaub ich ex. stort gar nicht mehr. Wenn
121 1373 1752 1569 es ein gewärts und natürliches Verhältnis
150 1520 1729 1743 zwischen dem Werth eines Stückes aus
141 1688 1621 1914 die Annahme desselben gäbe, braucht
143 1879 1598 2067 das aller freilich nicht besproche,
160 2051 1616 2254 zu werden. Uns alles, war ich das
