<?xml version="1.0" encoding="UTF-8" standalone="yes"?>
<PcGts xmlns="http://schema.primaresearch.org/PAGE/gts/pagecontent/2013-07-15" xmlns:xsi="http://www.w3.org/2001/XMLSchema-instance" xsi:schemaLocation="http://schema.primaresearch.org/PAGE/gts/pagecontent/2013-07-15 http://schema.primaresearch.org/PAGE/gts/pagecontent/2013-07-15/pagecontent.xsd">
    <Metadata>
        <Creator>prov=READ-COOP:name=TrHtr:version=2.1.0:model_id=51170:date=25_07_2023_05:02</Creator>
        <Created>2023-05-01T21:55:14.824+02:00</Created>
        <LastChange>2023-07-25T05:02:23.028+02:00</LastChange>
        <TranskribusMetadata docId="1416432" pageId="54946380" pageNr="124" tsid="130585247" status="IN_PROGRESS" userId="64420" imgUrl="https://files.transkribus.eu/Get?id=GOOBEEKGGOYZQGCUMSSPXBUM&amp;fileType=view" xmlUrl="https://files.transkribus.eu/Get?id=KVQNHMDWUHAFUQTKFOCGJZGU" imageId="44450465"/>
    </Metadata>
    <Page imageFilename="1416432_0124.jpg" imageWidth="2104" imageHeight="2487">
        <ReadingOrder>
            <OrderedGroup id="ro_1711831838944" caption="Regions reading order">
                <RegionRefIndexed index="0" regionRef="tr_3"/>
                <RegionRefIndexed index="1" regionRef="tr_1"/>
                <RegionRefIndexed index="2" regionRef="tr_2"/>
            </OrderedGroup>
        </ReadingOrder>
        <TextRegion id="tr_3" custom="readingOrder {index:0;}">
            <Coords points="110,203 1785,203 1785,1084 110,1084"/>
            <TextLine id="tr_3_tl_1" custom="readingOrder {index:0;}">
                <Coords points="120,366 586,366 824,306 1211,357 1611,323 1780,282 1785,167 1254,158 965,216 126,190"/>
                <Baseline points="134,292 173,304 217,307 262,307 307,307 352,307 397,307 441,304 486,301 531,298 576,295 621,289 665,283 710,283 755,283 800,283 844,283 889,283 934,280 979,280 1024,280 1068,280 1113,280 1158,280 1203,274 1247,274 1292,274 1337,271 1382,271 1427,268 1471,262 1516,259 1561,256 1606,256 1651,256 1695,253 1740,253 1785,256"/>
                <TextEquiv>
                    <Unicode>führung K.’s hat mich das Gespräch mit der</Unicode>
                </TextEquiv>
            </TextLine>
            <TextLine id="tr_3_tl_2" custom="readingOrder {index:1;}">
                <Coords points="133,475 601,507 666,458 1027,484 1089,441 1207,494 1385,424 1721,484 1725,319 1479,312 1119,396 995,342 892,383 749,340 601,402 449,345 137,374"/>
                <Baseline points="146,447 161,447 206,450 250,450 295,447 340,447 385,447 429,447 474,441 519,438 564,438 609,438 653,438 698,438 743,438 788,435 832,435 877,435 922,435 967,432 1012,432 1056,432 1101,426 1146,426 1191,426 1236,423 1280,420 1325,420 1370,417 1415,412 1459,409 1504,409 1549,406 1594,406 1639,406 1683,406 1728,406"/>
                <TextEquiv>
                    <Unicode>dienstboten gestört, das und zu absichtlich</Unicode>
                </TextEquiv>
            </TextLine>
            <TextLine id="tr_3_tl_3" custom="readingOrder {index:2;}">
                <Coords points="98,614 413,678 1064,586 1746,653 1778,475 1378,490 1269,552 1027,479 835,533 657,499 98,582"/>
                <Baseline points="110,606 122,606 167,606 211,609 256,606 301,606 346,606 391,606 435,603 480,600 525,600 570,597 615,594 659,594 704,591 749,591 794,591 838,588 883,585 928,582 973,582 1018,579 1062,579 1107,579 1152,576 1197,573 1242,573 1286,573 1331,570 1376,564 1421,561 1465,558 1510,558 1555,558 1600,555 1645,558 1689,558 1734,558 1779,561"/>
                <TextEquiv>
                    <Unicode>und selbst theatralisch unagenehm scheint.</Unicode>
                </TextEquiv>
            </TextLine>
            <TextLine id="tr_3_tl_4" custom="readingOrder {index:3;}">
                <Coords points="802,683 837,696 901,683 935,698 957,693 974,710 1031,693 1124,713 1130,586 1096,584 1081,597 1061,586 1021,612 989,597 948,612 933,599 871,646 832,648 805,631"/>
                <Baseline points="815,662 821,662 865,671 910,668 955,665 1000,665 1044,662 1089,659 1134,653"/>
                <TextEquiv>
                    <Unicode>zu wissen</Unicode>
                </TextEquiv>
            </TextLine>
            <TextLine id="tr_3_tl_5" custom="readingOrder {index:4;}">
                <Coords points="111,813 445,828 653,760 845,839 1100,747 1487,807 1774,770 1776,668 1650,704 1402,633 1233,696 775,719 644,633 469,689 323,642 113,683"/>
                <Baseline points="122,755 125,755 170,755 214,755 259,758 304,755 349,755 394,752 438,755 483,755 528,752 573,749 618,746 662,743 707,743 752,743 797,743 841,740 886,737 931,740 976,740 1021,740 1065,737 1110,734 1155,728 1200,725 1244,725 1289,725 1334,725 1379,728 1424,728 1468,722 1513,725 1558,725 1603,728 1648,728 1692,731 1737,731 1782,737"/>
                <TextEquiv>
                    <Unicode>Ich bin sehr begierig, wie Sie sich gegunden</Unicode>
                </TextEquiv>
            </TextLine>
            <TextLine id="tr_3_tl_6" custom="readingOrder {index:5;}">
                <Coords points="122,980 937,899 1083,957 1479,961 1766,903 1766,820 1081,781 779,871 537,815 353,884 124,873"/>
                <Baseline points="134,919 158,916 203,913 247,907 292,907 337,907 382,907 426,904 471,904 516,904 561,901 606,898 650,898 695,898 740,895 785,895 829,892 874,895 919,892 964,889 1009,889 1053,886 1098,886 1143,883 1188,883 1233,886 1277,886 1322,886 1367,886 1412,886 1456,883 1501,883 1546,886 1591,886 1636,889 1680,892 1725,901 1770,901"/>
                <TextEquiv>
                    <Unicode>meinen schon über den Schluß verhalten.</Unicode>
                </TextEquiv>
            </TextLine>
            <TextLine id="tr_3_tl_7" custom="readingOrder {index:6;}">
                <Coords points="122,1141 865,1145 1019,1070 1233,1117 1472,1072 1573,1121 1770,1061 1772,969 1267,927 785,961 535,1036 302,963 124,1006"/>
                <Baseline points="134,1062 161,1062 206,1068 250,1074 295,1074 340,1074 385,1074 429,1074 474,1074 519,1074 564,1071 609,1068 653,1068 698,1068 743,1068 788,1068 832,1068 877,1068 922,1068 967,1062 1012,1062 1056,1059 1101,1056 1146,1056 1191,1053 1236,1050 1280,1047 1325,1047 1370,1047 1415,1047 1459,1044 1504,1044 1549,1044 1594,1044 1639,1041 1683,1044 1728,1041 1773,1038"/>
                <TextEquiv>
                    <Unicode>= daß ungesönlich der Begleitbrief zu¬</Unicode>
                </TextEquiv>
            </TextLine>
        </TextRegion>
        <TextRegion id="tr_1" custom="readingOrder {index:1;}">
            <Coords points="122,1153 1833,1153 1833,2276 122,2276"/>
            <TextLine id="tr_1_tl_1" custom="readingOrder {index:0;}">
                <Coords points="126,1329 511,1273 935,1305 1228,1254 1318,1297 1528,1213 1787,1282 1791,1138 1603,1147 1464,1087 1213,1179 681,1128 133,1175"/>
                <Baseline points="143,1256 182,1256 226,1253 271,1253 316,1250 361,1253 406,1250 450,1247 495,1244 540,1242 585,1239 629,1239 674,1239 719,1239 764,1239 809,1239 853,1239 898,1236 943,1233 988,1230 1033,1230 1077,1224 1122,1221 1167,1218 1212,1212 1256,1209 1301,1209 1346,1209 1391,1209 1436,1206 1480,1206 1525,1203 1570,1206 1615,1206 1659,1209 1704,1212 1749,1212 1794,1209"/>
                <TextEquiv>
                    <Unicode>sagt, bemühe ich nicht zu versichern. Mir</Unicode>
                </TextEquiv>
            </TextLine>
            <TextLine id="tr_1_tl_2" custom="readingOrder {index:1;}">
                <Coords points="133,1515 659,1415 798,1464 929,1404 1044,1455 1327,1393 1389,1438 1554,1404 1733,1444 1798,1419 1804,1271 1464,1331 1252,1275 1070,1367 841,1318 648,1387 139,1346"/>
                <Baseline points="146,1424 149,1424 194,1430 238,1427 283,1424 328,1424 373,1424 417,1421 462,1421 507,1418 552,1415 597,1415 641,1412 686,1412 731,1412 776,1409 821,1409 865,1406 910,1403 955,1403 1000,1397 1044,1394 1089,1391 1134,1391 1179,1391 1224,1388 1268,1382 1313,1379 1358,1379 1403,1376 1448,1373 1492,1373 1537,1373 1582,1373 1627,1376 1671,1376 1716,1376 1761,1379 1806,1382"/>
                <TextEquiv>
                    <Unicode>sich - " jene - dazu verhalten werden, nicht</Unicode>
                </TextEquiv>
            </TextLine>
            <TextLine id="tr_1_tl_3" custom="readingOrder {index:2;}">
                <Coords points="128,1639 539,1669 670,1577 910,1620 1438,1532 1783,1601 1789,1453 1357,1427 1074,1515 1010,1468 691,1457 133,1549"/>
                <Baseline points="143,1603 179,1600 223,1600 268,1600 313,1597 358,1594 403,1591 447,1591 492,1588 537,1582 582,1576 626,1573 671,1570 716,1567 761,1564 806,1558 850,1558 895,1555 940,1555 985,1555 1030,1555 1074,1549 1119,1546 1164,1543 1209,1543 1253,1537 1298,1540 1343,1537 1388,1534 1433,1534 1477,1531 1522,1531 1567,1531 1612,1534 1657,1537 1701,1540 1746,1549 1791,1549"/>
                <TextEquiv>
                    <Unicode>ich nicht. Ich denke, sie werde der Rück sehr</Unicode>
                </TextEquiv>
            </TextLine>
            <TextLine id="tr_1_tl_4" custom="readingOrder {index:3;}">
                <Coords points="111,1808 381,1847 578,1748 653,1787 991,1716 1104,1759 1190,1703 1372,1759 1584,1703 1697,1746 1828,1723 1832,1665 1444,1552 1124,1650 1051,1601 719,1631 546,1716 477,1665 201,1738 116,1706"/>
                <Baseline points="122,1776 131,1773 176,1776 220,1773 265,1770 310,1770 355,1767 400,1764 444,1761 489,1755 534,1752 579,1746 623,1740 668,1737 713,1734 758,1728 803,1725 847,1722 892,1719 937,1716 982,1713 1027,1707 1071,1701 1116,1698 1161,1698 1206,1695 1250,1695 1295,1692 1340,1692 1385,1689 1430,1686 1474,1683 1519,1683 1564,1686 1609,1686 1654,1686 1698,1692 1743,1695 1788,1698 1833,1698"/>
                <TextEquiv>
                    <Unicode>rasch lesen - aber mit der stillen Hoffnung, ein</Unicode>
                </TextEquiv>
            </TextLine>
            <TextLine id="tr_1_tl_5" custom="readingOrder {index:4;}">
                <Coords points="150,1980 447,1937 610,1980 993,1868 1802,1902 1806,1806 1534,1828 1462,1774 1303,1810 1254,1770 1117,1821 1029,1774 965,1828 713,1770 535,1875 415,1828 154,1883"/>
                <Baseline points="164,1934 194,1931 238,1931 283,1925 328,1922 373,1922 417,1916 462,1913 507,1907 552,1904 597,1898 641,1892 686,1889 731,1886 776,1883 821,1880 865,1877 910,1874 955,1868 1000,1868 1044,1865 1089,1863 1134,1860 1179,1860 1224,1860 1268,1863 1313,1865 1358,1863 1403,1863 1448,1863 1492,1863 1537,1863 1582,1863 1627,1863 1671,1865 1716,1868 1761,1874 1806,1880"/>
                <TextEquiv>
                    <Unicode>schlechtes zu finden. Sie wollen aber vor dem</Unicode>
                </TextEquiv>
            </TextLine>
            <TextLine id="tr_1_tl_6" custom="readingOrder {index:5;}">
                <Coords points="120,2155 1256,2146 1586,2078 1708,2121 1714,1945 1395,2018 1019,1954 522,2024 447,1988 347,2061 124,2018"/>
                <Baseline points="134,2092 149,2092 194,2095 238,2095 283,2092 328,2092 373,2092 417,2089 462,2089 507,2089 552,2089 597,2089 641,2083 686,2080 731,2077 776,2074 821,2074 865,2072 910,2069 955,2066 1000,2066 1044,2063 1089,2063 1134,2063 1179,2060 1224,2063 1268,2063 1313,2060 1358,2057 1403,2057 1448,2054 1492,2054 1537,2051 1582,2051 1627,2048 1671,2051 1716,2054"/>
                <TextEquiv>
                    <Unicode>erreichen, dass sie aufmerksam werden</Unicode>
                </TextEquiv>
            </TextLine>
            <TextLine id="tr_1_tl_7" custom="readingOrder {index:6;}">
                <Coords points="1068,2260 1382,2264 1434,2294 1573,2260 1682,2300 1785,2300 1815,2294 1815,2157 1755,2131 1676,2170 1596,2127 1532,2142 1430,2089 1335,2099 1269,2146 1216,2131 1068,2200"/>
                <Baseline points="1080,2224 1125,2233 1170,2236 1215,2236 1259,2233 1304,2233 1349,2233 1394,2230 1439,2230 1483,2230 1528,2233 1573,2233 1618,2233 1662,2233 1707,2236 1752,2239 1797,2236 1818,2233"/>
                <TextEquiv>
                    <Unicode>liet sch. sprach ich;</Unicode>
                </TextEquiv>
            </TextLine>
            <TextLine id="tr_1_tl_8" custom="readingOrder {index:7;}">
                <Coords points="160,2273 259,2309 394,2290 556,2320 640,2279 740,2315 845,2290 892,2318 963,2286 965,2200 856,2198 788,2136 666,2200 563,2136 349,2213 291,2166 212,2223 163,2213"/>
                <Baseline points="173,2266 206,2263 250,2260 295,2257 340,2254 385,2251 429,2251 474,2248 519,2245 564,2245 609,2245 653,2245 698,2245 743,2242 788,2239 832,2242 877,2242 922,2242 969,2243"/>
                <TextEquiv>
                    <Unicode>aber dürfte gelingen.</Unicode>
                </TextEquiv>
            </TextLine>
        </TextRegion>
        <TextRegion id="tr_2" custom="readingOrder {index:2;}">
            <Coords points="1877,218 2012,218 2012,1246 1877,1246"/>
            <TextLine id="tr_2_tl_1" custom="readingOrder {index:0;}">
                <Coords points="1900,287 1915,289 1922,282 1926,287 1941,287 1943,293 1956,295 1969,304 1984,306 1992,218 1973,212 1956,218 1937,212 1928,218 1926,212 1917,218 1907,218"/>
                <Baseline points="1913,277 1949,274 1994,268"/>
                <TextEquiv>
                    <Unicode>e</Unicode>
                </TextEquiv>
            </TextLine>
            <TextLine id="tr_2_tl_2" custom="readingOrder {index:1;}">
                <Coords points="1862,452 1877,452 1892,469 1900,464 1920,467 1960,494 1975,492 1988,347 1973,347 1952,330 1930,338 1920,327 1896,317 1875,319"/>
                <Baseline points="1877,414 1898,412 1943,409 1988,403"/>
                <TextEquiv>
                    <Unicode>111</Unicode>
                </TextEquiv>
            </TextLine>
            <TextLine id="tr_2_tl_3" custom="readingOrder {index:2;}">
                <Coords points="1875,629 1902,638 1911,629 1915,633 1928,627 1956,651 1960,646 1984,651 1990,482 1973,484 1960,494 1926,469 1900,473 1879,464"/>
                <Baseline points="1886,582 1904,582 1949,579 1994,579"/>
                <TextEquiv>
                    <Unicode>la</Unicode>
                </TextEquiv>
            </TextLine>
            <TextLine id="tr_2_tl_4" custom="readingOrder {index:3;}">
                <Coords points="1875,794 1887,794 1896,802 1905,794 1917,798 1922,794 1945,811 1969,805 1980,811 2001,809 2003,713 1980,708 1971,715 1950,704 1932,706 1928,702 1907,715 1877,708"/>
                <Baseline points="1889,752 1916,752 1961,752 2006,749"/>
                <TextEquiv>
                    <Unicode>as</Unicode>
                </TextEquiv>
            </TextLine>
            <TextLine id="tr_2_tl_5" custom="readingOrder {index:4;}">
                <Coords points="1860,1002 1881,999 1896,1012 1915,1002 1932,1014 1952,1002 2001,999 2012,871 1960,875 1952,884 1926,882 1920,875 1913,880 1907,873 1868,882"/>
                <Baseline points="1877,928 1922,928 1967,925 2012,919"/>
                <TextEquiv>
                    <Unicode>au</Unicode>
                </TextEquiv>
            </TextLine>
            <TextLine id="tr_2_tl_6" custom="readingOrder {index:5;}">
                <Coords points="1892,1149 1902,1149 1907,1156 1947,1141 1962,1151 1980,1151 2001,1008 1982,1004 1958,1023 1909,1025"/>
                <Baseline points="1910,1107 1949,1104 1994,1095"/>
                <TextEquiv>
                    <Unicode>ist</Unicode>
                </TextEquiv>
            </TextLine>
            <TextLine id="tr_2_tl_7" custom="readingOrder {index:6;}">
                <Coords points="1905,1267 1928,1267 1935,1271 1969,1256 1999,1258 2007,1160 1997,1160 1980,1173 1971,1171 1965,1177 1954,1175 1935,1181 1926,1175 1911,1179"/>
                <Baseline points="1919,1236 1961,1236 2006,1230"/>
                <TextEquiv>
                    <Unicode>se</Unicode>
                </TextEquiv>
            </TextLine>
        </TextRegion>
    </Page>
</PcGts>
