2088 2407
150 264 1788 461 teistung bet. daß Seillermarser vorgäßt
141 445 1773 623 war, ist nicht werkwürdig – es gebe viele
139 617 1786 779 Schauspieles, die in dieser Rolle jet wären, die
135 779 1671 951 ja als sich so unfehlbare Wirkungen in
152 945 1759 1123 sich trägt. Ich möchte u. a. Sonnenthal ock¬
154 1099 1330 1285 Robert als Tabaris sehen.
207 1292 1706 1482 Ich komme natürlich hören nicht mehr
154 1447 1689 1640 dann die froh darüber. Wirkliche
576 1562 1197 1712 in der jetzige Se ihr
180 1611 1689 1841 Gründe, mich auf aufzusetzen.
195 1800 1706 1966 lagen allerbes keine vor - aufte¬
1263 1952 1581 2064 für deau
168 1978 1773 2214 daß er mir die Aufführig versprochen
1829 338 2009 437 was
1884 439 2005 652 P.
1843 890 1984 982 ver
1892 1179 2011 1306 le
