2135 2521
149 149 1774 385 wievielen Rechte man es vorbringen.
137 296 1831 530 mag - ich ließe mich auf immer lieber
1930 359 2039 473 le
144 471 1857 686 im Volkotheile als in Raimadtheale auf¬
140 639 1762 832 fuhren. Mein persönliches Verhältnis zu
147 811 1833 1012 Herrn Müller gebenommen ist das; daß ich
144 977 2024 1206 (das weiss ich bestimmt) einen tiefer Ekel u
154 1130 2029 1395 vor ihm empfinde. Dass es mich (das ohne ich)
140 1334 2036 1528 nicht ausstehen kann - und daß wir a
149 1542 1807 1736 uns höflich quüsten, wenn wir uns
151 1703 1864 1894 irgendwo schrei. Mit den Volksthenter,
1866 1724 2043 1859 do
163 1878 1859 2062 seel ich jetzt gar nicht; man hat sich recht
1925 1911 2048 2036 ter.
173 2043 2058 2254 schuldig gegen mich benommen und ich hatte Pa
438 2263 537 2346 peuil
