1896 2407
125 150 1666 307 weiter behörden? - daß es ihr ein
127 313 1707 471 leichtes ist, wissen wir ja - es ist
111 461 1754 641 aber nicht zu vergessen, daß es nichts
104 625 1584 789 nachläßigen, rücksichtsloser
111 776 1698 942 schanloseres gibt als Theaterdrei¬
98 924 1723 1117 lionen. Diese Näschläßigkeit, Rück¬
143 1082 1746 1299 sichtslosigkeit, Schamlosigkkeit steigert
162 1272 1756 1451 sich ins ungemessene, sobald sie
109 1418 1709 1657 es mit einem Unbekanten zu thun
160 1537 1739 1756 haben. Ich glaube also, dass man
156 1733 1774 1957 lich an eine Beförderung des Stücks
156 1907 1662 2131 von theater zu Theuler kaum
180 2075 1743 2258 recht verlassen kann. Außerdem
