2057 2487
220 159 1904 385 das Frau nicht künstdersch bewältigen
264 360 1839 585 der Stoff wäre ja als ganzes noch
260 532 1896 725 anders zu fassen gewesen - wenn
237 687 1808 918 ich eben die ersten vier Akte zu
266 865 1919 1075 den fünften, der vorliegt, geschrieben
233 1022 1906 1238 hütte. Da wäre das Liebesbesanal
279 1217 1869 1410 der Sie wünschen, im dritter
243 1383 1915 1594 gekommen. Es ist möglich, daß mir
304 1559 1800 1743 Die Knecht zu der ganze Magodie
264 1726 1883 1929 gefehlt hätte. Die Wahrheit ist jeden¬
302 1917 1777 2108 falls, daß und dieses fünft
88 1967 199 2074 rch
281 2074 1850 2286 Akt in meinen Absichten lag.
86 2091 201 2321 be
