1752 2330
394 207 1558 344 Stück aller erst nach
290 368 1629 507 der Selmiène mit einer ver¬
165 497 1547 730 handeln. - Ich sage nicht, daß
196 671 1544 897 I. Tischler schlechter ist als die
129 873 1616 1045 andern – aber er ist nicht besser.
196 1037 1547 1252 Ich rathe daher durchaus nicht
148 1231 1516 1407 non ihm ab, sondern will
150 1383 1573 1599 einen ämbre Weg vorschlagen.
214 1570 1568 1786 ist es Ihnen recht, so mache ich
146 1754 1558 1921 diese Sache wieder durch Schick
166 1939 1631 2137 neben ich nämlich in Schnabel's
