2057 2504
166 260 1897 451 - darin Stück ist jetzt auch an deutscher
144 438 1862 634 Thealer in Berlin angenommen, ich habe
129 628 1862 873 mich nicht geschaut, Herrn Strafen die
164 792 1912 1039 Ruttheilig zu machen, daß es an den Stuch
179 1041 1903 1251 ausgeführt wird: es ist wohl nicht un¬
149 1203 1886 1437 wahrscheinlich, daß diesen Umständen
140 1365 1901 1592 die Annahme beschleunigt hat: Und aber
184 1628 1925 1829 halte ich mich nicht für einen Unter¬
164 1785 1899 2004 und doch habe ich die Empfindung, daß
1076 1929 1450 2019 Sevent.
164 1991 1881 2190 in letzten Linie ein Erfolg doch nur
197 2183 1835 2345 dem Umstand zu denken sein wir
