2040 2423
261 241 1805 484 schuldig an Baumgarten retour,
232 455 1873 621 ihr es mir unter Königland wie¬
73 565 188 671 st.
199 601 1869 808 es gekomen war, zustellen liehs. B.
66 696 166 892 J
228 769 1893 987 hat der Mscrpt daher mit keinem
77 901 192 1023 lui
99 952 1875 1153 1. Ausgesehe, da ich es persönlich an
77 1087 1831 1314 f. Fischer auf die Post gab. - Nun
234 1303 1869 1498 wie gefällt Ihnen die selbstgewählt
190 1478 1864 1628 Rolle des unbekannten Richters? - Glau¬
230 1654 1844 1869 ben Sie mir, daß ich Ihren Mitwillen
214 1882 1835 2054 sozusagestegenheit mithühle. Und
239 2063 919 2211 man ist mehrlos.
