5752 4599
1481 363 1656 543 V.
3031 384 3321 570 Votre tragé
2463 672 3629 938 Wien, 9. Heiligen Pädterstr. 12
2868 835 3487 987 19. Juni 1910.
1828 812 2316 1037 Ichrebe
2015 1058 3238 1325 Hochgeehrter Herr Schnitzler,
1916 1180 3696 1465 dürfte ich Ihnen – als Unbekannter – mit ei¬
1939 1304 3742 1523 nem Anliegen nahen. Sollte thuen zufällig
1946 1394 3767 1601 mein Name nicht fremd sein, so kann ich nichts
1955 1511 3675 1725 machen – sonst aber mochte ich Ihnen meinen
1946 1589 3737 1805 Beruf nicht verraten. Neben diesem befasse ich
1953 1681 3763 1953 mich schon seit einiger Zeit mit Schrift stellen.
1950 1773 3802 2042 dieb hat Feil. v. Saat auf dem Gewissen, der mich
1964 1886 3696 2137 sein erzeit sehr dazu ermutigt. Ich habe nun
1976 1992 3788 2233 einen Einakter geschrieben, der nur geeignet
1973 2111 3797 2328 erschienen auf einer Bühne Interesse zu erregen.
1983 2185 3790 2422 Es ist nicht notwendig zu sagen, warum ich mich
2006 2284 3747 2466 gerade an Sie wende. Ich möchte Sie, verehrter
2017 2371 3749 2622 Herr bitten das Stück zu lesen. Sollte es
2040 2445 3733 2716 Inderesse erregen so ergibt sich sich an alles
2040 2576 3740 2767 Meitere von selbst und Sie werden sicherlich
2042 2663 3639 2893 nur dann Ihre Hülfe angedeihen lassen.
2052 2753 3846 2974 Wenn nicht – doch ich will lieber hoffen, daß
2056 2845 3848 3084 es ihn. Dürfte ich mich Ihnen vorstellen, oder
2040 2965 3749 3190 soll ich Ihnen das (mit Schreibmaschine gut
2072 3075 3829 3296 geschriebene, Bych mit der Post zu senden?
2077 3144 3857 3404 Verzeihen Sie die Bemühung, Sie werden wahr¬
2100 3229 3878 3487 scheinlich sehr viel zu tun haben, und das öfteren
136 4338 400 4490 e
