2840 3416
295 1285 558 1440 k. 1.7
275 1401 634 1497 aclie. dec
290 1484 646 1605 Sehe Ih tet
275 1556 612 1693 terstt
248 1654 509 1769 csu
209 1720 641 1880 tin Wegench
1243 260 1393 388 t.
2244 351 2381 477 86.
1138 428 2418 639 sie dernl die kenten die Schriste
723 477 1076 661 Dregnlein
723 617 1602 801 Karl Bern Ich glanbe.
720 737 2072 934 Dregulstni/ Zeretnehe vof ihm also
718 895 2032 1047 Kerl Dern: Sie sind inffruierte-
745 1015 2507 1207 Preguletni sse hat say eben eretsentdeckt, sie
723 1162 2551 1344 hat nicht gemyeet, deße er im Ehfater iet, daher
735 1253 2168 1416 dierer elstrlihne Geannentraafhut.
730 1398 2644 1588 Kari bern. Ehend Jer Prief früher gekomnen wir
727 1529 2698 1740 dregulein, Sie affe ihn übershapt zer nicht bekon-
732 1671 2507 1843 men. Der Wenschshat ihr dochf den Znschied ge-
730 1789 2659 2018 gebenser iet if mit seiner fraut i in Mheater.
1634 1966 2099 2126 wilhe isulst
730 2027 2472 2261 Kerl dernikenf er aber hiester zurücktehrte-
747 2214 2534 2399 bregulein: ufe maer untersjeder Sedingung ver
742 2374 1194 2514 der werden
732 2460 2504 2642 terl Berni Pierer freicht nath ich vor karzen
740 2588 2649 2794 noch selbef. Aber mur nfr weisdh ob ich Recht bet-
723 2728 2170 2912 ter do Pfarg eind nicht so einsheh.
730 2853 2644 3065 Drogillethi Sie eine eiflach. Wen dgee nur neren
745 3010 1172 3178 nes mans11
