2872 3432
545 471 1619 726 delent- Seine Kopfschnerzen
533 667 1425 803 Mathtide: Sie ist es.
545 818 1135 930 Helenei Werz
565 811 2424 1056 Rsthilde: die da unten. Ich fühle se: Ich meise
550 1039 1800 1232 er. Marunfagst da er pir nichte
573 1101 2511 1358 Neddne: Ich sehmer se dir, dese ich nichte genuest
570 1274 2417 1460 hebe. Aber viellsicht hart da Recht. In jeden
578 1383 2461 1586 Fall aber ist se aus, deren kannet du dock hicht
583 1557 969 1757 wweifeln.
595 1648 1983 1884 Mathildei Er liebt sie noch innert.
595 1777 2496 2005 Egiene: Und menn auch -men murs mit den Mennern
617 1924 2447 2117 ein wenig Geduld heben oder sich entschlieseen.
602 2045 2484 2261 ebenso zu reif nie eie. Das ist vielleicht dee
575 2231 1063 2392 (Gausentere.
627 2298 2459 2526 Anthlide. Ich wollt, er kans nicht zurück. Möru
635 2486 1063 2632 das Oenzet
622 2556 2494 2761 Rolens, eu sprichet unginn.. Ihr geld ferlobt.
649 2694 2642 2910 Prickeilin Frau velthl Sie andeieren eich geber, gua
635 2880 1068 3027 dige Fraut
734 2960 2419 3198 sei vettne Joh, bin etwae retstreat, wie die!
