2856 3432
706 410 1946 574 Lerie: dem dedo etesat n
1123 517 2619 711 Rechti was hitte ieft denn dun solfend
815 569 1069 725 dem
2465 642 2616 796 e
720 680 2202 853 Uebrigene entexendgansfist helt
730 784 2598 979 denele nach der graeseh drese nach den Schreck-
723 912 2451 1128 lichen Ausbrufh schieh aif sich. ih wirklich
725 1055 2486 1277 voltkonnen derfihsgeffingten zu tigben. Aie ich
725 1218 1519 1379 sie. dann wiederteh-
1654 1320 2512 1472 Und ierum eigentlicht
739 1320 1616 1531 Richard: Menn nahr darf
742 1446 2647 1607 l체drig: Ich hattelbyksetrligherneieg den Muneck.
1607 1562 2605 1756 erlehbten, fhr wenigetene
728 1616 1583 1756 someit er meine Mifte
744 1695 2616 1943 fur die erten kofete einef Neinen detragistne
742 1841 1384 2019 Art Teschengeld,
747 1958 2190 2166 Tichard: Der hift eie spri sabgelchnte
747 2060 2552 2301 Indrig: Darin fenag. Ich sngter 체berhaupt nicht.
749 2225 2541 2398 wie sich setft die belded Frauen - die Untter
754 2346 2616 2569 alt iurer nfnrigen. Kenstonf und Franzt mit ihrer
751 2503 2560 2671 l채cherlichfn bage - freilich, des Uadel ief ie
763 2614 2590 2794 eine r체neflerin iynfeser Befiehung, vielleicht
1564 2737 2512 2917 Beziehung fle. aie Schau-
761 2768 1531 2953 noch nehf in dieser
751 2908 1130 3057 estelerin
