2872 3448
2137 307 2284 393 293
733 410 2478 580 sgll das Gift schon lange bei sich getragen.
738 546 1038 657 haben.
731 666 1692 834 Dregulein: Armee Mädel.
779 762 2593 980 lEine Benegung auf den Gaug, die darauf hinden-
736 947 2387 1040 tst, dass die Bahre herbeigetragen wird).
748 1059 2665 1244 Gregor: (schlagt plötzlich der länge nach auf den
743 1191 1153 1337 Boden hinl
719 1301 2545 1493 Wregulein: Exsgör! Aberl. Das macht man ja nur
738 1440 1701 1589 mehr auf dem Theater! (.
738 1574 2600 1728 lentsprechende Bewegung in Konversationszimner.
724 1704 2648 1862 nen prappicht sichbannillkürlich sa, als menn man
731 1838 2578 1998 aie Bahre vorbeilassen wollte, das Sofa ist zum
724 1963 1383 2159 Aopfaug boreitl.
