2856 3432
2184 285 2355 456 286
1276 398 2423 622 Ferul sie kennen die Scheifte
717 368 1242 659 Aroxetett. C
720 617 1586 803 Khrl Bern: Ich slaube.
720 766 2111 903 Negulein: Zrkrglanke Von ihm also
698 874 1942 1049 Refi. Bern: Sie sind införnierts
730 1013 2391 1164 Erdeulein: Sie hat ihn eben eret entdeckt,
725 1142 2547 1264 hat nicht gemusst, dass er in Theater ist, deher
717 1266 1998 1452 dieser plätzliche Zusannenbruch.
717 1403 2613 1562 Karl Bern: menn der Brief früher gekomnen wär.
717 1525 2682 1728 Dregulein: Die darf ihn überhaupt far nicht bekön.
720 1701 2389 1859 nen. Der Menschhat ihr doch gen: Abrchied
725 1806 2638 2011 geben, er ist ja mit seiner Bräut ihm im Theater.
720 1959 1205 2108 Dreguteiuer
734 2067 2467 2252 Kerl Bernfienn er aber wieder zurückkehrte-
732 2181 2640 2394 Dregulein: Fär nurz unter jeder Bedingeng veinie,
717 2347 1210 2494 den werden.
725 2469 2491 2650 Karl Dern: Dieser fneicht war ich vor kurzen
725 2601 2669 2767 noch selbst. Aber xer wer meiss, ob ich Recht hät-
727 2725 2189 2901 ter die Singe sind nicht so einfach.
732 2860 2677 3009 Dregulein: Sie sindeinfach. Man muss nur wiesen,
727 2987 1269 3182 nes nen mill.
