3528 4200
3010 417 3151 571 11
1183 885 3210 1068 begegneten ihm viele Menschen, die alle den
1186 1037 3095 1261 Weg singen, den er gekommen war. und oft
1188 1191 3228 1384 liess er anhalten und fragte die Leute, war
1181 1358 3133 1531 um sie zu dem heiligen Bilde wallfahrten,
1209 1528 3231 1711 aber von tausend hörte er, dass sie Heilung
1248 1680 3136 1855 suchten, eh' er einen fand, der hinunter
1204 1803 3164 2009 zog, um seinen Dank und ein Weihegeschenk
1219 2001 3210 2163 darzubringen. Als er in sein Schlosszurück-
1222 2156 3249 2305 gekehrt war, begann er in die Tiefen seiner
1230 2310 3208 2446 Seele zu schauen und forschte darin, ob er
1235 2439 3128 2609 je mit Bewusstsein ein Unrecht oder eine
1276 2557 3285 2783 Sünde begangen. Doch er erinnerte sich kei-
1235 2765 3283 2912 ner. Da er aber seinem Gedächtnisse mistrau-
1248 2881 3228 3084 te, rief er seine Räte und fragte alle, ob
1250 3033 3295 3244 sie von einer Stinde oder einem Unrecht wüss-
1263 3221 3331 3429 ten, das er begangen. Sie wussten ihm keines
