3592 4360
1306 644 3263 825 Bedeutende Schilderung der Scheiterhaufen.
1311 841 3365 1007 Kampf zwischen dem Kranken und dem Gesunden.
1262 1002 2545 1150 Die Verwandten der Kranken.
1306 1152 3201 1290 Der Sohn des Fürsten heftet ein Blatt an
1272 1285 3242 1444 die Wand oder lässt einen Tempel bauen, an
1377 1492 3204 1589 dessen Wände diejenigen, denen nicht ge
1316 1612 2882 1771 holfen wurde, ihre Klagen heften.
1321 1921 3299 2082 Der Hohepriester wird umgebracht. Revolte.
1323 2085 3332 2223 Die Worte des Königs, sehr laut gesprochen,
1346 2256 2693 2412 erscheinen nicht an der Wand.
1293 2399 3053 2552 Die Scheiterhaufen werden ausgelöscht,
1344 2552 3127 2696 nachdem die Priester verbrannt wurden.
1336 2719 3135 2895 Nach einiger Zeit beruhigt sich alles.
1303 2892 2524 3061 Der Tempel wird verbrannt.
1395 3010 3161 3230 Nach einem Jahr steht wieder das Bild
1372 3204 3258 3352 der Gnade dort - ein anderes, wieder Wun-
1380 3390 1957 3582 der wirkend.
