3544 4200
2969 403 3106 547 18
1135 858 3190 1105 Tempel, die Stufen und das Innere mit Gewalt
1138 1017 3036 1254 räumen sollte. Aber es schien, als hätte
1141 1210 3129 1390 sein Wort an Macht verloren, und die Menge
1143 1374 3180 1575 rührte sich nicht. Es waren Viele unter die
1166 1510 3185 1706 sen, welche schon zum zweiten Male und noch
1161 1680 3198 1870 öfter an diesem Orte weilten und vergeblich
1141 1837 3121 2009 das Bildnis des heiligen Brahma angerufen
1179 1957 3142 2150 hatten. Und diese flüsterten, und Niemand
1212 2129 3244 2320 wusste, wer es zuerst geflüstert: "Auch wir
1192 2281 3154 2492 verzweifeln und terben!“ Und das Flüstern
1184 2438 3134 2633 wurde zum Schreien, das Schreien zum Jam-
1197 2579 3242 2769 mern, und ringsum tönte es immer weiter bis
1200 2754 3267 2941 zu den Zelten, zu den Scheiterhaufen, hinaus
1264 2885 3172 3126 auf die Landstrasse, den Neuangekommenen
1230 3052 3293 3252 entgegen: "Wir verzweifeln und sterben!" Und
1266 3234 3190 3465 mit einmal sah man eine ganze Anzahl von
