3528 4280
2945 426 3099 629 12
1137 876 3150 1060 zu nennen. Aber er mistraute ihrer Ehrlich-
1145 1086 3166 1243 keit und darum liess er rings in Volke for-
1150 1191 3166 1358 schen, ob Einer aufstehen könnte, ihn eines
1184 1371 3161 1535 Unrechts beschuldigen, und Jedem, der des-
1155 1551 3155 1707 sen fähig wäre, versprach er ein so reichen
1196 1692 3112 1856 Geschenk, dass es ihm Sorgenlosigkeit für
1140 1833 3166 2003 den Rest seines Lebens sichern sollte. Doch
1137 1969 3022 2175 Keiner rings im Lande stand auf, dem der
1140 2105 3117 2318 Fürst das geringste Unrecht zugefügt, denn
1150 2293 3189 2475 er war der Edelste von Allen, die je in die-
1145 2470 3163 2634 sem Lande geherrscht hatten. Da verfiel der
1155 2593 3125 2788 Fürst in eine noch tiefere Traurigkeit als
1176 2773 3148 2937 früher. Schweigend lag er auf seinem Ruhe-
1145 2909 3048 3102 bett, Tage und Nächte 1 kg, und wäre das
1178 3086 3042 3250 Leuchten seiner Augen nicht gewesen, so
1130 3225 3189 3410 hätte man ihn für einen Toten halten können.
