3480 4200
1130 808 3137 1041 Glieder wieder, dass ich mich meines Lebens
1418 950 1601 1070 dary
1057 1018 2810 1209 freuen kann und meine Völker lieben!"
1269 1162 2956 1350 Dieses gleiche Gebet verrichtete der
1088 1329 3116 1494 Fürst nach Weisung des Hohepriesters sieben
1081 1486 3037 1651 Mal jeden Tag durch sieben Tage. An Abend
1094 1630 3045 1831 des siebenten wurde die Heimreise angetre-
1104 1761 3160 1939 ten. Vier Wochen später trug man den Fürsten
1104 1936 3092 2093 die Stufen des Palastes wieder hinauf, und
1099 2077 3205 2240 Tage und Nächte verrannen wie früher. Regungs-
1094 2242 3140 2404 los lag der Fürst auf dem Ruhebett im hohen
1107 2415 3140 2556 Saal oder unter den mächtigen Bäumen in sei-
1101 2559 3103 2697 nem Park, und wenn er nicht die Lippen öff-
1099 2708 2964 2875 nete, um zu reden, und wenn seine Augen
1138 2854 3119 3048 nicht aufleuchteten, sah er wie ein Wachs-
1112 3027 3142 3200 bild aus. Niemand aus seiner Umgebung wagte
1115 3176 3116 3406 es, von dem Wallfahrtsort zu sprechen, und
