3512 4184
1137 855 3084 1048 Abendsonne auf weissen xxxxem Zelten, als
1181 1019 3073 1186 wäre ein grosses Kriegslager hier aufge-
1145 1170 3094 1365 schlagen; doch dies waren die beweglichen
1155 1334 3166 1498 Wohnungen der Wallfahrer, die an einem Tage
2782 1450 2945 1552 ab
1145 1473 3186 1647 aufgerichtet und am anderen wieder aufgebro-
1160 1649 2992 1811 chen wurden. Bei hereinbrechender Nacht
1150 1803 3089 1962 liess sich der Fürst durch die Reihen der
1140 1962 3127 2118 Zelte über die sieben Stufen in den Tempel
1209 2105 3194 2280 tragen, und als seine Bahre vor dem wunder-
1155 2254 3217 2420 tätigen Bilde hingestellt war, hielt ihm ein
1155 2413 3191 2582 Arzt und ein Priester das Haupt in die Höhe,
1209 2561 3243 2758 damit er seine Augen fest und inbrünstig auf
1155 2725 3143 2907 das heilige Bildnis richten könnte. Es war
1160 2876 3150 3040 ein Bild, das den heiligen Brahma darstell-
1170 3027 3189 3184 te, so wie Menschenaugen glauben, dass sich
1160 3166 3158 3373 ihnen das Gewaltige enthüllen würde: unter
