3512 4200
1164 846 3194 1043 Fürsten (darum) anzuflehen, eine Wallfahrt zu
1218 1015 3228 1172 jenem Wunderbilde zu unternehmen. Der Fürst
2520 1102 2605 1192 O!
1169 1136 3123 1341 nahm den Vorschlag mit grösser Bereitwil-
1164 1338 3207 1487 ligkeit auf, als seine Räte erwartet hatten,
1169 1441 3210 1654 und schon am Morgen des nächsten Tages mach-
1172 1623 3223 1800 te er sich mit einem grossen Gefolge auf die
1169 1761 3166 1959 lange und beschwerliche Reise. Dem Fürstli-
1179 1928 3159 2113 chen Zuge schlossen sich schon in der Resi
1174 2077 3171 2271 denz und auch auf dem Wege, der sie an vie-
1174 2248 3061 2412 len Städten vorbeiführte, eine Menge von
1169 2397 3182 2582 Leuten anderer Stände an, die als unheilbar
1213 2553 3100 2730 krank erklärt worden waren und nun einer
1161 2689 3225 2884 letzten Hoffnung entgegenwallten. Nach einem
1161 2877 3059 3051 Monat leuchtete dem Fürsten die silberne
1169 3035 3200 3187 Kuppel des Tempels entgegen, in dem das wun¬
1213 3171 3192 3361 dertätige Bild wohnte, und ringsum lag die
