3544 4200
1658 850 1858 988 Baly
1132 894 3128 1084 kamen, und endlich gewahrten sie, dass aus-
1137 1076 3130 1224 serhalb des Zeltlagers eine Flamme aus dem
1084 1239 3019 1384 Boden schlüge; hörten ###e ein wüstes
1094 1376 3118 1561 Schreien und Lärmen, und sahen endlich eine
1132 1571 3140 1714 grosse Menge von Menschen, die rings um das
1094 1696 3087 1866 Feuer tanzte. Krüppel liessen sich von Leu-
1107 1863 3135 2023 ten mit gesunden Gliedern in die Höhe heben,
1094 2006 3092 2181 Blinde hüpften an der Hand von Sehenden um
1089 2181 3044 2305 her, und nun sah der Fürst, dass hier ein
1097 2305 3062 2475 Scheiterhaufen lohte und dass in den Flam-
1132 2455 3151 2640 men eine dunkel glühende Masse, welche noch
1102 2612 3092 2780 die Gestalt eines Menschen hatte, immer un-
1094 2793 3130 2963 förmlicher wurde und sich in nichts aufzulö-
1094 2922 3034 3102 sen schien. Er sandte fragen, an wem hier
1097 3090 3105 3237 ein so schauerliches Gericht vollzogen wür-
1097 3262 3128 3425 de, und erfuhr alsbald, dass man hier einen
