3640 4232
3034 422 3201 622 20
1255 838 3227 1077 ter: das waren die, welche am tiefsten das
1244 1052 3314 1255 Leid der Andern fühlten. Mit einerungeheuren
1244 1206 3183 1396 Geschwindigkeit wuchs nun neben dem neuen
1252 1347 3196 1581 Tempel ein zweiter aus dem Boden, der glei-
1255 1525 3219 1676 chen Bestimmung geweiht, und noch im Laufe
1244 1674 3222 1833 des selben Jahres dreissig andere. Denn es
1239 1818 3299 1990 war eine neue Andacht ins Land gekommen, und
1247 1998 3240 2147 es galt wie ein Gesetz, dass nicht nur die,
1286 2129 3255 2306 denen geholfen war, hierher wallten, um zu
1239 2301 3247 2448 danken, sondern dass auch die Andern wieder
1242 2468 3078 2638 kommen mussten, die Brahma nicht erhört
1265 2600 3132 2772 hatte. Und für die, welche nicht wieder-
1226 2769 3152 2934 kommen konnten, weil sie daheim gestorben
1229 2903 3142 3093 waren, kamen die Hinterbliebenen, die An-
1226 3062 3206 3271 dacht der Verzweiflung verrichten. Und so
1219 3242 3204 3445 kam es, dass im Laufe der Jahre immer neue
