3656 4232
3150 372 3265 580 21
1313 852 3370 1052 Tempel ringsum entstanden; and es wurde eine
1452 1039 1719 1149 Rierin
1277 1052 3291 1257 (ungeheure Stadt von schwarzen Tempeln, und
2152 1126 3447 1275 one verschlungen on du dunkeln haue
1306 1224 3214 1372 mitten unter ihnen, stand der älteste, in
1365 1336 3217 1513 welchem nach wie vor das Gnadenbild des
1311 1477 3263 1685 heiligen Brahma hing und ein Hohepriester
1329 1644 3268 1847 die Betenden empfing. Und während ringsum
1334 1844 3352 1993 in den tausend Tempeln aus schwarzem Marmor
1336 1975 3383 2180 das Jammern der Verlorenen, Verlassenen und
1347 2108 3396 2291 Verzweifelten tönt, beten in dem alten Tem-
1716 2255 2283 2383 ins maller Feil
1349 2288 3293 2457 pel der Gnade) die Geretteten, preisen die
1354 2432 3363 2611 Güte und Gerechtigkeit des heiligen Brahma,
1572 2586 1826 2696 sera et
1362 2596 3419 2757 der nur ihnen geholfen hat; sie wissen nicht
2801 2691 3217 2796 nings in he
1408 2765 3427 2904 von den Millionen Gebeten, die zum heiligen
1698 2886 2065 3022 vugetliche
1367 2878 3352 3083 Brahma aufgestiegen sind, ohne Bthörung zu
1844 3042 2196 3132 The gen
1344 3050 3406 3291 finden und wissen nichts von ihren unzählt
1375 3217 3319 3399 gen Brudern, die verzweifeln und sterben.
