3528 4200
2897 374 3049 553 19
1136 883 3112 1090 Kranken die Stufen hinaufeilen, sich durch
1105 1007 3087 1257 die Menge drängen und Pergamentblätter mit
1110 1216 3001 1398 eisernen Stiften an die Wand heften, auf
1115 1350 3104 1552 denen die Geschichte ihres Leids, ihre Kla-
1121 1522 3122 1714 gen und ihre Verzweiflung aufgezeichnet wa-
1131 1673 3109 1863 ren. Und eht die Sonne neu aufging, hingen
1128 1817 3079 1994 Hunderte solcher Blätter an der Wand. Und
1143 1981 3124 2148 als die Sonne aufging, waren alle Scheiter-
2801 2059 3122 2158 hört en
1186 2138 3170 2327 haufen verlöscht. Und die Priester mussten
1153 2299 3155 2453 hören, wie die Worte der Demit und des Fle-
1156 2461 3187 2640 hens und die spärlichen Worte des Danks tau¬
1174 2602 3155 2764 sendfach übertönt wurden von den Rufen des
1229 2751 3084 2915 Grimms und der Verzweiflung. Ehe sieben
1184 2910 3129 3107 Tage vergangen waren, gab es in dem neuen
1194 3056 3190 3235 Tempel keinen Platz mehr für die Pergament-
1653 3205 1789 3291 Abe
1191 3200 3225 3437 blätter. Mich in diesem Tempel gab es Pries-
