3528 4264
2974 420 3134 655 14
1090 884 3031 1090 dem Ort seiner Bestimmung näherte, sah er
1134 1083 3116 1242 schon neben der silbernen Kuppel die matte
1088 1248 3075 1415 Höhe des neugebauten Tempels ragen und der
1129 1392 3088 1575 Himmel erstrahlte von glühendem Rot. Bald
1106 1552 3090 1699 erblickte er Flammen, die emporstiegen,und
1101 1719 3036 1879 endlich sah er, dass vor den Zelten viele
1095 1858 3080 2057 Scheiterhaufen angezündet waren, und rings
1093 2010 3029 2193 um die Lohe, in der Menschen verbrannten,
1116 2160 3150 2327 eine wütende Menge tobte und tanzte. (Und der
1098 2320 3139 2492 Fürst fragte nicht mehr. An den Scheiterhau-
1101 2487 3137 2670 fen und Zelten vorüber liess er sich zu dem
1093 2642 3059 2799 neuen Tempel tragen, der gleich neben dem
1101 2766 3175 2956 alten stand. Und als seine Tragbahre auf den
1101 2918 3175 3106 nackten Fliessen zwischen den nackten Wänden
1113 3083 3116 3261 stand, verrichtete er sein Gebet. Dies l am-
1119 3230 3052 3467 tete xxx also: "Brahma, auch ich habe zu
