3528 4280
3096 426 3239 569 17
1297 868 3237 1075 als ein toter Fürst, so schwiegen sie und
1294 1064 3267 1215 liessen die Priester gewähren, die nun die
1299 1210 3186 1371 Bahre mit dem toten Fürsten hinaustrugen
1243 1335 3099 1547 und auf den freien Platz vor dem Tempel
1299 1524 3244 1685 stellten. Dort aber nahmen die treuen Die-
1299 1695 3237 1835 ner des Fürsten die Leiche in Empfang und
1294 1812 3237 1991 noch in der selben Nacht machten sie sich
1297 1960 3216 2152 auf den Weg nach der Heimat. Indessen er-
1256 2129 3308 2305 teilte der Hohepriester den Befehl, man möge
1261 2282 3283 2476 den neuen Tempel sofort niederreissen. Aber
1256 2471 3283 2601 als die Arbeiter nahten, die den Befehl des
1246 2598 3280 2757 Hohepriesters ausführen sollten, standen so
1261 2757 3288 2923 viele Menschen rings um den Tempel, auf den
1256 2895 3295 3066 Stufen und im Innern, dass es unmöglich war,
1261 3060 3186 3247 mit der Arbeit zu beginnen. Da befahl der
1246 3216 3173 3428 Hohepriester, dass man den Platz vor dem
