3528 4200
1406 861 2997 1020 Vor dreitausend Jahren geschah es,
1176 980 3203 1157 dass in Indien der junge und geliebte Fürst
1173 1173 3237 1332 des Landes von einem schweren Uebel befallen
563 1223 906 1382 schwere
536 1311 972 1517 sa jeune
1176 1311 3068 1488 wurde, so dass er nicht gehen, die Hände
1216 1443 3150 1630 nicht rühren und sich überhaupt in keiner
1181 1593 3203 1752 Weise bewegen konnte. Die berühmtesten Aerz-
1186 1802 3108 1932 te des Landes wurden um Rat gefragt, aber
1181 1926 3121 2080 ihre Kunst war verloren. In allen Tempeln
1226 2074 3219 2233 des Landes wurden Gebete zum heiligen Brah-
1173 2233 3298 2381 ma aufgesandt, aber die Krankheit des Fürsten
1218 2397 3232 2555 wollte nicht weichen. Regungslos lag er auf
1186 2534 3145 2687 seinem Ruhebette in dem hehen Saal des Pa-
1221 2695 3182 2862 lastes, oder man trug ihn über die Marmor-
1176 2820 3171 2989 stufen hinunter in den weiten Park, wo ihm
1176 3042 3118 3179 unter mächtigen Bäumen ein Lager bereitet
1186 3179 2894 3359 war. Und seine Traurigkeit war tief.
