3528 4264
2930 423 3068 617 16
1098 875 2988 1098 gleichen Augenblick erschienen die Worte
1111 1071 3071 1239 seines Gebets zum ungeheuren Staunen aller
1109 1165 3092 1364 Anwesenden in die Marmorwand gegenüber dem
1114 1356 3074 1545 Eingangstor mit riesigen Buchstaben einge-
1119 1526 3004 1710 graben. Sogleich drang die Kunde von dem
1127 1654 3164 1869 Tode des Fürsten und von dem Wunder, das ge-
1127 1837 3007 1994 schehen, unter die Menge vor dem Tempel,
1180 1962 3026 2172 und der Hohepriester erschien. Auf den
1175 2148 3190 2321 Stufen des Tempels stehend, erklärte er vor
1151 2297 3127 2481 dem versammelten Volke, dass der Fürst ein
1143 2433 3183 2635 grosser Lästerer gewesen und dass ihm darum
1157 2582 3058 2757 das heilige Bild nicht geholfen habe. Zu-
1157 2762 3161 2922 gleich befahl er, dass die Leiche des Fürs-
1170 2887 3143 3076 ten aus dem Tempel geschafft und verbrannt
1207 3047 3140 3212 würde, und da die Leute wussten, dass ein
1162 3214 3302 3427 lebendiger Hohepriester grössere Macht besänse
2954 3321 3284 3520 besitzt
