3528 4280
2905 415 3061 587 15
1105 879 3118 1054 dir gefleht! Warum hast du mir nicht gehol-
1100 1064 3061 1205 fen? Ich bin nach meinen Kräften und nach
1108 1249 3171 1372 meinem Wissen ein guter Fürst gewesen, warum
1105 1377 3164 1528 lässest du mich so jung und so elend verkom-
1113 1531 3133 1690 men? Brahma, du hast uns niemals offenbart,
1118 1700 3130 1856 was deine Absicht mit uns ist, wenn wir un-
1128 1825 3156 1992 sere irdische Hülle verlassen, und hast uns
1154 2015 3130 2143 niemals offenbart, warum da so oft Gerech-
1179 2177 3071 2297 te leiden und Ungerechte glückselig sein
1125 2266 3179 2451 lässest. Aber da du Dank von denen hinnimmet
1179 2469 3030 2630 denen es auf Erden wohlgeht, so kann es
1136 2625 2994 2774 dein Wille nicht sein, dass man die ver-
1169 2746 3194 2933 brennt, die an dir verzweifeln. Brahma, ich
1141 2884 3138 3084 verzweifle und sterbe!" Die Augen des Fürs-
1141 3053 3105 3253 ten leuchteten noch einmal auf, er tat ei-
1125 3223 3166 3428 nen tiefen Atenzug und war tot. Aber in dem
