3512 4296
1151 896 3165 1110 denn er sprach kein Wort mehr. Doch als der
1156 1057 3170 1255 Tag im Jahre nahe war, an dem er schon zwei
1141 1243 3043 1398 Mal ausgezogen, um vor dem wundertätigen
1151 1406 3178 1561 Bilde seine Genseung zu erflehen, sandte er
1156 1571 3208 1729 Boten nach jenen Orte aus, die den Befehl zu
1156 1711 3086 1856 überbringen hatten, dass neben dem Tempel
1153 1856 3099 2040 mit dem Wunderbild ein anderer errichtet
1169 2004 3188 2195 würde, so gross wie der frühere, von selben
1166 2172 3198 2340 Ansehen, aber aus schwarz en Marmor und ohne
1215 2340 3104 2490 Altar, ohne jeden Schmuck und ohne Jedes
1217 2485 3147 2640 Bildnis. Und am Tage, da sich der Antritt
1225 2625 3020 2788 seiner Reise wieder jährte, zog er zum
1189 2796 3150 2941 dritten Male aus, und nun war es, als zöge
1227 2918 3221 3112 sein halbes Reich mit ihm. Der Fürst staun-
1194 3089 3185 3267 te, dass es so viel Elend und so veel Hoff-
1301 3196 1884 3308 in seinem Lande.
1187 3262 3224 3430 nung gebe. Und als er nach einem Monat sich
