3512 4184
1143 834 3176 1079 Metall, und endlich seh' ich einfache Perga-
1194 1008 3077 1192 mentblätter an den Wänden hängen, darauf
1156 1166 3123 1350 die Genesenen dir ihren Dank sagen. Und so
1148 1327 3087 1496 bringt dir Jeder nach seinem Vermögen und
1138 1483 3130 1662 nach seinem Sinn die Zeichen seiner Verehr
1141 1652 3192 1813 ung. Ich, heiliger Brahma, der ich der Fürst
1141 1777 3159 1946 dieses ungeheuren Landes bin, will dir mehr
1146 1944 3105 2112 schenken als Alle. Wenn du mir die Gesund-
1133 2112 3169 2279 heit wiedergiebst, will ich rings um diesen
1151 2271 3118 2435 steinernen Tempel mit der silbernen Kuppel
1192 2419 3159 2575 einen neuen, gewaltigen aus reinem Gelde
1148 2573 3133 2749 errichten lassen mit einer Kuppel aus Edel-
1133 2714 3153 2885 steinen, so dass dein altes Haus nicht mehr
1141 2859 3115 3041 bedeuten wird als einen zwei ten Rahmen für
1179 3038 3061 3199 dein Bildnis. Hilf mir, heiliger Brahma!
1182 3174 3187 3417 Gieb mir die Beweglichkeit und Kraft meiner
