3496 4296
1068 818 3093 1081 es schien, als hätte der Fürst selbst daran
1073 1042 3073 1197 vergessen wollen, denn nie, seit er zurück-
1068 1195 3073 1378 gekehrt, war ein Wort über seine Reise und
1076 1313 3150 1540 seinen Aufenthalt, kein Wort über seine Hoff-
1071 1502 3075 1677 nungen und seine Enttäuschungen von seinen
1122 1667 3032 1821 Lippen gedrungen. Daher waren seine Räte
1086 1796 3130 1979 sehr erstaunt, als er, gerade ein Jahr nach
1089 1981 3013 2149 Antritt der ersten Reise, den Befehl gab,
1138 2100 2993 2283 man möge alles zu einer neuen Wallfahrt
1102 2270 3042 2464 riisten. Schon am Morgen darauf setzte der
1099 2448 3070 2593 Zug sich wieder in Bewegung und viele Men-
1104 2559 3148 2743 schen schlossen sich an. Und wieder nach ei-
1099 2717 3119 2892 nem Monat leuchtete ihnen die silberne Kup-
1166 2861 3127 3070 pel des Tempels innerhalb der weissen Zel-
1127 3034 3179 3207 te entgegen; aber über all dem lag ein roter
1135 3199 3160 3442 Glanz, der immer heller wurde, je näher sie
