3528 4200
1404 809 3170 1018 Da drang in das Schloss die Kunde von
1177 995 3191 1151 einem wundertätigen Bild des heiligen Brah-
1169 1156 3219 1325 ma im fernsten Süden des Landes, zu welchem
1177 1322 3208 1498 Kranke und Gebrechliche zu wallfahren pfleg
1187 1480 3211 1636 ten und dessen Anbetung selbst da, wo weder
1220 1644 3196 1756 Arzt noch Priester mehr helfen konnte, si-
1177 1784 3086 1930 chere Rettung gebracht haben sollte. Das
1187 1922 3163 2098 Gerücht erzählte von Blinden, die dort ihr
1182 2062 3048 2259 Gesicht, von Tauben, die ihr Gehör, von
1225 2254 3155 2417 Stummen, die ihre Sprache, von Gelähmten,
1182 2397 3188 2540 die den Gebrauch ihrer Glieder wiedergewon¬
1177 2542 3196 2726 nen hatten, und (selbst) von Altersschwachen,
1179 2726 3193 2864 in deren müdem Leib eine neue Jugend aufge-
1177 2864 3094 2984 flammt war. So wurde denn im fürstlichen
2473 2956 2642 3058 und
1177 3035 3106 3183 Rate, an dem sowol Minister al-s Gelehrte,
1225 3160 3170 3326 als Priester teilnahmen, beschlossen, den
