3528 4200
2920 461 3086 587 10
1086 912 3143 1081 Elenden den Flammen übergeben hatte, der ge-
1091 1073 3081 1255 wagt, Brahma zu lästern, weil er ihm keine
1132 1227 2953 1432 Hille gesandt. Der Hohepriester selbst
1094 1360 3086 1552 hatte diese Strafe angeordnet, und diejeni-
1104 1527 3076 1706 gen, welche die Scheite in Brand gesteckt,
1147 1670 2974 1867 waren die Siechsten und Schwerstheinge-
1112 1847 3140 2003 suchten von Allen gewesen; die dachten eben
1112 2018 3061 2139 darum die Gnade des heiligen Prahma zu er-
1150 2167 3099 2318 langen. Nachdem der Fürst all dies schwei-
1117 2300 3166 2472 gend vernommen, hiess er den Zug sich wieder
1158 2449 3066 2597 in Bewegung setzen und liess sich in den
1127 2587 3025 2779 Tempel vor das Wunderbild tragen. Er ver-
1163 2758 3199 2912 richtete sein Gebet wie vor einem Jahre und
1135 2899 3171 3071 tat dessgleichen sieben Tage lang (sieben Mal
1127 3091 3150 3232 wie ihn der Hohepriester gelehrt hatte. Und
1170 3214 3073 3389 am Abend des siebenten Tages trat er die
1163 3406 3114 3581 Heimreise an. Auf der grossen Heerstrasse
