3512 4200
1334 672 3196 835 der Gestalt eines würdigen, ernsten und
1334 833 3282 1039 weisen Alten, in einfaches, graues Gewand
1286 1018 3325 1192 gekleidet. Das Bild war ohne jede Kunst aus-
1329 1169 3244 1352 geführt, hölzern eingerahmt, und Niemand
1276 1319 3193 1487 hätte es unter den vielen glänzenden und
1281 1495 3246 1668 seltsamen Werken, die der Tempel enthielt,
1273 1650 3262 1818 bemerkt, wenn es nicht über dem grossen Al
1283 1803 3196 1958 tare, wie zwischen zwei Säulen schwebend,
1278 1938 3241 2085 dem Eintretenden sich offenbart hätte. Der
1311 2124 3198 2276 Fürst aber sprach: "Heiliger Brahma, der
1268 2253 3269 2427 du schon so Vielen geholfen, hilf auch mir!
1260 2404 3160 2579 Ich sehe, wie sich Jeder auf seine Weise
1263 2572 3277 2740 dir dankbar zeigt, wenn du ihm hilfst; über
1301 2732 3160 2895 all sehe ich ihre Geschenke, die deiner
1299 2862 3325 3040 Gnade geweiht sind; unter Glas, auf kleinen
1258 3022 3300 3216 Altären sehe ich Augen aus Wachs, Gliedmaas-
1304 3173 3241 3415 sen aus Holz und Stein, Figuren aus edlem
