3848 4120
3192 532 3325 723 51
1430 657 3270 862 denken Sie Ihre Existenz steht auf dem
1415 816 3290 975 Spiel und die von einem, den Sie lieben.
1126 955 3432 1155 Gusti: Ja, ich lieb ihn, tch lieb Ihn und ich lass
1403 1103 3371 1288 ihn nicht. Verzeihen Sie mir, gnädige Frau,
1386 1253 3516 1453 das ist nun einmal nicht zu ändern. Und wenn
1369 1398 3371 1626 wir beide daran zugrunde gehen, er und ich
1372 1609 3325 1733 und noch andere dazu,was Sie von mir ver-
1357 1722 3493 1872 langen, das kann ich nicht,das werd ich  nicht
1366 1861 1568 2008 tun.
1039 1930 1369 2150 Frau 4
1398 2014 3409 2191 : Leben Sie vohl. (ste reicht ihr die Hand)
1036 2170 3365 2396 Gusti“ Verzeihen Sie mir,gnädige Frau, Sie müssen
1328 2315 2052 2474 es Ja einsehen.
1033 2408 3244 2630 frau A.: Wer weiss,am Ende haben Sie Recht. Und
1308 2616 3264 2824 vielleicht kommt es hier wirklich anders.
1317 2758 3470 2972 Vielleicht geschieht dieses eine mal,was noch
1276 2917 3270 3157 nie geschehen, unter solchen Verhältnissen
1270 3128 3296 3339 mein ich, und es wird ein ewiges Glück. (Sie
1267 3238 1563 3423 geht).
518 3325 1172 3585 Er tat ufahren
1221 3391 1511 3591 clap
1658 3444 3148 3661 Ol die Sine Crika - Gusti nicht
538 3539 1331 3701 Gustavil Eiln
1690 3606 2836 3854 erst jetzt keinen solle:
544 3655 1412 3808 nach Kriegen im
573 3753 1227 3953 Ponte war. -
