3784 4120
3045 378 3178 544 32
1002 579 3281 804 Ertha: Kann ich ihm gleich Adieu sagen. Dass Ihr
1295 730 3305 887 nicht einmal ein Mädel zum Aufmachen habt
659 727 925 931 Gusti.
597 863 922 990 his habe
603 884 1978 1100 kein wohl Gustl(hinaus, öfmet)
579 1041 840 1138 rech.
981 1041 3249 1230 Eine Frauenstimme: Bin ich hier recht bei Fräu-
556 1112 857 1227 will
633 1132 1044 1295 1 in Byle
1280 1203 2182 1395 le in Gusti Wagner?
996 1378 3335 1537 Gustt (draussen)“ Ja, das bin ich selbst. Bitte wol-
1280 1517 2451 1688 len Sie weiterspazieren.
1522 1632 2814 1851 (Gusti und die Dame herein)
976 1815 2149 1981 Er ika' Also adieu, Gusti.
979 1966 3199 2143 Gustt: Sie entschuldigen einen "oment(mitErtha
1277 2090 2607 2253 zur Tür Ich kann sie nicht.
1378 2211 1750 2338 Dib Acht
961 2267 3222 2433 Erika: Ich schau vielleicht noch einmal herauf.
976 2418 1502 2625 Erika (ab)
961 2699 1945 2841 Gusti, Frau Arthaber.
976 2856 3346 3001 Frau A.: Eine etwas späte Stunde für einen Besuch.
1230 3015 3276 3193 Aber ich konnte nicht anders. Also Sie sind
1242 3175 2318 3367 Fräulein Gusti Wagner?
952 3355 2466 3515 Gus ti' Ja. Und darf man fragen
952 3435 3293 3669 Frau „: (Natürlich, Ich bin (Frau Arthaber) die mut-
1242 3607 2324 3793 tor von Franz, Guttebe
