3832 4072
2136 479 2788 663 Ulr the. Franz.
1181 619 1639 803 Umarmung.
1166 809 2100 994 Dann lacht s so auf.
1166 943 1812 1136 Er befremdet.
1151 1128 3311 1285 Endlich sie: Ich habe Dich nicht geliebt. Ich
1157 1223 3442 1386 ha be L ich betrogen. Ich wollte mich nur über. Ich
1154 1425 3341 1589 hatte Misstrauen in mein Talent.Nicht wahr,es
1175 1583 3380 1723 ist mir gelungen.Du hältst mich für ein brapes
1154 1696 3338 1874 Geschöpf.Du hast nie an mir gemeifelt? Ke inen
1130 1853 2454 1999 augenblick? O wie köstlich.
1136 2029 2743 2213 Franz steht das Bild Ist es der?
1172 2181 2630 2359 Irike: Der? Es ist auch einer.
1128 2344 2442 2481 Franz ganz vernichtet fort.
657 2288 1014 2484 triffs do
666 2454 1000 2585 Owinsen
1122 2469 3308 2689 Ulritke beginnt nun zu jühlen, dass das was sie
625 2564 1003 2737 lachtonif
1133 2648 3365 2829 Ihm vorgespielt, trotz ihrer Liebe für ihn wirk-
1119 2802 1889 2963 li ch in ihr var.
1095 2918 3302 3109 Es ist vielleicht das Beste,wenn sie das erst
1119 3103 3409 3272 in der nächstfolgenden "zene mit dem Grafen aus-
1122 3219 3323 3418 spricht oder wenn sie das Ganze dem Grafen er¬
1083 3400 3284 3567 zählt und ihr dieser klamacht, dass sie Franz
1098 3540 3484 3760 gar nicht angelogen, dass alle diese Wünsche schon
