3816 4088
3189 336 3322 457 14
3116 401 3593 548 Conclusum
1135 483 3490 666 Gusti: Besonders wenn die Auserwählte ein kleines
1889 590 3413 699 "    Töchte eine Siveunett... Portbeamt entle¬
1421 672 3351 784 Mädel ist, das eben ins erstes Engagement
1432 843 1683 955 geht.
1462 984 3466 1088 Das wär nicht einmal das Schlirms te.Darauf
1105 920 1427 1144 Franzs
1400 1138 3416 1235 käm's weniger an. Sie sind ja keine Thilis-
2871 1200 3561 1294 Rivolle beiver
1698 1223 1789 1320 et
1418 1208 3528 1388 ter. Wir verkehren doch so viel in künstlert-
2243 1356 2877 1465 Eudelain into
1397 1430 3460 1556 schen Kreisen.Du darfst ja nicht vergessen,
1391 1506 3452 1686 meine Mutter istja selber Sängerin gewesen.
1388 1692 3281 1833 Sie war doch hier in der Oper engagiert
3174 1804 3372 1910 lars
1088 1830 3446 1990 Gustt: Das ist gar nimmer wahr.Das war doch bevor
1391 2031 3446 2187 ste gehetratet ha t.Wenn Du glaubst,dass ste
1374 2146 3051 2290 deswegen eher ein Vers tändnis — he
1070 2352 3440 2508 Franz: Also nicht gerade deswegen aber jedenfalls
1362 2470 3278 2617 hat sie eine gewisse freiere Auffassung.
1350 2635 3469 2744 Der Papa hat sich oftgenug darüber geärgert.
1338 2750 3407 2918 Da hat’s früher manchmal Gespräche gegeben,
1335 2971 2635 3145 noch wie ich ein Bub var -
1046 3089 3331 3239 Gusti: Sie werden Dir nachreisen. Plötzlich wird
1320 3198 3434 3375 Dein Para dastehen.Es wird einen Höllenskan-
1886 3348 3484 3537 Von Ründen von und beim Theale
696 3284 1197 3546 post Theil
1262 3431 1842 3537 dal geben.
1043 3572 3325 3761 Franz: Also soll ich dable iben, ja? Soll ich Dich
