3816 4104
3059 460 3194 621 18
1151 519 2356 771 Mutter: Neunzehn Gulden!
1151 738 3305 891 Gusti. Bitt Dich Mutter, es war so ausgemacht.
1409 867 1746 1037 Also —
1178 987 3396 1251 rutter: Also da in Gottesnamen saldieren S' sie
1392 1166 1978 1354 mir gleich.
1131 1342 2953 1527 Gusti:Und da haben S' was fürs Warten.
1105 1518 3267 1664 Marie: Dank schön,Fräulein.Küss die Hand. (ab)
1087 1808 3229 1975 Mutter: Sie muss ihr auch noch ein Trinkgeld
1392 1937 2206 2136 geben, so is' sie.
1087 2101 2230 2274 Gusti(öffnet die Pakete).
1075 2218 3431 2452 Franz: Also ich muss mich jetzt leider empfehlen.
1360 2397 3469 2590 In einer Stunde bin ich so frei wieder vor¬
1345 2546 1887 2745 zusprechen.
1061 2704 3361 2892 Gusti: Es war nämlich kein Besuch, er hat nur he¬
1336 2880 3370 3003 raufgeschaut. Sie können dann bei uns nacht-
1594 2986 3027 3076 d. h. in he ist es in Thiese
1318 3059 3287 3205 mahle n.Es ist eh zum letzten Mal in wien.
1031 3202 3282 3364 Franz: (No morgen auf der Bahn ehe Sie abreison.
1304 3308 3358 3513 Uebrigens besuche ich Sie bald in Salzburg.
1307 3463 3370 3668 (Verabschiedung). Ein Loffentlichkeit
1374 3589 2461 3806 ein I. l. il in Salzberg.
