3848 4088
2993 314 3133 512 10
1296 460 3293 728 nachlassen wird. Bitte schauh Fräulein nur
1298 737 3214 917 das Band an. Wir hätten ja eine biligere
1298 891 3429 1004 qualität nehmen können.Aber da hätt das gan¬
1284 1031 2949 1202 ze Hüterl gleich anders ausg’sehn.
990 1141 1718 1377 Franz: Hüterl!
972 1336 2565 1531 Marie: Er steht doch grossartig.
984 1488 3185 1607 Franz: Ja,wenn man sich überhaupt mit ihm be¬
1290 1604 3144 1782 freunden kann, dann ist es wirklich ein
1272 1814 1860 1924 schöner Hut
975 1857 3269 2140 Gusti: Also warten St ein btsl Fräuln Marte.Eis
1275 2084 3229 2285 die Mutter nach Haus kommt. Ich hab nicht
1266 2227 2280 2440 so viel Geld bei mir.
978 2312 3092 2591 Franz: Aber ich bitte Sie deswegen soll das
1249 2547 3264 2754 Fräulein hier warten. Ich kreditiere Ihnen
1258 2690 3290 2908 diese Riesensumme bis zum Eintreffen Ihrer
1243 2868 1744 2987 Frau Maria.
2641 2879 3275 3013 gehst eigenen.
3313 2815 3610 3010 Kerse
955 2984 3293 3135 Gusti (wirklich bös) :Also ich bitte, darin versteh
1266 3124 3261 3278 ich keinen Spass. Bitte Fräule in Marie, ich
1234 3261 3348 3421 mache Ihnen Licht im Vorzimmer, da haben Sie
1237 3461 3362 3595 auch eine Zettung, teht ein ganz interessan-
1240 3587 3339 3779 ter Roman drin:Das Gehe umis der Gräfin.“ te
