3832 4120
3125 377 3247 571 50
1399 562 3373 718 viel. Ob was Schöneres nachkommt weiss ich
1384 700 3319 870 nicht. Aber das, das erhalten Sie sich. Das
1390 819 3543 981 lassen Sie sich nicht verderben...
1770 960 1881 1085 an
1097 972 3403 1163 Gusti: Ich kann ihm doch nicht vorlügen, dass ich
1378 1142 3349 1319 einLuder bin, nur dass er mich geschwinder
1357 1304 3370 1570 vergtsst. Das kann doch kein Mensch von mir
1354 1450 1842 1597 verlangen.
1064 1594 3220 1773 rau 4. : Und soll ich Ihnen sagen wie's gehen
1331 1749 3259 1976 wird, wenn er mit Ihnen führt? Jetzt kann
1319 1878 3244 2159 toh’s Ihnen sagen, denn jetzt kenn ich Sie
1307 2030 2709 2228 durch und durch.... Sie belnst it
1005 2180 2553 2353 Gusti Sie glauben, gnädige Frau
1049 2353 3265 2524 rau A.: Glauben Sie vielleicht, dass Sie thr. da
1283 2497 2682 2694 draussen treu bleiben werden?
996 2661 3277 2849 Gusti' Was einmal sein wird kann niemand wissen.
1250 2823 3178 2981 Aber daraufhin, dass es vielleicht einmal
1253 2981 3286 3140 traurig verden könnte, die Gegenwart ruinte-
1244 3131 1435 3277 ren
927 3217 3337 3474 Frau A.: Ich kann nicht mehr sagen. Wenn Sie vol-
1205 3391 3119 3612 len verraten Sie mich und sagen Sie ihm
1205 3552 3154 3752 wozu ich Sie habe bereden wollen. Aber be¬
