3864 4104
3252 322 3397 524 55
1480 496 2708 716 me inem Namen auf anfangs.
1110 695 3502 864 Gusti: Du trittst überhaupt nicht auf weder anfugt
1483 818 2642 1008 noch später und Schluss.
1110 999 3373 1149 Franz: Ja was fallt Dir denn ein? Statt dass Du
1459 1137 2106 1333 Dich fræust —
1098 1264 3249 1450 Gusti' Ueber sowas soll man sich noch freuen.
1089 1426 3499 1655 Franz: Keth Mensch auf der Welt kann mir verbieten
1450 1601 2940 1805 Theater zu spielen wo ich will.
1080 1748 2269 1917 Gusti schweigt und packt.
1077 1877 2705 2121 Franz: Verstehst Du micht Niemand.
1071 2070 1781 2232 Gusti schweigt.
1053 2187 3415 2374 Franz(hin und her): Sofort wenn ich hinkomme meld
1396 2389 1829 2545 Ich mich.
1056 2521 1793 2744 Gusti schweigt.
1044 2578 3421 2819 Franz: Und wenn's Dir nicht recht ist, dass ich in
1411 2792 3544 2997 Salzburg auftrete, so wird Dir nichts anderes
1408 2952 3499 3156 übrig bleiben als Dich wo anders engagieren
1411 3120 1911 3325 zu lassen.
1402 3204 3286 3448 (bei der Konmodo nimt irgend etwas und
1399 3442 2882 3592 setzt es wieder heftig nieder).
1017 3523 3439 3860 Gustt“ Bitt Dich lass die Sachen liegen, Du bringst
