3832 4072
3325 242 3558 449 29/9
3077 305 3225 452 8
1567 436 2355 597 (der hillex tragner)
1058 556 3438 738 Zimmer bei Gusti Wagner.Sehr einfach.b 체rgerlich.
1055 732 3451 895 Unordnung vor der Abreise.Zwet Koffer, der eine ge-
1058 882 3448 1039 schlossen, der andere offen Auf der Kommodo Schach-
1055 1005 2565 1209 teln.N채hmaschine am Fenster. (r.
1042 1165 3319 1338 Gus ti (am Schrank, nimmt W채sche heraus, ordnet ste
1049 1356 1758 1517 auf dem Tisch.
1049 1463 3316 1627 Franz,22, (recht elegant,Ztgarette rauchend lehnt
1033 1645 3310 1799 am Fenster, steht eine Weile schweigend zu). Dann:
1313 1780 2977 1947 Dass Du noch immer nichtm체d bist...
1033 1897 2776 2069 Gusti:Ja, die Eisenbahn vartet nicht.
1014 2072 3291 2255 Franz:Aber Ihr fahrt ja doch ers t morgen Abend.
1024 2245 3262 2437 Gustii: Und was ich bis dahin noch alles zu tun
1749 2346 2129 2499 Savre
1313 2418 1689 2581 ha b.
1017 2550 2823 2741 Frans: Zehn Minuten bin oth schon da.
1011 2700 1492 2892 Gus tI 5 Na.
995 2848 3040 3036 Franzs: Und hab noch hetne Auss gekrtegt.
1523 2942 1645 3043 or
1733 2945 1975 3068 ouest
1002 2980 3344 3190 Gusti: Ich hab gemeint der Besuch gilt nichts. Du
1306 3162 3319 3360 hast ja nur im Vorbeigehen heraufg schaut.
1275 3332 3394 3489 Ernstlich kommst Du ja erst in einer Stunde.
1978 3410 2264 3489 Amara.
716 3416 929 3567 was
1002 3467 3523 3617 Franz: Komm nur her. Der Kuss gut auch nichte. So.
565 3548 948 3683 ein Kaffetari
1284 3583 1630 3812 Und so.
537 3649 885 3740 in wisser
537 3718 1093 3840 Angelegenheit.
