3816 4104
1014 521 3246 721 Franz: Guten ebend. Es hat etwas lange gedauert.
2559 718 2709 896 G.F.P.
1014 699 2513 899 Gusti: Guten Abend. (ste packt).
999 824 3465 1055 Franz: Ich hab nämlich im Caféhaus einen Bekannten
1386 1002 3458 1174 getoffen, einen früheran Lehrer.Der hat mich
1364 1142 2850 1323 nicht so geschoind losgelassen.
1323 1302 3399 1492 So einen Lehrer. Nar's nicht vielleicht eine
989 1330 1292 1539 Gusti:
1352 1483 1804 1657 Lehrerin?
971 1611 3299 1826 Franz: Ein fader Kerl. Im übrigen ist es doch mög-
1345 1751 3465 1951 lich, dass ihn mir mein guter Engel geschickt
1339 1901 1558 2110 nat.
964 2032 3468 2263 Gusti: Ja, die guten Engel sind schon so.Die schicken
1339 2194 3380 2350 einem die Bekannten immer ins Caféhaus ent-
1336 2397 1639 2556 gegen.
943 2466 3390 2700 Franz: Hör nurzu. So im Gespräch sind wir natürlich
1323 2700 3053 2878 auch auf meine Jugendjahre gekommen.
1323 2825 3309 2996 (Franz müsste natürlich schon montiert he¬
1289 3003 1901 3177 raufkommen).
936 3143 2094 3327 Gusti: Auf Detne fernen.
936 3243 3230 3480 Franz: Also auf die Kinderjahre kurz und gut. Wie
1295 3418 3327 3618 toh als Dub mit meinen Freunden immer Thea¬
1292 3608 3230 3830 ter gesptelt hab. O, wir haben grossartige
