<?xml version="1.0" encoding="UTF-8" standalone="yes"?>
<PcGts xmlns="http://schema.primaresearch.org/PAGE/gts/pagecontent/2013-07-15" xmlns:xsi="http://www.w3.org/2001/XMLSchema-instance" xsi:schemaLocation="http://schema.primaresearch.org/PAGE/gts/pagecontent/2013-07-15 http://schema.primaresearch.org/PAGE/gts/pagecontent/2013-07-15/pagecontent.xsd">
    <Metadata>
        <Creator>prov=READ-COOP:name=TrHtr:version=2.1.0:model_id=51170:date=15_08_2023_01:39</Creator>
        <Created>2023-05-10T15:02:52.554+02:00</Created>
        <LastChange>2023-08-15T01:39:14.393+02:00</LastChange>
        <TranskribusMetadata docId="1428748" pageId="55429225" pageNr="41" tsid="132836287" status="IN_PROGRESS" userId="64420" imgUrl="https://files.transkribus.eu/Get?id=HEEVKPAZIXYLRLPYQCHMRYAA&amp;fileType=view" xmlUrl="https://files.transkribus.eu/Get?id=IQOTHYPISZESSKLOYJXWRZIQ" imageId="44703298"/>
    </Metadata>
    <Page imageFilename="1428748_0041.jpg" imageWidth="3768" imageHeight="4136">
        <ReadingOrder>
            <OrderedGroup id="ro_1711806792168" caption="Regions reading order">
                <RegionRefIndexed index="0" regionRef="tr_1"/>
            </OrderedGroup>
        </ReadingOrder>
        <TextRegion id="tr_1" custom="readingOrder {index:0;}">
            <Coords points="766,606 3574,606 3574,3755 766,3755"/>
            <TextLine id="tr_1_tl_1" custom="readingOrder {index:0;}">
                <Coords points="1365,684 1466,675 1573,728 1714,678 1833,731 2028,694 2285,769 2342,728 2476,744 2476,540 1839,559 1679,609 1563,549 1365,596"/>
                <Baseline points="1384,656 1429,662 1474,662 1518,662 1563,665 1608,665 1653,665 1697,665 1742,665 1787,665 1832,665 1877,665 1921,668 1966,668 2011,665 2056,668 2100,668 2145,668 2190,668 2235,668 2279,668 2324,668 2369,668 2414,668 2458,665 2482,665"/>
                <TextEquiv>
                    <Unicode>ein Irrtum sein könnte.</Unicode>
                </TextEquiv>
            </TextLine>
            <TextLine id="tr_1_tl_2" custom="readingOrder {index:1;}">
                <Coords points="1070,844 3431,932 3431,734 1070,760"/>
                <Baseline points="1089,817 1133,817 1178,820 1223,820 1268,820 1313,820 1357,820 1402,823 1447,820 1492,820 1536,820 1581,823 1626,823 1671,823 1715,820 1760,823 1805,823 1850,823 1894,823 1939,823 1984,820 2029,820 2073,823 2118,823 2163,823 2208,823 2253,823 2297,826 2342,826 2387,826 2432,829 2476,829 2521,829 2566,829 2611,832 2655,832 2700,832 2745,832 2790,832 2834,832 2879,832 2924,832 2969,832 3013,832 3058,832 3103,832 3148,829 3193,832 3237,832 3282,832 3327,832 3372,829 3416,829 3437,829"/>
                <TextEquiv>
                    <Unicode>Gusti: (Wir können uns alle irren, Sie auch, gnädige</Unicode>
                </TextEquiv>
            </TextLine>
            <TextLine id="tr_1_tl_3" custom="readingOrder {index:2;}">
                <Coords points="1343,1011 1755,1067 3233,1011 3233,926 2988,879 2307,942 2185,888 1908,938 1792,860 1598,929 1343,910"/>
                <Baseline points="1360,981 1405,984 1450,984 1495,984 1539,984 1584,987 1629,987 1674,987 1718,987 1763,987 1808,987 1853,987 1897,987 1942,987 1987,987 2032,990 2076,990 2121,990 2166,990 2211,990 2256,990 2300,990 2345,990 2390,993 2435,993 2479,993 2524,993 2569,993 2614,993 2658,993 2703,993 2748,993 2793,993 2837,996 2882,996 2927,993 2972,996 3016,993 3061,993 3106,993 3151,993 3196,993 3240,996"/>
                <TextEquiv>
                    <Unicode>Frau. Und warum reden Sie denn nicht mit</Unicode>
                </TextEquiv>
            </TextLine>
            <TextLine id="tr_1_tl_4" custom="readingOrder {index:3;}">
                <Coords points="1362,1136 3286,1190 3556,1171 3556,1039 1362,1077"/>
                <Baseline points="1378,1130 1420,1136 1465,1139 1509,1139 1554,1142 1599,1142 1644,1142 1689,1142 1733,1139 1778,1139 1823,1139 1868,1139 1912,1139 1957,1142 2002,1142 2047,1142 2091,1142 2136,1145 2181,1145 2226,1145 2270,1148 2315,1145 2360,1145 2405,1148 2449,1148 2494,1148 2539,1148 2584,1148 2629,1148 2673,1148 2718,1148 2763,1148 2808,1148 2852,1148 2897,1148 2942,1148 2987,1148 3031,1148 3076,1148 3121,1148 3166,1148 3210,1151 3255,1151 3300,1151 3345,1151 3389,1151 3434,1151 3479,1151 3524,1148 3563,1148"/>
                <TextEquiv>
                    <Unicode>ihm, das wär doch eigentlich viel näherligend.</Unicode>
                </TextEquiv>
            </TextLine>
            <TextLine id="tr_1_tl_5" custom="readingOrder {index:4;}">
                <Coords points="1761,1230 1915,1227 1959,1271 2015,1227 2046,1243 2131,1234 2169,1256 2235,1221 2276,1234 2276,1161 2219,1149 2169,1180 2125,1180 2072,1158 2031,1183 1846,1161 1761,1186"/>
                <Baseline points="1778,1214 1823,1217 1868,1217 1912,1220 1957,1223 2002,1223 2047,1226 2091,1223 2136,1226 2181,1223 2226,1223 2270,1220 2279,1220"/>
                <TextEquiv>
                    <Unicode>émonstande</Unicode>
                </TextEquiv>
            </TextLine>
            <TextLine id="tr_1_tl_6" custom="readingOrder {index:5;}">
                <Coords points="1299,1400 2112,1309 2690,1372 3311,1325 3368,1177 2671,1155 1962,1265 1491,1146 1299,1212"/>
                <Baseline points="1316,1289 1360,1292 1405,1292 1450,1295 1495,1295 1539,1295 1584,1295 1629,1295 1674,1295 1718,1295 1763,1295 1808,1298 1853,1298 1897,1298 1942,1298 1987,1298 2032,1298 2076,1298 2121,1298 2166,1298 2211,1301 2256,1301 2300,1301 2345,1298 2390,1298 2435,1301 2479,1301 2524,1301 2569,1301 2614,1301 2658,1301 2703,1301 2748,1301 2793,1301 2837,1301 2882,1301 2927,1304 2972,1301 3016,1301 3061,1304 3106,1304 3151,1304 3196,1304 3240,1301 3285,1301 3330,1298 3375,1298 3378,1295"/>
                <TextEquiv>
                    <Unicode>(Wenn er mich lassen will,oh) zum Ungehorsam</Unicode>
                </TextEquiv>
            </TextLine>
            <TextLine id="tr_1_tl_7" custom="readingOrder {index:6;}">
                <Coords points="744,1444 835,1441 873,1460 920,1444 1004,1453 1042,1434 1105,1444 1136,1259 1070,1221 1020,1230 967,1212 891,1240 782,1202"/>
                <Baseline points="766,1411 769,1411 814,1405 859,1399 904,1390 948,1384 993,1378 1038,1369 1083,1363 1128,1351"/>
                <TextEquiv>
                    <Unicode>Witsen</Unicode>
                </TextEquiv>
            </TextLine>
            <TextLine id="tr_1_tl_8" custom="readingOrder {index:7;}">
                <Coords points="1343,1500 3402,1460 3365,1378 2906,1409 2778,1347 2244,1412 1949,1334 1343,1378"/>
                <Baseline points="1360,1456 1396,1450 1441,1450 1486,1447 1530,1450 1575,1447 1620,1447 1665,1450 1709,1450 1754,1450 1799,1450 1844,1450 1888,1450 1933,1450 1978,1450 2023,1450 2068,1450 2112,1450 2157,1450 2202,1450 2247,1450 2291,1450 2336,1450 2381,1450 2426,1450 2470,1453 2515,1453 2560,1453 2605,1453 2649,1453 2694,1453 2739,1453 2784,1453 2828,1453 2873,1453 2918,1453 2963,1453 3008,1453 3052,1453 3097,1453 3142,1453 3187,1453 3231,1453 3276,1453 3321,1450 3366,1447 3410,1447"/>
                <TextEquiv>
                    <Unicode>gegen seine Eltern werde ich ihn nicht auf¬</Unicode>
                </TextEquiv>
            </TextLine>
            <TextLine id="tr_1_tl_9" custom="readingOrder {index:8;}">
                <Coords points="1340,1613 3409,1632 3409,1513 3245,1551 3023,1478 1340,1525"/>
                <Baseline points="1357,1590 1402,1593 1447,1593 1492,1593 1536,1596 1581,1596 1626,1593 1671,1593 1715,1590 1760,1590 1805,1590 1850,1593 1894,1593 1939,1596 1984,1596 2029,1596 2073,1596 2118,1593 2163,1593 2208,1593 2253,1590 2297,1593 2342,1593 2387,1596 2432,1596 2476,1596 2521,1596 2566,1596 2611,1593 2655,1596 2700,1596 2745,1596 2790,1596 2834,1596 2879,1596 2924,1596 2969,1596 3013,1596 3058,1596 3103,1596 3148,1599 3193,1596 3237,1596 3282,1599 3327,1596 3372,1596 3413,1599"/>
                <TextEquiv>
                    <Unicode>reizen, Es hängt nur von ihm ab. Und wenn ich</Unicode>
                </TextEquiv>
            </TextLine>
            <TextLine id="tr_1_tl_10" custom="readingOrder {index:9;}">
                <Coords points="1384,1692 1635,1707 1720,1670 1824,1673 1880,1711 1984,1676 2194,1692 2235,1686 2235,1613 1968,1610 1890,1645 1682,1594 1384,1651"/>
                <Baseline points="1402,1677 1438,1680 1483,1680 1527,1680 1572,1677 1617,1674 1662,1671 1706,1671 1751,1668 1796,1668 1841,1668 1885,1671 1930,1674 1975,1674 2020,1674 2065,1674 2109,1674 2154,1671 2199,1668 2244,1659"/>
                <TextEquiv>
                    <Unicode>- wie i veu schwer in</Unicode>
                </TextEquiv>
            </TextLine>
            <TextLine id="tr_1_tl_11" custom="readingOrder {index:10;}">
                <Coords points="1117,1773 1164,1777 1208,1755 1234,1773 1271,1761 1325,1777 1343,1601 1321,1591 1262,1632 1221,1610 1202,1623 1190,1613 1155,1635 1136,1632"/>
                <Baseline points="1145,1697 1163,1697 1208,1692 1253,1689 1298,1680 1342,1677"/>
                <TextEquiv>
                    <Unicode>druk</Unicode>
                </TextEquiv>
            </TextLine>
            <TextLine id="tr_1_tl_12" custom="readingOrder {index:11;}">
                <Coords points="1318,1770 3120,1789 3333,1764 3333,1670 2558,1610 2090,1714 1318,1707"/>
                <Baseline points="1336,1748 1372,1745 1417,1745 1462,1748 1506,1751 1551,1751 1596,1751 1641,1751 1686,1751 1730,1751 1775,1751 1820,1751 1865,1751 1909,1751 1954,1754 1999,1757 2044,1754 2088,1754 2133,1754 2178,1754 2223,1751 2267,1751 2312,1751 2357,1751 2402,1751 2446,1751 2491,1751 2536,1751 2581,1751 2626,1751 2670,1751 2715,1751 2760,1748 2805,1751 2849,1751 2894,1748 2939,1751 2984,1751 3028,1751 3073,1751 3118,1754 3163,1751 3207,1751 3252,1751 3297,1748 3342,1742"/>
                <TextEquiv>
                    <Unicode>zugrund geh, ich muchs' nicht.Reden Sie mit</Unicode>
                </TextEquiv>
            </TextLine>
            <TextLine id="tr_1_tl_13" custom="readingOrder {index:12;}">
                <Coords points="2790,1839 2875,1830 2972,1874 3089,1842 3566,1871 3566,1783 3484,1792 3387,1758 3302,1783 3255,1748 3211,1773 3173,1745 3123,1792 3082,1770 3051,1795 2969,1751 2900,1783 2787,1758"/>
                <Baseline points="2808,1811 2852,1820 2897,1817 2942,1817 2987,1817 3031,1817 3076,1817 3121,1817 3166,1817 3210,1814 3255,1814 3300,1814 3345,1817 3389,1817 3434,1826 3479,1829 3524,1832 3569,1841 3574,1841"/>
                <TextEquiv>
                    <Unicode>das ist das euer</Unicode>
                </TextEquiv>
            </TextLine>
            <TextLine id="tr_1_tl_14" custom="readingOrder {index:13;}">
                <Coords points="1299,1921 3343,1949 3311,1846 2957,1874 2756,1786 1299,1855"/>
                <Baseline points="1318,1897 1363,1900 1408,1903 1453,1903 1498,1903 1542,1906 1587,1906 1632,1906 1677,1906 1721,1906 1766,1906 1811,1906 1856,1906 1900,1906 1945,1906 1990,1906 2035,1909 2079,1912 2124,1912 2169,1912 2214,1912 2258,1912 2303,1912 2348,1912 2393,1909 2438,1909 2482,1909 2527,1909 2572,1909 2617,1909 2661,1909 2706,1909 2751,1909 2796,1909 2840,1909 2885,1912 2930,1909 2975,1912 3019,1912 3064,1912 3109,1912 3154,1912 3198,1909 3243,1909 3288,1906 3333,1906 3351,1906"/>
                <TextEquiv>
                    <Unicode>Ihrem Herrn Sohn, gnädige Frau, Wenn er mich</Unicode>
                </TextEquiv>
            </TextLine>
            <TextLine id="tr_1_tl_15" custom="readingOrder {index:14;}">
                <Coords points="1293,2081 1836,2072 1959,2166 3114,2034 3456,2084 3550,2065 3553,1933 1293,1974"/>
                <Baseline points="1310,2053 1316,2053 1360,2056 1405,2056 1450,2062 1495,2065 1539,2062 1584,2062 1629,2062 1674,2062 1718,2062 1763,2059 1808,2062 1853,2062 1897,2062 1942,2062 1987,2059 2032,2062 2076,2062 2121,2062 2166,2062 2211,2062 2256,2062 2300,2062 2345,2062 2390,2062 2435,2062 2479,2062 2524,2062 2569,2062 2614,2062 2658,2062 2703,2062 2748,2059 2793,2050 2837,2044 2882,2041 2927,2038 2972,2035 3016,2035 3061,2035 3106,2035 3151,2032 3196,2032 3240,2029 3285,2029 3330,2023 3375,2023 3419,2020 3464,2023 3509,2023 3554,2023"/>
                <TextEquiv>
                    <Unicode>aufgeben will von meiner Seite - woll kein Kinde</Unicode>
                </TextEquiv>
            </TextLine>
            <TextLine id="tr_1_tl_16" custom="readingOrder {index:15;}">
                <Coords points="2831,2106 2963,2131 3023,2119 3063,2144 3129,2122 3264,2169 3402,2156 3402,2065 3374,2056 3274,2043 3239,2072 3164,2068 3117,2034 3051,2072 2831,2056"/>
                <Baseline points="2849,2106 2894,2106 2939,2109 2984,2112 3028,2115 3073,2115 3118,2115 3163,2115 3207,2115 3252,2118 3297,2115 3342,2115 3386,2109 3410,2112"/>
                <TextEquiv>
                    <Unicode>nis ob alte</Unicode>
                </TextEquiv>
            </TextLine>
            <TextLine id="tr_1_tl_17" custom="readingOrder {index:16;}">
                <Coords points="1001,2266 3079,2263 3377,2235 3377,2159 2972,2166 2759,2065 1971,2166 1852,2090 1277,2169 998,2116"/>
                <Baseline points="1020,2199 1065,2199 1110,2205 1154,2208 1199,2211 1244,2211 1289,2211 1333,2214 1378,2211 1423,2214 1468,2217 1512,2217 1557,2214 1602,2214 1647,2214 1692,2214 1736,2211 1781,2214 1826,2214 1871,2214 1915,2214 1960,2214 2005,2214 2050,2214 2094,2214 2139,2214 2184,2214 2229,2214 2273,2217 2318,2217 2363,2217 2408,2217 2452,2217 2497,2217 2542,2217 2587,2217 2632,2217 2676,2217 2721,2217 2766,2217 2811,2214 2855,2217 2900,2217 2945,2220 2990,2220 3034,2217 3079,2220 3124,2223 3169,2223 3213,2223 3258,2220 3303,2220 3348,2217 3386,2217"/>
                <TextEquiv>
                    <Unicode>Frau A.: Das wäre aussichtslos (Eine Lösung könnte</Unicode>
                </TextEquiv>
            </TextLine>
            <TextLine id="tr_1_tl_18" custom="readingOrder {index:17;}">
                <Coords points="1284,2401 3267,2398 3267,2307 2941,2329 2762,2222 2464,2301 2122,2225 1284,2291"/>
                <Baseline points="1301,2369 1345,2369 1390,2369 1435,2369 1480,2369 1524,2369 1569,2369 1614,2369 1659,2369 1703,2369 1748,2369 1793,2372 1838,2369 1882,2369 1927,2369 1972,2372 2017,2372 2062,2369 2106,2369 2151,2372 2196,2369 2241,2369 2285,2372 2330,2372 2375,2372 2420,2372 2464,2372 2509,2369 2554,2372 2599,2372 2643,2372 2688,2372 2733,2372 2778,2372 2822,2372 2867,2372 2912,2375 2957,2375 3002,2375 3046,2378 3091,2378 3136,2381 3181,2378 3225,2378 3270,2378 3276,2378"/>
                <TextEquiv>
                    <Unicode>nur von Ihnen ausgehen.Sons t würde ich ja</Unicode>
                </TextEquiv>
            </TextLine>
            <TextLine id="tr_1_tl_19" custom="readingOrder {index:18;}">
                <Coords points="1274,2539 3170,2599 3358,2539 3358,2464 3067,2480 2837,2379 1623,2382 1274,2458"/>
                <Baseline points="1292,2521 1336,2521 1381,2521 1426,2521 1471,2521 1515,2521 1560,2521 1605,2521 1650,2521 1694,2524 1739,2524 1784,2524 1829,2524 1874,2524 1918,2524 1963,2524 2008,2524 2053,2524 2097,2524 2142,2524 2187,2524 2232,2524 2276,2524 2321,2524 2366,2524 2411,2524 2455,2524 2500,2524 2545,2527 2590,2527 2634,2527 2679,2530 2724,2530 2769,2530 2814,2530 2858,2530 2903,2530 2948,2530 2993,2530 3037,2530 3082,2530 3127,2533 3172,2530 3216,2530 3261,2530 3306,2530 3351,2527 3366,2527"/>
                <TextEquiv>
                    <Unicode>nicht — Ein solcher Besuch ist ja immer oin</Unicode>
                </TextEquiv>
            </TextLine>
            <TextLine id="tr_1_tl_20" custom="readingOrder {index:19;}">
                <Coords points="1271,2712 3393,2734 3434,2542 1271,2605"/>
                <Baseline points="1289,2664 1333,2670 1378,2670 1423,2667 1468,2670 1512,2670 1557,2670 1602,2670 1647,2670 1692,2673 1736,2676 1781,2676 1826,2673 1871,2673 1915,2673 1960,2676 2005,2673 2050,2673 2094,2673 2139,2670 2184,2670 2229,2673 2273,2670 2318,2673 2363,2670 2408,2673 2452,2673 2497,2673 2542,2673 2587,2676 2632,2673 2676,2676 2721,2676 2766,2679 2811,2679 2855,2679 2900,2676 2945,2673 2990,2676 3034,2676 3079,2679 3124,2679 3169,2682 3213,2679 3258,2682 3303,2679 3348,2682 3392,2679 3437,2679 3440,2679"/>
                <TextEquiv>
                    <Unicode>bischen peinlich.Er wird nicht so ohnowelters</Unicode>
                </TextEquiv>
            </TextLine>
            <TextLine id="tr_1_tl_21" custom="readingOrder {index:20;}">
                <Coords points="1268,2881 1733,2828 1959,2885 2671,2834 2671,2709 1899,2746 1268,2709"/>
                <Baseline points="1286,2817 1330,2820 1375,2817 1420,2820 1465,2820 1509,2820 1554,2822 1599,2822 1644,2825 1689,2825 1733,2825 1778,2825 1823,2825 1868,2825 1912,2822 1957,2825 2002,2822 2047,2822 2091,2822 2136,2825 2181,2825 2226,2825 2270,2828 2315,2828 2360,2825 2405,2825 2449,2825 2494,2825 2539,2825 2584,2825 2629,2825 2673,2822 2679,2825"/>
                <TextEquiv>
                    <Unicode>von Ihnen lassen, ich kann ihn</Unicode>
                </TextEquiv>
            </TextLine>
            <TextLine id="tr_1_tl_22" custom="readingOrder {index:21;}">
                <Coords points="2555,2925 2640,2928 2684,2900 2731,2928 2750,2913 2800,2932 2853,2897 2919,2922 2976,2900 2979,2803 2922,2781 2885,2809 2803,2797 2750,2815 2712,2787 2640,2850 2558,2850"/>
                <Baseline points="2572,2894 2581,2894 2626,2897 2670,2897 2715,2894 2760,2891 2805,2888 2849,2888 2894,2888 2939,2885 2984,2885"/>
                <TextEquiv>
                    <Unicode>al-dort</Unicode>
                </TextEquiv>
            </TextLine>
            <TextLine id="tr_1_tl_23" custom="readingOrder {index:22;}">
                <Coords points="989,3013 1030,3007 1086,3045 1114,3026 1180,3048 1208,3026 1268,3035 1265,2859 1212,2869 1177,2847 1158,2863 1111,2850 1061,2885 1033,2875 986,2881"/>
                <Baseline points="1005,2963 1050,2966 1095,2969 1139,2972 1184,2972 1229,2969 1274,2963"/>
                <TextEquiv>
                    <Unicode>Gus 11.</Unicode>
                </TextEquiv>
            </TextLine>
            <TextLine id="tr_1_tl_24" custom="readingOrder {index:23;}">
                <Coords points="1303,2979 2279,3007 2395,3076 3230,3029 3198,2891 3067,2947 1886,2837 1303,2881"/>
                <Baseline points="1321,2966 1366,2966 1411,2969 1456,2972 1501,2975 1545,2972 1590,2972 1635,2975 1680,2975 1724,2975 1769,2975 1814,2975 1859,2975 1903,2975 1948,2978 1993,2975 2038,2975 2082,2975 2127,2972 2172,2972 2217,2972 2261,2972 2306,2975 2351,2975 2396,2975 2441,2975 2485,2975 2530,2975 2575,2978 2620,2978 2664,2975 2709,2975 2754,2978 2799,2978 2843,2978 2888,2981 2933,2978 2978,2978 3022,2978 3067,2981 3112,2981 3157,2978 3201,2975 3237,2972"/>
                <TextEquiv>
                    <Unicode>Sie haben mit ihm - Er hat mit Ihnen ge¬</Unicode>
                </TextEquiv>
            </TextLine>
            <TextLine id="tr_1_tl_25" custom="readingOrder {index:24;}">
                <Coords points="1265,3145 1654,3205 1842,3126 3016,3183 3038,3016 2433,3079 1529,2998 1262,3067"/>
                <Baseline points="1280,3121 1324,3121 1369,3124 1414,3124 1459,3124 1504,3124 1548,3127 1593,3124 1638,3124 1683,3124 1727,3124 1772,3124 1817,3127 1862,3124 1906,3124 1951,3124 1996,3124 2041,3124 2085,3121 2130,3124 2175,3127 2220,3127 2264,3127 2309,3127 2354,3127 2399,3127 2444,3127 2488,3127 2533,3130 2578,3127 2623,3130 2667,3130 2712,3130 2757,3130 2802,3130 2846,3130 2891,3130 2936,3130 2981,3130 3025,3127 3049,3130"/>
                <TextEquiv>
                    <Unicode>sprochen? Er hat Ihnen schon erklärt?</Unicode>
                </TextEquiv>
            </TextLine>
            <TextLine id="tr_1_tl_26" custom="readingOrder {index:25;}">
                <Coords points="954,3358 1566,3277 3311,3302 3311,3217 3073,3145 954,3214"/>
                <Baseline points="972,3267 1017,3267 1062,3270 1107,3273 1151,3273 1196,3276 1241,3276 1286,3279 1330,3279 1375,3276 1420,3273 1465,3273 1509,3276 1554,3276 1599,3276 1644,3276 1689,3279 1733,3279 1778,3279 1823,3279 1868,3279 1912,3282 1957,3279 2002,3279 2047,3282 2091,3279 2136,3279 2181,3279 2226,3282 2270,3279 2315,3282 2360,3279 2405,3279 2449,3279 2494,3282 2539,3282 2584,3282 2629,3285 2673,3285 2718,3285 2763,3285 2808,3285 2852,3285 2897,3285 2942,3285 2987,3282 3031,3282 3076,3285 3121,3285 3166,3285 3210,3285 3255,3282 3300,3276 3318,3279"/>
                <TextEquiv>
                    <Unicode>Frau 4.: Ich bin jedenfalls über seinen Seelonzu-</Unicode>
                </TextEquiv>
            </TextLine>
            <TextLine id="tr_1_tl_27" custom="readingOrder {index:26;}">
                <Coords points="2790,3418 2969,3390 3032,3421 3098,3380 3227,3418 3541,3377 3541,3296 3387,3261 3217,3318 2790,3293"/>
                <Baseline points="2808,3366 2852,3369 2897,3369 2942,3369 2987,3366 3031,3363 3076,3363 3121,3363 3166,3363 3210,3366 3255,3366 3300,3366 3345,3366 3389,3369 3434,3372 3479,3372 3524,3372 3548,3372"/>
                <TextEquiv>
                    <Unicode>C. C. is unter nay</Unicode>
                </TextEquiv>
            </TextLine>
            <TextLine id="tr_1_tl_28" custom="readingOrder {index:27;}">
                <Coords points="1243,3462 1585,3431 2050,3478 2216,3428 2351,3481 2624,3465 2643,3299 2445,3336 2163,3293 1761,3362 1525,3308 1243,3365"/>
                <Baseline points="1259,3428 1304,3425 1348,3425 1393,3425 1438,3425 1483,3425 1527,3425 1572,3425 1617,3428 1662,3428 1706,3428 1751,3428 1796,3431 1841,3431 1885,3428 1930,3431 1975,3431 2020,3431 2065,3431 2109,3431 2154,3428 2199,3428 2244,3425 2288,3428 2333,3428 2378,3428 2423,3428 2467,3428 2512,3428 2557,3428 2602,3431 2646,3437 2652,3440"/>
                <TextEquiv>
                    <Unicode>stand vollkommen im Klaren.</Unicode>
                </TextEquiv>
            </TextLine>
            <TextLine id="tr_1_tl_29" custom="readingOrder {index:28;}">
                <Coords points="2724,3503 3183,3449 3296,3487 3365,3459 3478,3468 3478,3428 3421,3393 3362,3412 3242,3387 3214,3415 3085,3393 3023,3424 2972,3390 2825,3418 2724,3380"/>
                <Baseline points="2742,3461 2769,3464 2814,3464 2858,3464 2903,3461 2948,3461 2993,3458 3037,3455 3082,3452 3127,3452 3172,3449 3216,3449 3261,3452 3306,3449 3351,3452 3395,3452 3440,3455 3485,3452"/>
                <TextEquiv>
                    <Unicode>F.A. Weltman</Unicode>
                </TextEquiv>
            </TextLine>
            <TextLine id="tr_1_tl_30" custom="readingOrder {index:29;}">
                <Coords points="1340,3509 1394,3506 1422,3519 1441,3503 1463,3512 1475,3503 1522,3515 1569,3509 1591,3525 1620,3509 1667,3506 1667,3440 1613,3449 1582,3434 1551,3462 1516,3443 1463,3449 1444,3437 1431,3449 1390,3440 1368,3449 1340,3440"/>
                <Baseline points="1357,3497 1402,3500 1447,3500 1492,3500 1536,3500 1581,3497 1626,3497 1671,3494"/>
                <TextEquiv>
                    <Unicode>sa water</Unicode>
                </TextEquiv>
            </TextLine>
            <TextLine id="tr_1_tl_31" custom="readingOrder {index:30;}">
                <Coords points="2803,3556 2960,3569 3045,3550 3076,3566 3114,3544 3148,3562 3336,3550 3340,3487 3280,3487 3208,3446 3045,3478 2982,3462 2938,3481 2916,3465 2806,3500"/>
                <Baseline points="2820,3553 2855,3554 2900,3551 2945,3548 2990,3545 3034,3542 3079,3539 3124,3542 3169,3542 3213,3539 3258,3536 3303,3536 3348,3539"/>
                <TextEquiv>
                    <Unicode>Fällliche</Unicode>
                </TextEquiv>
            </TextLine>
            <TextLine id="tr_1_tl_32" custom="readingOrder {index:31;}">
                <Coords points="942,3606 2392,3638 2555,3610 2555,3462 1849,3440 1654,3525 942,3506"/>
                <Baseline points="960,3574 1005,3577 1050,3577 1095,3577 1139,3577 1184,3580 1229,3580 1274,3580 1318,3583 1363,3583 1408,3586 1453,3586 1498,3583 1542,3583 1587,3583 1632,3586 1677,3586 1721,3583 1766,3583 1811,3583 1856,3583 1900,3583 1945,3583 1990,3580 2035,3583 2079,3583 2124,3583 2169,3583 2214,3586 2258,3583 2303,3583 2348,3586 2393,3583 2438,3586 2482,3586 2527,3583 2560,3580"/>
                <TextEquiv>
                    <Unicode>Gusti: Sie haben schon den Brief?</Unicode>
                </TextEquiv>
            </TextLine>
            <TextLine id="tr_1_tl_33" custom="readingOrder {index:32;}">
                <Coords points="3173,3625 3192,3619 3214,3638 3230,3641 3249,3625 3274,3632 3286,3622 3333,3644 3362,3635 3355,3566 3333,3569 3299,3547 3264,3556 3242,3544 3227,3562 3211,3550 3195,3569 3186,3562 3170,3569"/>
                <Baseline points="3190,3601 3234,3601 3279,3610 3324,3613 3366,3616"/>
                <TextEquiv>
                    <Unicode>A.</Unicode>
                </TextEquiv>
            </TextLine>
            <TextLine id="tr_1_tl_34" custom="readingOrder {index:33;}">
                <Coords points="938,3795 2633,3848 2944,3748 3462,3757 3465,3660 942,3650"/>
                <Baseline points="957,3739 960,3739 1005,3739 1050,3739 1095,3739 1139,3742 1184,3742 1229,3742 1274,3742 1318,3739 1363,3739 1408,3742 1453,3742 1498,3745 1542,3742 1587,3742 1632,3742 1677,3742 1721,3742 1766,3742 1811,3742 1856,3742 1900,3742 1945,3742 1990,3739 2035,3739 2079,3739 2124,3739 2169,3739 2214,3739 2258,3742 2303,3742 2348,3739 2393,3739 2438,3739 2482,3739 2527,3739 2572,3739 2617,3739 2661,3739 2706,3739 2751,3739 2796,3742 2840,3742 2885,3739 2930,3739 2975,3739 3019,3739 3064,3739 3109,3736 3154,3736 3198,3736 3243,3736 3288,3736 3333,3733 3378,3733 3422,3727 3467,3718"/>
                <TextEquiv>
                    <Unicode>Frau A.: Ah, Sie wissen von diesem BriefJa, ich hab.</Unicode>
                </TextEquiv>
            </TextLine>
        </TextRegion>
    </Page>
</PcGts>
