3864 4104
1093 522 3574 725 Franz: Ah, das wäre allerdings bequem.Zum letzten mal
1454 679 2799 864 Gusti, willst Du's mir sagen.
1074 830 3478 1006 Gusti: Warum denn, Du wendest Dich ja gleich an die
1447 963 2339 1157 richtigste Adresse.
1059 1105 3345 1315 Franz: Sag Du mir alles. Wenn Du mir alles sagst,
1423 1262 3015 1435 muss ich niemanden andern fragen.
1049 1475 3308 1663 Gusti: Du schwörst mir, dann niemanden andern zu
1414 1617 1759 1778 fragen.
1031 1759 2821 1895 Franz: Wenn Du mir selbst alles sagst
1028 1886 1889 2059 Gusti: Schwör mir.
1022 2028 3352 2247 Franz: Wenn Du sofort sprichst, so schwör ich Dir,
1386 2176 2592 2392 dass ich ihn nicht frage.
1000 2330 3407 2512 Gustt: Und schwörst mir, dass Du nichts unternimmt
991 2484 2824 2688 Franz: Ich schwöre Dir Aber jetzt red.
994 2583 3367 2846 Gustt: Na also, Ja. (Nun erst ist sie entschlossen)
978 2765 2531 2991 Franz: Du hast das Bild von ihm?
978 2954 2521 3163 Gustt: Ich hab das Bild von ihm.
966 3120 2923 3293 Franz: Wie, mit welchem Recht hat er Dir -
957 3250 2160 3460 Gusti (zucht die Achseln)
957 3407 3021 3629 Franz: Wann hat er, bei welcher Gelegenheit!
