3848 4072
671 250 782 480 4
3458 321 3555 487 2
905 480 1771 691 Sie verhöhnt ihn.
908 623 3419 821 Er hat ihr gestern erklärt, dass er seine ganze Kar¬
908 801 2867 963 rière hier aufgeben und ihr folgen wird.
902 963 3445 1109 Sie wird immer gemeiner; sie sagt ihm, dass sie sich
908 1109 1933 1285 verkaufen wird u.s.w.
889 1255 1690 1440 Endlich geht er.
892 1434 2660 1609 Wie er weggeht, bricht sie zusammen.
902 1567 2650 1755 Jetzt erst hat sie Komödie gespielt.
886 1742 3364 1878 Sie selbst hat ihn zu sehr geliebt. Sie weiss, dass
879 1872 3364 2079 sie ihn nicht aus seiner Karrière reissen darf, und
882 2070 3393 2219 ein edles Wesen hätte er um keinen Preis aufgegeben.
895 2177 2657 2384 Beginn alwa: Mütte: Was für ein Kufnern
1032 2397 3221 2563 Octe: die Müller der junge Vorschon: Seine Schwester hat man
1044 2507 2705 2663 aller gesagt. Schöne kann es hat hier sein Stellung
1067 2614 1742 2767 Sinfindging, ander¬
1362 2692 3082 2838 Noch früh Mutter... Ich mitweil... Ich zahr... doch eine Hause
963 2741 3289 2906 Beginn. S. Hauspieter und Freunde. Ihr das ich.. Er recht
2978 2858 3503 3007 (Sestrum)
950 2893 3552 3046 milum  etc    Tjondis Foriadte: Malip Brünchow   & Wocbers & Kirche
1087 3023 3354 3218 den Müller und Schaußiekerei.... Er jungen Geschäftin sein
908 3137 2621 3341 Kreis. Er mir der erlassen. Geben Sie ihr frei
1022 3270 3322 3506 Mai (v. Kihr. Endlich. Genug; er wie Spielm. Ich h, als
999 3490 3519 3639 der meine Liebhaberin¬ (Diese treu begewandt mit einer gleichwieder
1083 3565 3377 3821 Unvermässig — die Stil der Fristesheit sie dagebesser.
