3848 4088
1380 526 1559 693 le1
998 680 3424 905 Franz: Nur Geduld. Mit der Zeit werde ich auch eine
1380 815 3366 1027 Gage kriegen.Uebriegens darauf kommt's ja
1367 988 3183 1187 nicht an. Ich werd' ja Lektionen geben
1328 1123 3411 1344 Und humoristische Vorträge halten,wie jetzt
979 1168 1267 1306 Gusti
1361 1325 2002 1463 zum Beispiel.
975 1479 3555 1656 Franz: Ich will in Deiner Nühe sein, vers tehst Du mich,
1373 1617 2323 1797 ganz in Deiner Nähe.
950 1752 2554 1948 Gus ti: Lich unter Hufsicht haben.
950 1919 3337 2102 Franzs Dieselbe Luft atmen, im selben arets verkeh¬
1335 2092 3170 2230 ren,womöglich auf der Bühne sehen oder
1328 2198 3132 2432 wegstens hinter den Coulissen wenn
1325 2397 1720 2589 spielst.
1274 2464 3388 2721 Gleich bei der Hand sein,wenn mich einer nur
924 2500 1229 2734 Gus 11.
1309 2699 3109 2875 anrührt, gleich bet. offener Szene mich
1312 2814 1765 3039 erwürgen.
1239 2978 3533 3196 Meine wegen auch bei Musthbegleitung. Im übrigen
898 2933 1178 3145 Franz
1280 3103 3238 3334 mache ich keinen Spass,wie Du zu glauben
1287 3292 3382 3481 scheinst. Es haben manche so angefangen und
1271 3449 3372 3655 nicht die schlechtesten. Viel geschehen hann
1277 3578 3263 3745 mir nicht. Ich trete natürlich nicht unter
