3768 4088
3132 297 3248 531 25
1044 501 3343 724 Mutter: Ja da fragen Sie mich. Gusti ist ja eine
1347 650 2848 869 selbständige Person.Adieu. (ab).
1062 949 1652 1133 Gus ti, Er tka.
1050 1112 3251 1311 Ertka: Also was ist selbständige Gusti, willst
1332 1249 2489 1433 Du bei uns nachtmahlen!
1050 1453 2717 1649 Gusti: Das ist doch ein Schwindel.
1035 1614 3296 1815 Ertha : Na ja was die Mama anbelangt.Also,ob Lu
1326 1714 3515 1878 mit mir und Jean Frederique soupieren willst?
1065 1836 3426 2067 Gusti: Bitt Dich sag nicht Jean Fredertque. Für da
1332 2047 3304 2165 heroben ist Johann Friedrich nobel genug.
1542 2139 2702 2254 Remits you will Hansan
1035 2198 3417 2426 Erika: Ah Mademoisella haben heute Ihren nervösen
1338 2314 3186 2524 Tag.Nd also schön.Ich kann auch gleich
1367 2498 3227 2670 wieder gehen. bewar ich mir eigentlich
1326 2634 3405 2800 gedachthab — na ja, es wäre heute das letzte
1302 2747 3456 2963 Mal, dass wir gemütlich mitetnunder plauschen
1314 2937 3319 3144 könnten, auf lang. Wer weiss vielleicht auf
1329 3112 1614 3266 immer.
1412 3183 2406 3328 (liegt die meldsam!!)
1017 3230 3352 3429 Gustt:Da müsst ja nicht Dein Jean Frederixx da-
1314 3411 1768 3568 bei sein.
1014 3512 3376 3818 Erika: Aber glaubet Du dem, der laset mich jetzt
