3832 4088
3146 356 3280 493 16
1998 351 2442 544 selbst...
1357 482 3514 681 ihr, dass ich gar nicht mehr das Recht hätte
1340 664 3431 784 Dich zu verlassen.Dass wir für einander ge-
1365 789 3315 952 schaffen s ind wie noch nie xxxat Menschen
1351 938 1995 1129 auf der Welt.
675 932 1066 1137 d'aviter
618 1069 1168 1248 Nem. schreiber
1060 1106 2736 1277 Gusti: Das wirst Du ihr schreiben?
1060 1240 3354 1476 Franz: Ist sogar schon geschrieben, Natürlich zu
1337 1425 3372 1568 lesen kriegt sie’s erst,uenn ich fort bin.
1328 1553 3562 1701 So zwei, drei Tage nachher. Es bleibt natürlich
1340 1719 3352 1852 vorläufig dabei, dass ich eine kleine Erho-
975 1707 1308 1890 in the
1328 1847 3426 2058 lungsreise mache auf acht Tage.Da krieg ich
1317 2049 3400 2163 übrigens auch Geld.Aber in Wirklichkeit kom¬
1302 2146 3343 2368 me ich Dir schon übermorgen nach.Uebrigens
1308 2337 3266 2468 weiss ich wirklich nicht, warum ich nicht
1308 2465 2582 2648 gleich mit Euch zusammen -
998 2588 3252 2764 GustI: Nein, bitt Dich nein.Die Komödie vor der
1884 2739 2289 2833 die witte
1285 2790 3195 2978 Mutter) Wenn sie sich auch so mancherlei
2836 2870 3448 2998 Sie weitige nach
1282 2967 3463 3109 denkt, aber ich mag nicht, nein.
2867 3018 3574 3144 stafs die teistenen
995 3089 3146 3278 Franz: Na ja, Du hast ja vielleicht recht.Ich
1271 3249 3309 3406 möcht's ja auch nicht so offiziell haben..
1268 3360 3349 3528 Aber wie werden wir das nur in Salzburg ma¬
1274 3565 3323 3765 chen in der kleinen Stadt? Geheim wird: Ja
