3784 4120
3108 384 3246 575 31.
1089 528 3443 787 Er that Na(erinnerst Du Dich nicht.) es war doch da-
1374 743 3366 927 mals davon die Rede im Prater, dass er was
728 819 1259 1018 in Schreiben?
1374 898 3366 1083 schreiben will wie es jetzt so viele Offi¬
784 977 1244 1174 Anwendig
1359 1048 3302 1218 ztere tun. Na ja, Du hast nicht zugehört,
1359 1180 3493 1368 weil Du evig geschaut hast,ob nicht irgendvo
1338 1315 2862 1526 Dein Franz plötzlich auftaucht.
1065 1509 1356 1655 Gusti:
1391 1509 2709 1623 Ah, ich erinnere mich schon.
1039 1617 3393 1837 Er tka: Na also. (Aber er kann ja natürlich nichts)
1359 1802 3381 1949 Unter uns, er hat mir einmal was vorgelezen,
3393 1831 3581 2040 the
3187 1914 3369 1996 em
1315 1972 3278 2125 was er selbst geschrieben hat.Ich hab so
1327 2087 3431 2251 lachen müssen. Wetsst' von einem Rittmeister.
1318 2260 3258 2462 der seine Frau umbringt,veil sie ihn mit
1318 2395 3255 2615 einem Lettnant betrügt.Ich hab' ihm auch
1300 2568 3284 2718 g'sagt,er soll’s aufgeben.Es hat ihn sehr
1294 2691 3346 2906 gekränkt, weil er s ich gedacht hat,wenn ich
1297 2888 3176 3020 beim Theater bin,so kann ich's spielen.
1312 2982 2228 3085 (gaux naix neupéres)
1327 3011 2366 3193 War’s denn ein Stück?
992 3041 1274 3193 Gusti
983 3170 1268 3381 Er tka
1312 3140 3208 3369 Natürlich (Es hat ja) allevetl gehetse on:
1268 3322 3146 3487 Geht ab und Vorhang fallt und beisette.
1277 3457 1784 3663 (Es läutet
974 3628 3000 3848 Gustt. Es ist vielleicht schon der Franz.
