3816 4088
1013 341 3461 560 Elle ces seines Ceurs tat en recht. Sie wieder ihn in
1180 468 1752 602 moi en..
3145 487 3275 660 45
1922 541 2187 660 jetzt
1405 639 2542 788 Sie mir das erst sagen.
1113 772 3528 964 Frau A.: Es ist überhaupt gut, dass wir uns so mit¬
1399 918 3434 1064 einander ausgesprochen haben, denn wir ver¬
2430 1025 2582 1119 Une
1393 1046 3473 1268 stehen uns sehr gut. Jetzt ist es sogar klar
1399 1220 3388 1426 geworden,wie Sie's zu machen haben um ihn
1384 1390 2719 1539 an der Reise zu verhindern.
1043 1478 1369 1685 Gusti
1414 1530 2506 1679 Das ist klar geworden?
1071 1697 1393 1873 Frau A
1426 1667 3312 1840 : Es ist die einfachste Methode und die
1369 1831 3376 2029 einzige, die völlig sicher wirken wird. Dass
1353 2010 3254 2168 Ihre Bitten nicht helfen würden, das seh
1350 2144 3327 2314 ich ein.Nur bei seinem Stolz ist er anzu-
1341 2290 3275 2442 greifen.Sie müssen es ihm direkt verbie-
1594 2393 2363 2631 n'uniel it wochen.
1338 2424 1548 2622 ten.
1037 2567 3151 2716 Gustif Verbieten? Ich ihm? Wie kann ich denn
1575 2688 3452 2798 “Le Freifalt, An... ehr u voll. übersteit der
1022 2761 3461 2895 Frau A.: Er muss glauben, dass Sie ihn nicht lieben
1016 2886 3379 3108 GustIö Ah, das ist gut. Verzeihen Sie,gnädige Frau,
1299 3035 3403 3190 wie man einem Menschen das klar machen coll,
1289 3193 3461 3421 dem man so vollgültige Beweise des Gogenteils
1280 3336 1949 3507 gegeben hat —
2533 3367 3461 3570 wie wie er glaubte, des
970 3537 3361 3692 Frau A.: Ja, das ist schon vahr Aber wenn Sie sol¬
