3784 4104
3057 429 3171 554 39
1386 492 3470 709 be schon gar nicht. Nur auf Ihn und auf sich
1383 698 3383 856 selbst.) Was Franz vor hat, das ist ja derpu¬
1370 832 3451 1035 re Wahnstnn, das muss ich Ihnen ja gar nicht
1364 984 3313 1174 weiter erklären (Sie eine junge Münstlerin
1370 1125 3299 1318 eben am Beginn einer Carriere, einer sehr
1359 1277 3394 1448 hoffnungsvollen,wie ich von manchen Seiten
1348 1440 3364 1685 höre — (Er), ein Student, ein Bursch von zwei¬
1348 1595 3419 1742 und wanzig, der niemals den Ernst des Lebens
3114 1728 3465 1826 verumbe
1340 1747 3429 1921 kennen gelernt hat.Nach So wett ich beurtei¬
1326 1897 3324 2068 len kann viel weniger als Sie. Ja, Sie müss
1334 2046 3313 2228 ten sogar die Klügere sein.Alles was erde
1329 2179 3356 2405 schreibt von seinen Vorsätzen sich Geld zu
1310 2364 3218 2522 verdienen durch Lektionen, es tat ja zum
1299 2495 3242 2707 Lachen,wenn es einen nicht selbst gar so
1299 2669 3193 2848 nah anginge.Es wäre Wahns inn,wenn er zu
1530 2804 1938 2913 nach Salil
2098 2804 2429 2910 En fait
1310 2807 3408 3033 Ihnen käme Es muss ein Ende haben, hoch hier,
1288 2959 3283 3209 sonst hat es wahrsche Inlich sehr bald ein
1296 3125 3351 3313 klägliches oder gar ein schreckliches Ende,
1269 3283 3258 3451 (denn ein Ende ist unausbleiblich. Ich sehe
1288 3449 3283 3606 Ihnen ja an, dass Sie das wissen. Oder soll¬
1275 3571 3457 3824 ten Sie sich nicht darüber klar sein,Früulein
