3816 4072
3108 389 3218 511 3
1126 505 3515 669 Die Mutter von Franz kommt; ist Ulriken unbekannt.
1135 686 3378 853 Franzens Mutter: Geben Sie Franz auf, ich voiss
1141 847 3518 986 was er vor hat.Sein Vater ist herzkrank.Was kommt
1126 998 3396 1117 heraus? Bedenken Sie.Man würde ihn doch zurück-
1123 1114 3215 1287 holen. Wegen dret oder acht Tagen wollen Sie
1120 1269 3453 1498 ein solches Unglück über eine Familie bringen. Es
1126 1459 2202 1604 tut mir ja selbst weh.
1102 1581 3242 1726 Ulritke wird allmählich zur Einsicht gebracht
1102 1711 1848 1925 und verspricht.
1085 1908 3224 2074 Franz.Mutter:Das ist nicht genug.Damit, dass
1099 2065 3402 2222 ie ihm einfach Adieu sagen ist nichts erreicht.
1076 2220 3251 2392 Er muss glauben, dass Sie ihm nicht treu sind.
1079 2350 1964 2532 Ulrtke (entsetzt):
1079 2496 3259 2653 Franz.Mutter:Es wäre he tn so arger Betrug.Ste
1067 2668 3292 2838 würden’s ihm ja doch vorden.0 gewiss.Auch wenn
1058 2826 3254 2965 Sie es jetzt noch nicht glauben. Das Leben, das
1096 2965 3242 3138 hnen bevorsteht. Sie sind achtzehn. Eine junge
1040 3123 1798 3301 Schauspielerin.
1034 3254 2324 3470 Uirtke verspricht endlich.
