3816 4104
3071 413 3208 553 19
1103 525 1801 686 Mutter „Gustl.
1090 750 3533 857 mutter: Er will uns in Salzburg besuchen? Er sollt
1373 847 3034 1015 lieber in seine Vorlesungen gehen.
1090 990 3326 1218 Gus ti(etwas knuspernd) : Die Vorlesungen fangen
1376 1166 3484 1352 erst im Oktober an,jetzt hat er noch Ferien,
2555 1276 3478 1382 Er hart dei den geheilt
1343 1321 3366 1470 er kann reisen wohin er will Ich kann ihm
1352 1467 3293 1649 nicht verbieten nach Salzburg zu fahren.
1057 1607 3302 1813 mutter: Du tätest’s auch nicht, zendikirter
1057 1744 3472 1947 Gusti: (ein Paket öffnend): Glaubst D' in Salzburg
1336 1886 2521 2099 kriegt man keine Seifen?
1030 2029 3423 2223 Mutter: So billig gewiss nicht. Und noch dazu mit
1330 2208 3454 2369 manzig Perzent Rabatt! Da red mir überhaupt
1321 2363 3217 2539 nicht drein in diese Sachen. Ich red Dir
1315 2524 3214 2673 auch in Detne Rollen nicht drein und in
1449 2646 1798 2755 alleid
1294 2734 3284 2831 Deinen Verkehr, obwohl ich vielleicht eher
1297 2892 2618 3010 ein Recht hätte als Mutter.
1002 2983 1765 3174 Gustt: Mutter -
2898 3071 3448 3232 Wephuser
981 3086 3232 3317 Mutter: No ja, also da hat mir die Frau Winkler,
1458 3280 3208 3384 die er den unfeuthelt wie noch durch jetzt
1273 3344 3080 3454 ein paar Hotels aufg'schrieben,wo man
1273 3432 3208 3642 abs teigen kann. Beim Tiger soll man schon
1273 3584 3159 3803 ein ganz anständiges Zimmer kriegen für
