3768 4088
3088 313 3199 516 9
1035 522 3071 751 Franz:Ein bischen auffallend find ich ihn.
1041 696 3245 884 Gusti: Er ist ja nicht für die Strasse.Aber es
1331 876 3396 1012 gibt solche Rollen (Rechnung) Was? Neunzehn
1311 1024 3254 1212 Gulden? Das ist ja viel mehr als ich mit
1299 1204 2749 1346 Frau Gorgette ausgemacht hab.
1000 1343 2320 1534 Marie: Ja, ich weiss nicht.
1018 1488 3152 1612 Gusti: Also ich komm selber morgen-Vormittag
1296 1668 1511 1795 nin.
1003 1749 3323 1940 Marie: Ja, bitt schön wie's Fräulein beliebt.Abor
1288 1894 3187 2129 da muss ich die Schac tel wieder leider
1282 2117 1781 2262 mitnehmen.
986 2259 2688 2430 Franz: Wieviel war denn ausgemacht?
995 2343 3323 2613 GustI: Aber bitt Sie,Herr Doktor, davon vers tehen
1262 2561 1949 2714 Sie ja nichts.
986 2706 3248 2868 Franz: Möglich, Aber Sie können mir doch sagen.
1285 2816 1743 2906 (M Barie)
977 2865 2807 3019 GustI: Achtzehn Gulden war ausgemacht.
983 2897 3254 3204 Franz: Also um einen Gulden handelt es stoh und
1264 3170 3187 3358 deswegen soll das Fräulein diese Riesen-
1262 3329 1812 3483 schachtel —
1302 3419 3149 3610 O, das tät nichts machen. Aber ich glaub
966 3466 1273 3608 Marie:
1250 3587 3106 3799 nur nicht, dass die Frau Gorgette etwas
