3800 4120
1970 345 2828 566 E. abe a wollte, doit
1381 517 3537 764 ihn schon gelesen, früher als es seine Absicht
1358 660 1571 838 var.
1413 821 1548 996 O.
1082 801 1367 1014 Gust 1
1416 913 3491 1123 : Sie werden das einer besorgten Mutter und
1062 1002 1295 1128 Frau
1355 1091 3566 1324 Gattin zugute halten müssen. Dass sich irgend¬
1438 1243 2205 1358 mit Gedanken
1349 1255 3431 1413 was vorbereitet war ihm in der letzten Cett
827 1404 1252 1553 Uur ecrire
1352 1421 3391 1585 gar zu deutlich anzumerhen, und gestern ist
827 1513 1223 1657 et rester
1347 1576 3342 1706 er die halbe Nacht an einem Schreibtisch
778 1625 1223 1777 die janvier
775 1723 1171 1846 will.
1338 1700 3497 1898 gesessen und hat geschrieben.Ich war in gros¬
784 1823 1235 1952 de hab ick
1338 1869 3322 2036 ser Angst.Nun, es war nicht mit besonderer
738 1924 1232 2033 une solite
769 2018 1143 2234 Ausu.
1327 2018 3552 2202 Schwietigkeit verbunden zu diesem Brief zu ge¬
1324 2182 3322 2337 langen.Einer metner Schlüssel öffnet auch
1327 2314 3408 2512 seinen Schrebbtisch. Ich weiss das natürlich
1315 2455 3457 2650 erst seit heute Morgen. Im allgemeinen schört
1321 2616 2857 2814 es nicht zu meinen Gewohnheiten
2085 2768 2443 2863 rect.
1016 2754 3328 3038 GustIö Das war nicht nobel was Sie getan haben.
1304 2932 1950 3133 gnädtge Frau.
999 3026 3196 3273 Frau A. :Nein, gewiss nicht Aber denken Sie, wie
1295 3193 3437 3417 verstoort ich bin), Fräulein (Gus tl) ich bereue
1298 3385 3425 3552 es nicht einmal. Ja, toh wäre imstande gewesen
1289 3537 3187 3790 den Schreibt isch aufzubrechen, wenn me tn
