3800 4088
3096 400 3246 560 21
1108 503 3415 756 Gustil auf einem Sessel, d te Kopf in die Hände Je¬
1397 759 3029 927 stützt) Warum hast denn nix gesagt.
1081 876 3451 1057 Mutter: Ich hab ja ganz drauf vergessen. Ich voiss
1382 1054 3053 1247 ja gar nicht wo mir der Kopf steht.
1087 1226 3508 1379 Gusti: Und übrigens, ich bin schon manchmal mit dem
1343 1343 3415 1503 Doktor auch schon eine Stund allein da im
1352 1503 3367 1674 Zimmer g'wesen und es ist nichts passiert.
1051 1683 3460 1837 Mutter: Ja, das fehlet noch.Mit so einem Studenten.
1343 1825 3228 1972 Ich bin ja froh, dass wir fortkommen.Die
1325 1924 3309 2144 Leut haben sich genug das Paul zerrissen.
1048 2120 3358 2286 Gustis Was für Leut? Was gehen uns denn die Leut
1328 2216 3312 2430 an? Und Dir wär’s auch egal, wenn statt dem
1301 2397 3327 2614 Doktor vor anderer vär.. ein Triux, es is he
1021 2557 3201 2764 utter: No,Du wirst mir zugeben,penn schon,so
1307 2713 3279 2921 ist es noch immer besser einer, der selber
1286 2876 1692 3032 was ha t.
997 3014 2551 3171 Gustt: Jetzt hab ich aber genug.
976 3171 3264 3385 mutter: Ich hab auch genug.O Gott, ich hab schon
1900 3279 2388 3385 Vos vieurs
1277 3321 3255 3535 lang genug. Mir wär lieber kein Prinz und
1283 3460 3207 3647 kein Theater und gar nix und nur Iuh und
1265 3638 3355 3791 lieber zu Haus bleiben. Wär auch g'scheidter
