3800 4072
2096 141 3080 445 dorp &c el
1253 357 2218 533 s in reiffg uit mit
3112 432 3258 579 25
1400 469 3293 773 allein in die Welt hinaus ziehen lassen?
1381 768 3346 936 Eines Tags fahret ich ja doch hin und Du
1394 933 3423 1074 hast schon ein Verhältnis mit einem Schau¬
1397 1024 3407 1197 spieler und ich schiess Dich tot und mich.
1381 1229 3471 1354 Wür Dirdas lieber? Und was den Skandal anbe
1378 1346 3450 1538 langt, das Nachreisen, da nach Dir keine Sor¬
1384 1522 3362 1682 gen, dazu kommt es nicht. Meine Mutter wird
1376 1664 3354 1837 das Ganze in dte Hand nehmen. Sie wird den
1365 1829 3354 1981 Papa allmählich vorbereiten, ihn beruhigen
1074 1960 3221 2136 Gusti: (Ja varum8).. Geu ne selbes vis
861 2026 963 2154 der
2794 2021 3000 2157 new
1410 2085 3237 2298 (Ich schreibe ihr nämlich). Ich setze ihr
1074 2128 1368 2325 Franz.
1357 2258 3277 2464 alles auseinander und erkläre,dass jeder
573 2250 1240 2421 mecier taille
1352 2434 3192 2605 Versuch mich zurückzuholen böse Folgen
589 2432 976 2568 und d
493 2546 987 2717 I Haud
1338 2578 3186 2720 nach sich ziehen könnte.Nicht, dass ich
1346 2696 3186 2906 vielleicht mit was drohe (aber (s so wird
1333 2888 3413 3029 schon wischen den Zetlen lesen,wie wir mit
1330 3010 3282 3202 einander steheh. Ich werde ihr die ganze
1317 3184 3362 3343 Wahrheit schreiben.Dass wir uns schon bald
1325 3365 3365 3525 ain Jahr kennen, dass Du — na, ich schildere
1320 3501 3439 3642 thr halt dte Verhältnisse in Eurem Haus. Dass
1328 3615 3298 3733 sie nicht, am End meint,- Und ich schreibe
