3843 4152
3122 398 3251 530 62.
1492 547 3468 714 Gustil Hörst Du auf den Namen nicht mehr.
1484 670 3421 860 Luder,rede! Warum schlägt man sich nicht
1489 819 1946 1010 für Dicht
1100 1010 3313 1170 Gusti: Weil ich’s nicht wert bin,veel ich — Du
1454 1191 3517 1323 kennst mich nicht, Du hast mich nu gekannt.
1446 1302 3523 1487 Er aber, er kennt mich. Vor Dir hab ich immer
1434 1475 3488 1589 Komödie gespielt, vor ihm nicht. Er hat mich
1425 1645 3374 1762 nte für ein braves Mädel gehalten.Er hat
1428 1756 3403 1920 gewusst, dass ich ein Luder bin. Wenn Du zu
1422 1887 3424 2095 ihm kommst, ins Gesicht lachen wird er Dir.
1396 2075 2426 2277 Wegen der,wegen mir!
1007 2233 3362 2382 Franz: Also ich weiss noch nicht alles.Red Gusti,
1367 2388 3333 2522 Du hast mir gesagt.Du wirst mir alles sa¬
1375 2569 1583 2686 gen.
980 2622 1270 2795 Gusti
1305 2625 2724 2824 Kommt’s Dir auf die Namen an?
969 2830 1267 2967 Franz-
1314 2783 3292 2973 Gustil Das ist ja ein böser Traum.Das ist
1340 2947 3207 3149 ja.-Nein, nein,nein.Es ist ja nicht mög-
1326 3116 3368 3315 lich. Und wenn ich nicht zufällig das Bild
1323 3260 3435 3479 da find, so veiss ich von all dem gar nichts.
1308 3427 3377 3608 Du lässt mich nachreisen, spielst mir weiter
1299 3591 3193 3798 die Komödte vor, bis endlich ver "nderor
