<?xml version="1.0" encoding="UTF-8" standalone="yes"?>
<PcGts xmlns="http://schema.primaresearch.org/PAGE/gts/pagecontent/2013-07-15" xmlns:xsi="http://www.w3.org/2001/XMLSchema-instance" xsi:schemaLocation="http://schema.primaresearch.org/PAGE/gts/pagecontent/2013-07-15 http://schema.primaresearch.org/PAGE/gts/pagecontent/2013-07-15/pagecontent.xsd">
    <Metadata>
        <Creator>prov=READ-COOP:name=TrHtr:version=2.1.0:model_id=51170:date=15_08_2023_01:39</Creator>
        <Created>2023-05-10T15:02:48.736+02:00</Created>
        <LastChange>2023-08-15T01:39:06.295+02:00</LastChange>
        <TranskribusMetadata docId="1428748" pageId="55429059" pageNr="12" tsid="132836258" status="IN_PROGRESS" userId="64420" imgUrl="https://files.transkribus.eu/Get?id=LVMJSSVRWIRNOXOTHEFDYLTQ&amp;fileType=view" xmlUrl="https://files.transkribus.eu/Get?id=FHAAFCRIEZTGNUWTLRFHSJBO" imageId="44703132"/>
    </Metadata>
    <Page imageFilename="1428748_0012.jpg" imageWidth="3832" imageHeight="4088">
        <ReadingOrder>
            <OrderedGroup id="ro_1711806720117" caption="Regions reading order">
                <RegionRefIndexed index="0" regionRef="tr_1"/>
                <RegionRefIndexed index="1" regionRef="tr_2"/>
            </OrderedGroup>
        </ReadingOrder>
        <TextRegion id="tr_1" custom="readingOrder {index:0;}">
            <Coords points="1089,519 3532,519 3532,1830 1089,1830"/>
            <TextLine id="tr_1_tl_1" custom="readingOrder {index:0;}">
                <Coords points="1081,587 1724,599 1856,571 1856,497 1615,525 1551,488 1393,519 1273,494 1214,525 1081,473"/>
                <Baseline points="1098,584 1104,584 1148,584 1193,587 1238,587 1283,584 1327,584 1372,581 1417,578 1462,578 1506,578 1551,578 1596,575 1641,575 1685,572 1730,575 1775,572 1820,569 1864,569"/>
                <TextEquiv>
                    <Unicode>Gustt: Ach Gott</Unicode>
                </TextEquiv>
            </TextLine>
            <TextLine id="tr_1_tl_2" custom="readingOrder {index:1;}">
                <Coords points="2950,627 2999,630 3018,646 3042,630 3098,621 3144,649 3191,621 3203,636 3231,630 3237,541 3141,510 3021,562 3005,547 2978,556 2956,547"/>
                <Baseline points="2969,620 2972,620 3016,620 3061,617 3106,614 3151,611 3195,608 3240,602"/>
                <TextEquiv>
                    <Unicode>everd</Unicode>
                </TextEquiv>
            </TextLine>
            <TextLine id="tr_1_tl_3" custom="readingOrder {index:2;}">
                <Coords points="1381,701 1421,704 1461,670 1520,695 2017,664 2026,550 1946,550 1856,590 1387,599"/>
                <Baseline points="1402,656 1447,659 1491,659 1536,656 1581,656 1626,653 1671,653 1715,650 1760,647 1805,644 1850,641 1894,638 1939,632 1984,626 2029,617"/>
                <TextEquiv>
                    <Unicode>(leiderich fehltin)</Unicode>
                </TextEquiv>
            </TextLine>
            <TextLine id="tr_1_tl_4" custom="readingOrder {index:3;}">
                <Coords points="2366,655 2388,655 2415,667 2428,655 2443,664 2502,639 2536,649 2545,541 2527,541 2508,525 2496,531 2409,436 2385,439"/>
                <Baseline points="2387,638 2411,635 2455,632 2500,626 2545,626"/>
                <TextEquiv>
                    <Unicode>art</Unicode>
                </TextEquiv>
            </TextLine>
            <TextLine id="tr_1_tl_5" custom="readingOrder {index:4;}">
                <Coords points="1093,751 3197,791 3475,738 3478,627 1093,676"/>
                <Baseline points="1110,743 1113,745 1157,748 1202,745 1247,748 1292,748 1336,748 1381,748 1426,743 1471,743 1515,740 1560,743 1605,743 1650,740 1694,740 1739,740 1784,737 1829,737 1873,737 1918,734 1963,731 2008,731 2052,728 2097,728 2142,725 2187,728 2231,728 2276,728 2321,728 2366,731 2411,725 2455,725 2500,725 2545,722 2590,722 2634,722 2679,719 2724,716 2769,716 2813,713 2858,713 2903,710 2948,713 2992,713 3037,710 3082,710 3127,707 3171,707 3216,707 3261,707 3306,707 3350,701 3395,701 3440,698 3485,698"/>
                <TextEquiv>
                    <Unicode>Franz’ Und Du, Du hast D ir/ gedacht, idh könnte Dich</Unicode>
                </TextEquiv>
            </TextLine>
            <TextLine id="tr_1_tl_6" custom="readingOrder {index:5;}">
                <Coords points="1742,843 1940,822 1992,840 2029,825 2045,837 2141,819 2181,828 2187,735 2082,735 2054,754 2029,735 1998,754 1949,738 1884,766 1801,744 1748,751"/>
                <Baseline points="1760,829 1787,823 1832,820 1876,817 1921,814 1966,808 2011,805 2055,802 2100,799 2145,793 2190,796"/>
                <TextEquiv>
                    <Unicode>nach Tatt</Unicode>
                </TextEquiv>
            </TextLine>
            <TextLine id="tr_1_tl_7" custom="readingOrder {index:6;}">
                <Coords points="1368,979 1795,976 1955,899 2326,967 2493,886 3524,883 3524,766 1371,859"/>
                <Baseline points="1384,907 1429,904 1474,904 1518,904 1563,901 1608,898 1653,898 1697,898 1742,898 1787,898 1832,895 1876,895 1921,892 1966,892 2011,892 2055,892 2100,889 2145,886 2190,886 2234,883 2279,886 2324,883 2369,883 2414,880 2458,880 2503,880 2548,880 2593,880 2637,877 2682,877 2727,874 2772,871 2816,871 2861,868 2906,865 2951,868 2995,868 3040,868 3085,865 3130,865 3174,865 3219,865 3264,862 3309,862 3353,862 3398,859 3443,856 3488,853 3532,850"/>
                <TextEquiv>
                    <Unicode>alle in reisen lassen. Wie hast Du Dir das nur</Unicode>
                </TextEquiv>
            </TextLine>
            <TextLine id="tr_1_tl_8" custom="readingOrder {index:7;}">
                <Coords points="1374,1069 1751,1063 1779,1041 1832,1063 2054,1035 2054,995 2014,1004 1958,954 1884,982 1708,970 1609,1001 1498,979 1442,1004 1378,979"/>
                <Baseline points="1393,1050 1435,1050 1480,1053 1524,1050 1569,1050 1614,1050 1659,1047 1703,1047 1748,1044 1793,1038 1838,1041 1882,1041 1927,1038 1972,1032 2017,1026 2061,1017"/>
                <TextEquiv>
                    <Unicode>vorges tell t?</Unicode>
                </TextEquiv>
            </TextLine>
            <TextLine id="tr_1_tl_9" custom="readingOrder {index:8;}">
                <Coords points="1940,1137 2159,1106 2215,1140 2307,1097 2354,1121 2462,1093 2721,1115 2758,1103 2761,982 2656,1013 2456,988 2428,1013 2394,991 2230,1029 1943,1035"/>
                <Baseline points="1960,1110 2002,1110 2046,1110 2091,1107 2136,1107 2181,1101 2226,1101 2270,1098 2315,1095 2360,1095 2405,1092 2449,1092 2494,1092 2539,1092 2584,1089 2628,1086 2673,1083 2718,1083 2763,1077"/>
                <TextEquiv>
                    <Unicode>Weis ist mir wept</Unicode>
                </TextEquiv>
            </TextLine>
            <TextLine id="tr_1_tl_10" custom="readingOrder {index:9;}">
                <Coords points="1381,1143 1424,1146 1486,1121 1547,1158 1597,1161 1665,1140 1832,1140 1835,1053 1754,1084 1686,1050 1560,1078 1498,1059 1384,1059"/>
                <Baseline points="1399,1121 1435,1121 1480,1118 1524,1118 1569,1118 1614,1118 1659,1118 1703,1115 1748,1110 1793,1110 1838,1101"/>
                <TextEquiv>
                    <Unicode>(seigneur)</Unicode>
                </TextEquiv>
            </TextLine>
            <TextLine id="tr_1_tl_11" custom="readingOrder {index:10;}">
                <Coords points="1075,1214 2122,1220 2400,1198 2403,1127 1906,1112 1612,1168 1489,1124 1078,1140"/>
                <Baseline points="1092,1205 1107,1208 1151,1208 1196,1211 1241,1208 1286,1208 1330,1205 1375,1199 1420,1196 1465,1196 1509,1199 1554,1199 1599,1199 1644,1199 1688,1199 1733,1196 1778,1190 1823,1190 1867,1187 1912,1187 1957,1190 2002,1187 2046,1190 2091,1187 2136,1187 2181,1187 2226,1187 2270,1187 2315,1184 2360,1184 2405,1184"/>
                <TextEquiv>
                    <Unicode>Gusti: Wie das werden wird.</Unicode>
                </TextEquiv>
            </TextLine>
            <TextLine id="tr_1_tl_12" custom="readingOrder {index:11;}">
                <Coords points="1350,1378 1368,1378 1436,1328 1446,1325 1458,1337 1473,1322 1486,1331 1535,1291 1585,1288 1585,1211 1563,1214 1547,1205 1517,1217 1495,1211 1486,1220 1464,1208 1439,1220 1424,1208 1408,1217 1384,1205 1368,1220 1353,1220"/>
                <Baseline points="1369,1286 1414,1283 1459,1280 1503,1280 1548,1280 1593,1280"/>
                <TextEquiv>
                    <Unicode>(hell)</Unicode>
                </TextEquiv>
            </TextLine>
            <TextLine id="tr_1_tl_13" custom="readingOrder {index:12;}">
                <Coords points="1405,1384 2894,1322 3005,1405 3367,1415 3419,1232 1405,1328"/>
                <Baseline points="1423,1360 1456,1357 1500,1360 1545,1357 1590,1357 1635,1354 1679,1354 1724,1351 1769,1354 1814,1351 1858,1351 1903,1348 1948,1348 1993,1348 2038,1345 2082,1342 2127,1342 2172,1339 2217,1336 2261,1339 2306,1339 2351,1336 2396,1339 2440,1336 2485,1336 2530,1336 2575,1336 2619,1330 2664,1330 2709,1327 2754,1327 2798,1324 2843,1324 2888,1321 2933,1321 2977,1318 3022,1321 3067,1318 3112,1318 3157,1318 3201,1315 3246,1318 3291,1312 3336,1309 3380,1306 3425,1306"/>
                <TextEquiv>
                    <Unicode>Schön wird’s werden.Gut wird's werde. Ich</Unicode>
                </TextEquiv>
            </TextLine>
            <TextLine id="tr_1_tl_14" custom="readingOrder {index:13;}">
                <Coords points="1072,1390 1093,1393 1121,1368 1149,1365 1183,1384 1202,1374 1211,1384 1229,1374 1248,1381 1266,1368 1285,1378 1300,1365 1331,1371 1341,1362 1378,1371 1374,1291 1331,1282 1313,1300 1260,1282 1248,1294 1208,1291 1189,1303 1177,1291 1069,1288"/>
                <Baseline points="1089,1354 1133,1357 1178,1360 1223,1363 1268,1363 1312,1360 1357,1357 1384,1357"/>
                <TextEquiv>
                    <Unicode>Franz:</Unicode>
                </TextEquiv>
            </TextLine>
            <TextLine id="tr_1_tl_15" custom="readingOrder {index:14;}">
                <Coords points="2032,1433 2054,1436 2082,1408 2116,1446 2190,1433 2236,1436 2236,1368 2208,1374 2199,1365 2184,1378 2107,1341 2088,1359 2054,1344 2032,1347"/>
                <Baseline points="2049,1402 2064,1402 2109,1402 2154,1399 2199,1402 2243,1399"/>
                <TextEquiv>
                    <Unicode>Kun</Unicode>
                </TextEquiv>
            </TextLine>
            <TextLine id="tr_1_tl_16" custom="readingOrder {index:15;}">
                <Coords points="1362,1563 3110,1480 3438,1563 3472,1402 1365,1436"/>
                <Baseline points="1378,1515 1420,1512 1465,1509 1509,1509 1554,1509 1599,1506 1644,1506 1688,1506 1733,1503 1778,1503 1823,1503 1867,1503 1912,1500 1957,1500 2002,1497 2046,1494 2091,1494 2136,1497 2181,1497 2226,1494 2270,1491 2315,1491 2360,1491 2405,1488 2449,1486 2494,1486 2539,1486 2584,1483 2628,1483 2673,1483 2718,1480 2763,1480 2807,1477 2852,1480 2897,1477 2942,1477 2986,1477 3031,1474 3076,1471 3121,1468 3165,1468 3210,1468 3255,1465 3300,1465 3344,1465 3389,1465 3434,1462 3479,1459"/>
                <TextEquiv>
                    <Unicode>hab Dich lieb. nd wenn Du spielst werde ich</Unicode>
                </TextEquiv>
            </TextLine>
            <TextLine id="tr_1_tl_17" custom="readingOrder {index:16;}">
                <Coords points="1371,1736 1912,1736 2017,1677 2144,1748 3259,1708 3262,1544 1374,1603"/>
                <Baseline points="1393,1665 1432,1665 1477,1665 1521,1662 1566,1662 1611,1662 1656,1659 1700,1659 1745,1656 1790,1656 1835,1656 1879,1656 1924,1653 1969,1653 2014,1653 2058,1650 2103,1647 2148,1647 2193,1647 2237,1647 2282,1644 2327,1644 2372,1641 2416,1641 2461,1644 2506,1641 2551,1638 2596,1638 2640,1638 2685,1638 2730,1635 2775,1632 2819,1629 2864,1629 2909,1626 2954,1626 2998,1623 3043,1623 3088,1623 3133,1623 3177,1623 3222,1623 3267,1623"/>
                <TextEquiv>
                    <Unicode>in der ersten Reihe sitzen. Und nach dem</Unicode>
                </TextEquiv>
            </TextLine>
            <TextLine id="tr_1_tl_18" custom="readingOrder {index:17;}">
                <Coords points="1365,1819 2224,1801 2696,1893 3416,1791 3419,1680 3147,1745 1365,1739"/>
                <Baseline points="1381,1808 1411,1814 1456,1817 1500,1817 1545,1817 1590,1820 1635,1817 1679,1817 1724,1814 1769,1811 1814,1811 1858,1811 1903,1811 1948,1808 1993,1805 2038,1805 2082,1805 2127,1802 2172,1802 2217,1799 2261,1802 2306,1799 2351,1799 2396,1799 2440,1799 2485,1796 2530,1796 2575,1793 2619,1793 2664,1793 2709,1790 2754,1787 2798,1787 2843,1784 2888,1784 2933,1784 2977,1781 3022,1784 3067,1781 3112,1781 3157,1781 3201,1778 3246,1781 3291,1781 3336,1778 3380,1775 3425,1775"/>
                <TextEquiv>
                    <Unicode>Theater holo ich Dich ab und nachher gehen</Unicode>
                </TextEquiv>
            </TextLine>
        </TextRegion>
        <TextRegion id="tr_2" custom="readingOrder {index:1;}">
            <Coords points="1029,1871 3550,1871 3550,3745 1029,3745"/>
            <TextLine id="tr_2_tl_1" custom="readingOrder {index:0;}">
                <Coords points="1347,1980 3228,1992 3376,1924 3379,1825 1347,1918"/>
                <Baseline points="1363,1969 1369,1969 1414,1969 1459,1966 1503,1966 1548,1966 1593,1966 1638,1966 1682,1963 1727,1963 1772,1960 1817,1960 1861,1960 1906,1957 1951,1954 1996,1954 2041,1954 2085,1951 2130,1951 2175,1948 2220,1951 2264,1951 2309,1945 2354,1945 2399,1942 2443,1942 2488,1942 2533,1942 2578,1939 2622,1939 2667,1936 2712,1936 2757,1936 2801,1936 2846,1933 2891,1930 2936,1930 2980,1927 3025,1924 3070,1924 3115,1924 3159,1924 3204,1921 3249,1921 3294,1921 3339,1924 3383,1924"/>
                <TextEquiv>
                    <Unicode>wir nachtnahlen geradso nie hier in Wien.</Unicode>
                </TextEquiv>
            </TextLine>
            <TextLine id="tr_2_tl_2" custom="readingOrder {index:1;}">
                <Coords points="1356,2131 1535,2181 1847,2116 2076,2193 2724,2097 3240,2178 3543,2091 3527,1989 2681,1943 2335,2054 1631,2073 1513,1964 1359,1983"/>
                <Baseline points="1372,2115 1402,2118 1447,2121 1491,2121 1536,2124 1581,2121 1626,2121 1671,2121 1715,2118 1760,2115 1805,2115 1850,2115 1894,2112 1939,2112 1984,2112 2029,2112 2073,2109 2118,2109 2163,2109 2208,2109 2252,2106 2297,2106 2342,2106 2387,2106 2431,2100 2476,2103 2521,2100 2566,2100 2610,2097 2655,2097 2700,2094 2745,2094 2789,2091 2834,2091 2879,2091 2924,2091 2969,2088 3013,2088 3058,2085 3103,2085 3148,2085 3192,2085 3237,2085 3282,2082 3327,2082 3371,2079 3416,2079 3461,2076 3506,2073 3550,2067"/>
                <TextEquiv>
                    <Unicode>Und wenn Dir einer auf der Bühne einen wirk-</Unicode>
                </TextEquiv>
            </TextLine>
            <TextLine id="tr_2_tl_3" custom="readingOrder {index:2;}">
                <Coords points="1356,2292 1859,2273 2014,2357 2493,2279 3042,2286 3046,2150 2320,2215 1356,2193"/>
                <Baseline points="1372,2276 1393,2273 1438,2273 1483,2273 1527,2270 1572,2270 1617,2267 1662,2267 1706,2264 1751,2264 1796,2264 1841,2264 1885,2264 1930,2264 1975,2264 2020,2261 2064,2261 2109,2261 2154,2258 2199,2258 2243,2258 2288,2255 2333,2255 2378,2255 2422,2255 2467,2255 2512,2252 2557,2255 2601,2249 2646,2249 2691,2246 2736,2246 2781,2243 2825,2240 2870,2240 2915,2237 2960,2237 3004,2234 3049,2237"/>
                <TextEquiv>
                    <Unicode>lichen Kuss gibt,so erwürg ich ihn.</Unicode>
                </TextEquiv>
            </TextLine>
            <TextLine id="tr_2_tl_4" custom="readingOrder {index:3;}">
                <Coords points="1402,2363 1433,2360 1452,2375 1526,2372 1538,2381 1594,2344 1652,2341 1656,2298 1625,2307 1588,2286 1560,2298 1529,2279 1501,2298 1473,2283 1442,2295 1427,2279 1408,2276"/>
                <Baseline points="1423,2342 1435,2345 1480,2345 1524,2342 1569,2342 1614,2336 1659,2330"/>
                <TextEquiv>
                    <Unicode>aln</Unicode>
                </TextEquiv>
            </TextLine>
            <TextLine id="tr_2_tl_5" custom="readingOrder {index:4;}">
                <Coords points="1056,2462 2283,2409 2527,2499 2712,2394 3147,2385 3151,2298 1059,2351"/>
                <Baseline points="1077,2419 1101,2419 1145,2425 1190,2428 1235,2431 1280,2428 1324,2428 1369,2425 1414,2425 1459,2422 1503,2425 1548,2422 1593,2422 1638,2422 1682,2422 1727,2419 1772,2419 1817,2416 1861,2416 1906,2414 1951,2414 1996,2414 2041,2411 2085,2414 2130,2411 2175,2411 2220,2408 2264,2405 2309,2405 2354,2408 2399,2405 2443,2402 2488,2399 2533,2399 2578,2396 2622,2393 2667,2393 2712,2390 2757,2387 2801,2384 2846,2381 2891,2381 2936,2375 2980,2372 3025,2369 3070,2366 3115,2363 3159,2366"/>
                <TextEquiv>
                    <Unicode>Gusti:Das hann ja schön verden, wenit de</Unicode>
                </TextEquiv>
            </TextLine>
            <TextLine id="tr_2_tl_6" custom="readingOrder {index:5;}">
                <Coords points="1010,2663 2499,2551 3178,2641 3404,2557 3404,2465 3311,2452 1538,2536 1013,2452"/>
                <Baseline points="1029,2560 1038,2563 1083,2569 1127,2572 1172,2575 1217,2578 1262,2581 1306,2575 1351,2575 1396,2569 1441,2572 1486,2572 1530,2572 1575,2572 1620,2572 1665,2569 1709,2569 1754,2569 1799,2566 1844,2566 1888,2566 1933,2563 1978,2560 2023,2560 2067,2560 2112,2560 2157,2557 2202,2557 2246,2557 2291,2557 2336,2554 2381,2554 2425,2554 2470,2551 2515,2554 2560,2551 2604,2551 2649,2548 2694,2545 2739,2545 2784,2542 2828,2542 2873,2545 2918,2542 2963,2539 3007,2539 3052,2539 3097,2539 3142,2539 3186,2539 3231,2542 3276,2539 3321,2539 3365,2536 3410,2533"/>
                <TextEquiv>
                    <Unicode>Franz: Du mirst Dioh eben nicht kilssen lassen,Du</Unicode>
                </TextEquiv>
            </TextLine>
            <TextLine id="tr_2_tl_7" custom="readingOrder {index:6;}">
                <Coords points="1337,2724 1507,2771 1656,2727 2740,2712 2780,2629 1337,2675"/>
                <Baseline points="1354,2724 1396,2724 1441,2724 1486,2727 1530,2727 1575,2724 1620,2724 1665,2721 1709,2718 1754,2718 1799,2718 1844,2715 1888,2718 1933,2718 1978,2718 2023,2715 2067,2712 2112,2712 2157,2712 2202,2709 2246,2709 2291,2706 2336,2706 2381,2706 2425,2706 2470,2706 2515,2703 2560,2703 2604,2700 2649,2700 2694,2700 2739,2700 2784,2697"/>
                <TextEquiv>
                    <Unicode>darfst nicht.O,man muss nicht</Unicode>
                </TextEquiv>
            </TextLine>
            <TextLine id="tr_2_tl_8" custom="readingOrder {index:7;}">
                <Coords points="1671,2814 2165,2783 2428,2811 2539,2777 2598,2811 2780,2789 2783,2703 2174,2712 2107,2746 1977,2721 1934,2758 1671,2730"/>
                <Baseline points="1688,2792 1715,2787 1760,2787 1805,2784 1850,2787 1894,2787 1939,2787 1984,2787 2029,2787 2073,2787 2118,2784 2163,2784 2208,2781 2252,2784 2297,2781 2342,2781 2387,2778 2431,2778 2476,2778 2521,2775 2566,2775 2610,2772 2655,2769 2700,2769 2745,2766 2789,2766"/>
                <TextEquiv>
                    <Unicode>h in xyz nicht allein,</Unicode>
                </TextEquiv>
            </TextLine>
            <TextLine id="tr_2_tl_9" custom="readingOrder {index:8;}">
                <Coords points="1044,2971 2570,2907 3432,3015 3521,2974 3524,2755 1652,2832 1047,2737"/>
                <Baseline points="1062,2876 1071,2876 1115,2882 1160,2885 1205,2885 1250,2885 1295,2882 1339,2882 1384,2879 1429,2879 1474,2879 1518,2879 1563,2879 1608,2879 1653,2876 1697,2876 1742,2876 1787,2873 1832,2873 1876,2870 1921,2870 1966,2870 2011,2870 2055,2867 2100,2867 2145,2864 2190,2867 2234,2864 2279,2864 2324,2864 2369,2864 2414,2864 2458,2861 2503,2861 2548,2861 2593,2858 2637,2858 2682,2855 2727,2855 2772,2855 2816,2849 2861,2852 2906,2849 2951,2849 2995,2849 3040,2846 3085,2843 3130,2843 3174,2843 3219,2843 3264,2843 3309,2843 3353,2846 3398,2846 3443,2843 3488,2843 3532,2843"/>
                <TextEquiv>
                    <Unicode>Gusti: Und wenn ich selbst,nenn toh in der Erregung</Unicode>
                </TextEquiv>
            </TextLine>
            <TextLine id="tr_2_tl_10" custom="readingOrder {index:9;}">
                <Coords points="1337,3113 1483,3098 1513,3120 1578,3092 1696,3126 1748,3092 1825,3117 1872,3076 1940,3076 1943,2974 1863,2981 1770,2940 1730,2965 1708,2947 1341,2962"/>
                <Baseline points="1357,3025 1369,3028 1414,3028 1459,3028 1503,3028 1548,3028 1593,3028 1638,3025 1682,3025 1727,3025 1772,3022 1817,3019 1861,3016 1906,3013 1951,3013"/>
                <TextEquiv>
                    <Unicode>des Spiels —</Unicode>
                </TextEquiv>
            </TextLine>
            <TextLine id="tr_2_tl_11" custom="readingOrder {index:10;}">
                <Coords points="1032,3271 1859,3178 3286,3178 3215,3070 1035,3104"/>
                <Baseline points="1050,3180 1056,3186 1101,3186 1145,3186 1190,3189 1235,3189 1280,3189 1324,3186 1369,3186 1414,3183 1459,3186 1503,3183 1548,3183 1593,3183 1638,3180 1682,3177 1727,3177 1772,3174 1817,3174 1861,3174 1906,3171 1951,3171 1996,3171 2041,3171 2085,3171 2130,3168 2175,3168 2220,3165 2264,3165 2309,3165 2354,3165 2399,3162 2443,3159 2488,3159 2533,3157 2578,3157 2622,3154 2667,3154 2712,3151 2757,3151 2801,3148 2846,3148 2891,3148 2936,3145 2980,3145 3025,3148 3070,3145 3115,3145 3159,3145 3204,3145 3249,3145 3294,3145"/>
                <TextEquiv>
                    <Unicode>Franz: O, das wär nicht übel.Denk nur darah,das</Unicode>
                </TextEquiv>
            </TextLine>
            <TextLine id="tr_2_tl_12" custom="readingOrder {index:11;}">
                <Coords points="1325,3345 1727,3333 1909,3407 2252,3317 3021,3354 3342,3317 3342,3212 1328,3274"/>
                <Baseline points="1342,3333 1381,3333 1426,3333 1471,3333 1515,3336 1560,3336 1605,3336 1650,3333 1694,3330 1739,3330 1784,3327 1829,3324 1873,3324 1918,3324 1963,3321 2008,3324 2052,3321 2097,3321 2142,3318 2187,3318 2231,3318 2276,3315 2321,3315 2366,3312 2411,3312 2455,3309 2500,3309 2545,3309 2590,3309 2634,3306 2679,3303 2724,3303 2769,3306 2813,3300 2858,3300 2903,3300 2948,3297 2992,3297 3037,3297 3082,3297 3127,3297 3171,3297 3216,3297 3261,3297 3306,3294 3350,3297"/>
                <TextEquiv>
                    <Unicode>das für Leute sind, mit denen Du in diesem</Unicode>
                </TextEquiv>
            </TextLine>
            <TextLine id="tr_2_tl_13" custom="readingOrder {index:12;}">
                <Coords points="1300,3574 2854,3577 3015,3552 3018,3391 2712,3333 2468,3416 1303,3429"/>
                <Baseline points="1321,3488 1366,3488 1411,3491 1456,3491 1500,3494 1545,3491 1590,3488 1635,3488 1679,3485 1724,3485 1769,3485 1814,3482 1858,3482 1903,3482 1948,3482 1993,3482 2038,3479 2082,3482 2127,3479 2172,3479 2217,3479 2261,3473 2306,3473 2351,3473 2396,3470 2440,3470 2485,3467 2530,3467 2575,3464 2619,3464 2664,3464 2709,3461 2754,3461 2798,3461 2843,3458 2888,3458 2933,3458 2977,3458 3022,3461"/>
                <TextEquiv>
                    <Unicode>Nest zusammen engagirst sein wirst.</Unicode>
                </TextEquiv>
            </TextLine>
            <TextLine id="tr_2_tl_14" custom="readingOrder {index:13;}">
                <Coords points="1032,3728 1452,3651 3459,3657 3487,3429 2703,3558 1035,3598"/>
                <Baseline points="1053,3658 1071,3658 1115,3661 1160,3661 1205,3661 1250,3658 1295,3658 1339,3655 1384,3652 1429,3652 1474,3649 1518,3649 1563,3649 1608,3646 1653,3646 1697,3643 1742,3643 1787,3643 1832,3640 1876,3640 1921,3637 1966,3637 2011,3634 2055,3634 2100,3634 2145,3631 2190,3631 2234,3628 2279,3628 2324,3628 2369,3625 2414,3625 2458,3625 2503,3622 2548,3619 2593,3619 2637,3616 2682,3616 2727,3613 2772,3610 2816,3610 2861,3613 2906,3610 2951,3610 2995,3613 3040,3613 3085,3610 3130,3610 3174,3607 3219,3610 3264,3610 3309,3607 3353,3604 3398,3604 3443,3601 3488,3598"/>
                <TextEquiv>
                    <Unicode>Gusti: Ein Nest? Salzburg ein Nest!’s ist oin ganz</Unicode>
                </TextEquiv>
            </TextLine>
            <TextLine id="tr_2_tl_15" custom="readingOrder {index:14;}">
                <Coords points="1316,3753 1483,3790 1829,3731 1952,3781 2307,3725 2517,3818 2740,3725 3036,3744 3036,3669 2644,3623 1316,3666"/>
                <Baseline points="1333,3729 1342,3735 1387,3732 1432,3732 1477,3732 1521,3732 1566,3729 1611,3729 1656,3726 1700,3726 1745,3729 1790,3726 1835,3726 1879,3726 1924,3726 1969,3723 2014,3723 2058,3723 2103,3723 2148,3726 2193,3723 2237,3723 2282,3723 2327,3720 2372,3720 2416,3717 2461,3717 2506,3717 2551,3717 2596,3715 2640,3712 2685,3712 2730,3712 2775,3712 2819,3712 2864,3712 2909,3712 2954,3712 2998,3712 3043,3715"/>
                <TextEquiv>
                    <Unicode>neues Theater. Frag nur den Agenten.</Unicode>
                </TextEquiv>
            </TextLine>
        </TextRegion>
    </Page>
</PcGts>
