3800 4120
3190 447 3315 569 38
1371 560 2795 781 Schlüssel nicht gepasst hätte
2452 673 2976 827 rehr zu hend
1084 759 3343 992 Gustif Und es war nicht einmal klug. Wenn er das
1378 903 3450 1053 er führt... das ist alle.. die wir. z. sie selbst
1815 1032 2020 1136 it
1071 1013 3539 1255 Frau A.: Er darf es ja nicht erfahren. Carum bin ich
1362 1209 3321 1439 bei Ihnen) Der Brief ist wieder wo er var.
1344 1347 3475 1577 Geschlossen war er nämlich noch nicht; nicht
3073 1491 3254 1577 De
1368 1491 3395 1705 einmal noch ganz) beendet.Also (die ganze Sa¬
1371 1662 3331 1883 che) kann zwischen Ihnen und mir ins ###
2118 1803 2452 1904 Morn
1359 1803 3352 1971 gebracht werden Sie milssen verhindern, dass
860 1843 1200 2048 1,10
1362 1941 3422 2115 er Ihnen nachreist (Sie milssen es ihm verbie-
854 2002 1169 2275 soude
1350 2106 3386 2302 ten oder sonst irgendwie unmöglich machen,
1779 2250 2082 2357 Lebhette
1332 2259 3346 2437 Es steht mehr auf dem Spiel als Sie ahnon,
2939 2403 3276 2489 réellen.
1338 2403 3361 2599 vielleicht,verze then Sie, als Sie begretjen
1332 2550 3355 2770 können.Es könnte seinem Vater — aber davon
1332 2758 3352 2887 wollte ich wirklich gar nicht sprechen. Sie
1319 2902 3517 3073 milosten es mir ja nicht glauben. Das könnten
1304 3034 3334 3202 Sie für eine Finte halten.Also darauf, dass
2991 3156 3199 3257 out
1316 3159 3447 3367 mein Mann mit seinem Herzen nicht zum Besten
1332 3328 3321 3499 dran ist, darauf müssen Sie keinerlei-Rilck-
1322 3496 3349 3667 sicht nehmen und auf meine mütterliche Lie¬
