3768 4120
1334 545 2088 754 nicht begegnen.
1058 719 3306 915 Gusti: Das ist ja ein förmliches Intrigenstück,
1337 887 1983 1061 gnädige Frau.
1044 1005 3355 1201 Frau A.: Nein, das soll es gewiss nicht sein.Also
646 1159 3456 1383 den Appellant ich komme natürlich mit einer Bitte (Es kommt
604 1358 1197 1515 soConfective
1316 1376 3303 1522 mir fast komisch vor, dass ich sie am Ende
611 1459 1072 1644 maglert
1316 1501 3488 1693 doch noch aussprechen muss,da Sie ja geradeso
1323 1655 2238 1829 gut wissen wie ich
1365 1791 3170 1952 Ich kann es Ihnen doch nicht ersparen.
1016 1801 1327 1973 Gusti:
1934 1913 2908 2028 Tir rolles it... freise by
1016 1934 3184 2158 Frau 4. ) (einfach) Lassen Sie von ihm, Fräulein
1306 2088 2266 2294 Gustl.
2063 2206 2297 2332 dacon
964 2213 3320 2461 (Gusti: Und toh hätte e-infach zu antworten Ja. und
1295 2444 3317 2584 damit wär die Sache erledigt. Das haben Sie
1285 2552 3125 2737 sich ja wirklich riesig einfach vorge¬
1285 2713 2262 2905 stellt, gnädige Frau.
988 2758 3282 3058 Frau A.: Sie lieben ihn, daran zweifle ich nicht.
1260 3034 3366 3212 Sie lieben ihn aufrichtig. Das ist ja selbst¬
1285 3153 3313 3341 vers tändlich. Sie glauben vielleicht sogar.
1267 3278 3334 3498 geradeso wie er dass das etne Sache für die
1260 3449 3334 3624 Ewigkeit ist. Aber sollte Ihnen nicht schon
1264 3613 3250 3795 selbst der Gedanke gekommen sein, dass das
