3752 4104
1395 428 3374 682 einen Abend aus-vor der Trennung! Uebrigens
1349 670 3472 884 was geniert's Dich,Du weisst, er ist ein sehr
1349 835 2089 994 netter Mensch.
1063 959 3377 1153 Gusti: Gar nix weise ich.Dama le wie wir zu Dritt
1352 1118 3331 1309 miteinander genachtmahlt haben, im dritten
1343 1254 3365 1456 Cafééhaus, war's so. langueilig wie möglich.
1034 1453 3345 1621 Artha: Ja, aber warum? Weil Du eine Todesangst ge-
1349 1606 1840 1797 habt hast.
1375 1756 1609 1892 Ioh?
1060 1745 1337 1941 Gusti
1037 1881 3360 2089 Er that Natürlich Du. Vor De inem Franz Als wenn da
1335 2016 3438 2187 schon was dran wär.wenn man mit einer Freun¬
1329 2175 3354 2377 din und ihrem Schatz an einem schönen Som-
2814 2250 3039 2377 geht
1814 2323 1964 2395 in
1326 2337 3082 2536 merabend im Freien nachtmahlen möcht
1358 2484 3337 2663 Das verstehst Du nicht. Er hat mich gern.
1052 2479 1288 2687 Gust
1317 2620 3386 2796 Er ist halt kkein Prince Jean Frederique, er
1337 2808 3302 2964 ist ein ganz gewöhnlicher Studiosus Juris
1323 2918 3285 3131 Franz Artha ber.Und übrigens kanns t Du Dtr
1320 3103 3250 3296 denken, dass ich am letzten Abend, den wir
1317 3244 3201 3443 noch in Wien sind, mit ihn zusammen sein
1303 3429 1621 3634 werde.
1014 3513 3212 3807 Er iha: Weisst Du was gesch wär. Wenn Ihr Beide
