3827 4152
3227 443 3381 591 65
1461 523 3695 748 mich ganz aus Deinem Leben. Ich meine, dass nich
1446 735 3495 917 noch am End ein Brief kommt, in dem Du mich
1449 895 3485 1074 so recht herunterschimpfst.Es ist wirklich
1430 1040 3522 1200 nicht der Milh vert.Stehst Du, irgend was von
1437 1206 3267 1357 der Art machen die meisten jungen Leut
1424 1347 3313 1544 durch in ihrem Leben.Du wirst bald eine
1403 1492 2144 1609 Bessere finden.
1012 1624 3433 1858 Franz: Das dürfte allerdings nicht schwer sein.) in
1390 1821 3513 1966 einem letzten Schmerz) Gustil (dann wendet er
1378 1941 3165 2169 sich brüsk.nimt seinen Hut und geht)
975 2233 3445 2479 Gusttleine Weibe allein,wie erstarrt, dann lacht sie
1357 2418 3270 2596 auf, dann geht sie im Zimmer herum, bewegt
1347 2532 3316 2772 die Lippen,wie mit sich selber sprechend.
1320 2744 3316 2898 Dann tritt sie vor den Spiegel,s leht sich
1317 2867 3319 3064 an.verbeugt sich,applaudiert,hat aber da-
1307 3039 3393 3209 bei immer ganz irre Augen. Dann geht sie zum
1289 3199 3227 3359 Fenster, gleich wieder fort,rennt im Lin¬
1286 3341 3301 3442 mer umher mit gefalteten Händen. Es läutet.
1267 3418 3261 3673 Sie steht um sich, geht wieder zum spiegel
1261 3636 3165 3765 Es läutet nochmals. Sie öffnet. Mit Erika
