3752 4120
2154 426 3496 605 " (Gefasst.ighichtlit innehme
1021 564 3146 798 Gusti: O gnädige Frau, bitte wollen Sie nicht
1286 719 1946 936 Platz nehmen?
1001 886 3243 1092 Frau A.: Danke. (setzt stch,wtrft einen flüchti¬
1291 1042 2154 1236 gen Blick um s ich)
1004 1200 3173 1359 bustil ihr gegenüber als tronistere sie selbst
1603 1321 1875 1394 seynen
1286 1303 3349 1544 ihren konsentionellen Ton) Darf ich wissen,
1283 1514 2639 1696 was mir die Ehre verschafft?
980 1641 3328 1829 Frau A.: Also vor allem wtl ich Ihnen sagen,lte-
1271 1811 3155 1978 bes Fräulein, dass ich nicht als Feindin
1259 1943 1556 2137 komme.
1453 2008 2125 2169 schaumeleisit
933 2110 2650 2313 Gusti(wie oben) O, es lag mir ferne
966 2195 3184 2448 Frau 4.: Nun der Verdacht-Hegt nahe. (ein fach)
2662 2354 2838 2454 eme
1239 2433 3234 2592 aber als töhtlich klar) Wenn die Mutter des
1239 2504 3299 2762 Geliebten so plötzlich erscheint. Und trotz-
1239 2656 3478 2909 dem — Sie werden ja hören.) Die Notität ich hier
2642 2753 3349 2906 den at Freundi
916 2862 3273 3067 Gusti: Also ganz überzeugt, dass Sie mir was Änge
660 3029 1145 3155 auzenebrag
1230 2991 3264 3243 nehmes zu sagen haben, gnädige Frau, bin ich
669 3114 1106 3281 Bolchef
1227 3182 2184 3358 Ja noch immer nicht.
942 3240 3117 3443 Frau A.: Angenehm, das will ich auch nicht be-
2163 3416 2624 3516 evenpea
1206 3481 3114 3663 haupten. Ich me tne im ersten Augenblich
1209 3642 3161 3813 wird es Sie vielleicht nicht angenehm be¬
