3768 4120
1367 524 3373 798 Achtzig Gulden Gage. No was glaube t, so gut
1367 716 3282 893 hättest es auch getroffen,wenn Du einen
1358 857 2929 1093 Postoffizial gehetra tot hättest.
1087 1055 3350 1261 Gust: (müd) Im nächsten Jahr hab ich sicher hun¬
1364 1176 3320 1382 dert oder gar hundertzwanzig (er
1364 1358 3256 1538 und vielleicht auch einen Prinzen dazu.
1058 1482 3432 1656 Mutter: Wirst nicht gleich aufhören.Red nicht so.
1343 1635 3356 1830 Bin ich denn so eine Mutter — O Gott,wenn
1364 1812 2460 1980 ich so eine mutter wär.
1061 1871 3309 2168 Gustt: Es ist halt ekelhaft, wenn man hein Geld
1355 2130 1579 2286 hat.
1046 2219 3373 2392 Mutter: Was willst denn? Wir haben uns immer an-
1358 2339 3438 2607 ständig durchgebracht. Und nie einen Kreuzer
2929 2495 3426 2596 ein jenen
1341 2569 3435 2755 Schulden gehabt. Und Du weisst,wie jenand da
1338 2690 3438 2920 war vor einem halben Jahr - na,Du erinnerst
1329 2825 3412 3029 Dich noch, wie ich sie beinah über die Stie¬
1341 2993 3329 3182 gen hinuntergeporfen hab. So eine Person.
1326 3108 3288 3350 Aber sie geht auch auf die andere Seiton
1329 3273 3379 3521 hinüber, wenn sie mich nur von weitem steht
1320 3456 3359 3671 Ja, die Leute glauben,wenn man nur arm ist.
1314 3606 2275 3798 aber eher hätt ich
