3880 4072
982 523 1611 668 Komödiantin.
969 681 3628 880 Er stürmt zu ihr hinauf. Gestern ist alles zwischen ih
962 906 2583 989 nen klar geworden. Sie liebt ihn.
962 1042 3509 1201 Die Mutter ist fort. Die Koffer sind gepackt. Morgen
959 1207 2090 1316 soll sie insEngagement.
953 1349 1799 1445 Sie erwartet ihn.
929 1495 3334 1641 Er knüpft an, wo sie gestern unterbrochen wurden.
933 1664 1386 1770 Sie kühl.
916 1826 1528 1915 Er erstaunt.
913 1971 2682 2077 Sie: Ich habe nur Komödie gespielt.
906 2143 1879 2223 Er zuerst ungläubig.
903 2276 3456 2405 Sie: Ich habe nie etwas empfunden; in meinem ganzen
893 2408 3486 2557 Leben nicht. Und nun hab' ich mich gefragt: Wie wirst
890 2577 3513 2768 du denn in all den Stücken, wo du zu spielen hast, Ge-
833 2699 3433 2878 fühle ausdrücken können, die dir ganz fremd sind? Und
876 2851 3324 3036 da hab' ich mir vorgenommen, Ihnen die Komödie der
863 3063 1813 3188 Liebe vorzuspielen.
860 3198 1419 3334 Gerade mir?
853 3321 3433 3493 Ja. Sie sind mistrauisch. Wenn es mir bei Ihnen glück
857 3470 3384 3698 te, so war ich sicher. - Und Sie haben mir geglaubt.
