3640 3944
656 323 985 539 Richt
921 491 1512 704 excie...
701 533 3227 830 Übrigensorte. „ doch mein mit der über
643 730 2610 950 Ich will dir zu aufschleitigen Tagen.
659 843 3259 1063 Weiß die verst. nie nur ins kenne pleint haben.
669 982 3243 1150 de Beale auf der fillerie..  Reis-une de Cents
656 1101 2784 1328 Mit der Crika, wat it ne de France..
640 1247 3017 1460 also de table cin par deux jegent gehabt.
678 1392 2888 1596 une écite qu'il des thuis et lequel jet.
672 1492 3127 1715 ten uit sal gesagt - over niet unillich ordentlich
694 1641 2784 1822 in liber twelt - dem peil ich nicht.
688 1802 2839 1986 Une et sel. il s’agt.. Soit avec de cuir ou
662 1954 2920 2177 Hoe de med id ut Hal. Kopf in weit
694 2077 2962 2335 verliebt. as laßer jusam't there is a act
643 2277 1660 2455 in ver elle heilt.”
808 2452 1612 2607 tend de gant
691 2539 1528 2723 be carudi...
798 2620 2251 2852 Uudd sert wicht nicht ernst
753 2781 2946 3010 Rob. di list  a 2nd ein gingt he hebben beim
688 2917 2681 3152 is all if for a one night in Stein...
727 3110 2875 3327 Aber dépit mit dir ein et, das ist je
711 3291 1615 3524 lanten theisicen -
859 3433 2122 3585 nuverte... will much
1059 3543 2807 3795 so cahr daß ich jetzt - sie mitge-
956 3718 1479 3902 einele de
