6792 4344
710 516 2818 920 Gusti Anl. die the. Ma
696 716 2968 1073 Cem and as. he eul
805 993 3033 1320 seln, daß ich u erhalt gedr
1014 1238 2853 1480 aber ich schwehlet ver
657 1480 2874 1760 lin, i erin mie aikt au
758 1654 2948 1998 beide Mihie.. Es
713 1948 2299 2314 alutamt alle.
793 2158 2915 2458 Til v. C. universtet he
825 2420 2889 2747 vicht... Ich helte sie veit
875 2659 2812 3083 Jur ei Leser. des ist.
805 2912 3121 3275 erst hiezu ind. I sebst.
970 3118 2950 3549 it wifs get ld ist un
825 3372 2818 3855 J crent with    be all
896 3593 2747 4026 do gefal in shes her
952 3905 3033 4147 Gholt. Lein. he derer
5969 239 6146 613 P.
3466 304 5432 702 die ueillverführen,
3463 616 5482 1014 at de tabe selbt. Je c'est
3440 849 5370 1170 halk er sog sijn mögten.
3425 1085 5804 1430 dep lie up emuet. in 5. -10
3437 1303 5382 1686 in 11 Jch ist wd Sib
3590 1550 5736 1966 Ist. ein ein have bescheis
3564 1810 5429 2196 Kreise werden.  j. u.
3546 2025 5692 2470 tieden en 10 jahre eie hom
3496 2331 5689 2768 hoff in de Teog.... une e
3496 2550 5668 2995 eu vie ne.. J. wexerp. ob
3516 2812 5597 3213 Le niett einmal entenu
3543 3077 5759 3558 glückli zeerd. in 10.11 Jahre
3596 3345 5886 3761 - weitig nicht darauf
