<?xml version="1.0" encoding="UTF-8" standalone="yes"?>
<PcGts xmlns="http://schema.primaresearch.org/PAGE/gts/pagecontent/2013-07-15" xmlns:xsi="http://www.w3.org/2001/XMLSchema-instance" xsi:schemaLocation="http://schema.primaresearch.org/PAGE/gts/pagecontent/2013-07-15 http://schema.primaresearch.org/PAGE/gts/pagecontent/2013-07-15/pagecontent.xsd">
    <Metadata>
        <Creator>prov=READ-COOP:name=TrHtr:version=2.1.0:model_id=51170:date=15_08_2023_01:39</Creator>
        <Created>2023-05-10T15:02:55.733+02:00</Created>
        <LastChange>2023-08-15T01:39:21.298+02:00</LastChange>
        <TranskribusMetadata docId="1428748" pageId="55429360" pageNr="66" tsid="132836312" status="IN_PROGRESS" userId="64420" imgUrl="https://files.transkribus.eu/Get?id=TLSAVYFWZTMQCTHRCCRNUYNO&amp;fileType=view" xmlUrl="https://files.transkribus.eu/Get?id=GHNDWVQQKSQKEACGZSOPKSVI" imageId="44703433"/>
    </Metadata>
    <Page imageFilename="1428748_0066.jpg" imageWidth="3843" imageHeight="4152">
        <ReadingOrder>
            <OrderedGroup id="ro_1711806861580" caption="Regions reading order">
                <RegionRefIndexed index="0" regionRef="tr_2"/>
                <RegionRefIndexed index="1" regionRef="tr_1"/>
            </OrderedGroup>
        </ReadingOrder>
        <TextRegion id="tr_2" custom="readingOrder {index:0;}">
            <Coords points="1059,421 3531,421 3531,1430 1059,1430"/>
            <TextLine id="tr_2_tl_1" custom="readingOrder {index:0;}">
                <Coords points="3230,532 3271,526 3292,535 3308,529 3326,541 3351,541 3345,368 3317,368 3301,383 3274,386 3249,405 3224,402"/>
                <Baseline points="3244,471 3289,474 3334,474 3355,474"/>
                <TextEquiv>
                    <Unicode>61</Unicode>
                </TextEquiv>
            </TextLine>
            <TextLine id="tr_2_tl_2" custom="readingOrder {index:1;}">
                <Coords points="1054,733 1845,671 2380,723 2668,689 2671,550 2167,522 1805,584 1737,538 1274,603 1057,553"/>
                <Baseline points="1071,641 1107,644 1152,647 1196,650 1241,653 1286,650 1331,650 1376,653 1420,650 1465,650 1510,650 1555,650 1599,650 1644,647 1689,647 1734,647 1779,647 1823,647 1868,644 1913,641 1958,641 2002,638 2047,638 2092,638 2137,635 2181,635 2226,635 2271,632 2316,635 2361,632 2405,632 2450,635 2495,635 2540,632 2584,632 2629,632 2674,635"/>
                <TextEquiv>
                    <Unicode>Franz Mlt wein? Mit Dir? Mit ihme</Unicode>
                </TextEquiv>
            </TextLine>
            <TextLine id="tr_2_tl_3" custom="readingOrder {index:2;}">
                <Coords points="1060,828 3314,878 3428,866 3428,683 1060,736"/>
                <Baseline points="1077,796 1107,799 1152,802 1196,805 1241,805 1286,805 1331,805 1376,805 1420,802 1465,805 1510,805 1555,802 1599,805 1644,805 1689,805 1734,802 1779,805 1823,805 1868,805 1913,802 1958,802 2002,799 2047,799 2092,799 2137,799 2181,799 2226,796 2271,796 2316,796 2361,799 2405,796 2450,796 2495,796 2540,799 2584,796 2629,793 2674,796 2719,793 2764,796 2808,796 2853,793 2898,793 2943,793 2987,790 3032,790 3077,790 3122,788 3166,788 3211,790 3256,788 3301,785 3346,785 3390,785 3435,790"/>
                <TextEquiv>
                    <Unicode>Gusti: Du darfst dicht zu ihm gehen. Ich will Dtr</Unicode>
                </TextEquiv>
            </TextLine>
            <TextLine id="tr_2_tl_4" custom="readingOrder {index:3;}">
                <Coords points="1441,1020 1536,971 1728,1017 1799,974 1966,964 2170,1011 2170,906 2087,878 1802,906 1592,859 1441,906"/>
                <Baseline points="1459,967 1462,964 1507,958 1552,958 1596,958 1641,958 1686,958 1731,958 1776,961 1820,961 1865,958 1910,958 1955,955 1999,955 2044,955 2089,952 2134,955 2178,952"/>
                <TextEquiv>
                    <Unicode>ja alles sagen.</Unicode>
                </TextEquiv>
            </TextLine>
            <TextLine id="tr_2_tl_5" custom="readingOrder {index:4;}">
                <Coords points="1280,1026 1301,1026 1323,1048 1351,1039 1382,1066 1416,1036 1465,1026 1465,890 1447,887 1431,903 1422,896 1351,903 1329,890 1311,903 1280,900"/>
                <Baseline points="1298,1020 1343,1023 1387,1026 1432,1020 1474,1020"/>
                <TextEquiv>
                    <Unicode>Für</Unicode>
                </TextEquiv>
            </TextLine>
            <TextLine id="tr_2_tl_6" custom="readingOrder {index:5;}">
                <Coords points="1042,1202 2012,1119 3301,1212 3527,1159 3527,1026 1530,998 1382,1066 1215,998 1042,1066"/>
                <Baseline points="1059,1107 1068,1107 1113,1110 1158,1113 1202,1116 1247,1116 1292,1116 1337,1116 1382,1113 1426,1110 1471,1113 1516,1110 1561,1107 1605,1107 1650,1107 1695,1110 1740,1110 1784,1110 1829,1107 1874,1110 1919,1110 1964,1110 2008,1110 2053,1107 2098,1107 2143,1107 2187,1107 2232,1104 2277,1104 2322,1107 2367,1107 2411,1104 2456,1104 2501,1104 2546,1104 2590,1101 2635,1101 2680,1101 2725,1101 2769,1101 2814,1101 2859,1101 2904,1098 2949,1098 2993,1098 3038,1098 3083,1098 3128,1098 3172,1095 3217,1095 3262,1095 3307,1092 3352,1092 3396,1092 3441,1092 3486,1092 3531,1092"/>
                <TextEquiv>
                    <Unicode>Franz:-Wird das, was ich mit dem Prinzen auszurechen</Unicode>
                </TextEquiv>
            </TextLine>
            <TextLine id="tr_2_tl_7" custom="readingOrder {index:6;}">
                <Coords points="1431,1305 1716,1332 1870,1271 2065,1329 2139,1298 2192,1342 2241,1311 2380,1323 2380,1199 2105,1221 2043,1178 1852,1209 1787,1175 1731,1212 1549,1212 1431,1175"/>
                <Baseline points="1447,1262 1492,1262 1537,1265 1581,1265 1626,1262 1671,1265 1716,1262 1761,1262 1805,1262 1850,1262 1895,1262 1940,1259 1984,1259 2029,1259 2074,1259 2119,1259 2164,1259 2208,1259 2253,1259 2298,1262 2343,1262 2387,1265"/>
                <TextEquiv>
                    <Unicode>hab, weiss ich genug.</Unicode>
                </TextEquiv>
            </TextLine>
            <TextLine id="tr_2_tl_8" custom="readingOrder {index:7;}">
                <Coords points="1042,1450 3363,1462 3335,1314 1042,1311"/>
                <Baseline points="1059,1405 1104,1411 1149,1417 1193,1420 1238,1420 1283,1417 1328,1414 1337,1414 1364,1414 1402,1414 1447,1414 1492,1417 1537,1420 1581,1420 1626,1417 1671,1417 1716,1414 1761,1414 1805,1414 1850,1414 1895,1414 1940,1414 1984,1414 2029,1411 2074,1411 2119,1411 2164,1411 2208,1411 2253,1411 2298,1411 2343,1411 2387,1408 2432,1408 2477,1408 2522,1408 2567,1411 2611,1411 2656,1408 2701,1408 2746,1405 2790,1405 2835,1405 2880,1402 2925,1402 2969,1402 3014,1402 3059,1399 3104,1399 3149,1399 3193,1399 3238,1396 3283,1393 3328,1393 3372,1390"/>
                <TextEquiv>
                    <Unicode>Gusti: Nein, nein, Du veisst nicht genug.Du vetest</Unicode>
                </TextEquiv>
            </TextLine>
        </TextRegion>
        <TextRegion id="tr_1" custom="readingOrder {index:1;}">
            <Coords points="967,1511 3483,1511 3483,3744 967,3744"/>
            <TextLine id="tr_1_tl_1" custom="readingOrder {index:0;}">
                <Coords points="1400,1586 2538,1604 2624,1589 2624,1471 1400,1478"/>
                <Baseline points="1417,1573 1423,1573 1468,1570 1513,1570 1558,1567 1602,1570 1647,1570 1692,1567 1737,1570 1781,1567 1826,1567 1871,1567 1916,1567 1961,1567 2005,1564 2050,1564 2095,1567 2140,1564 2184,1564 2229,1564 2274,1564 2319,1561 2364,1564 2408,1564 2453,1564 2498,1561 2543,1561 2587,1564 2632,1561"/>
                <TextEquiv>
                    <Unicode>nicht alles. Ich lieb ihn.</Unicode>
                </TextEquiv>
            </TextLine>
            <TextLine id="tr_1_tl_2" custom="readingOrder {index:1;}">
                <Coords points="1351,1722 3357,1768 3453,1725 3456,1626 1351,1666"/>
                <Baseline points="1367,1716 1402,1719 1447,1719 1492,1722 1537,1722 1581,1722 1626,1719 1671,1719 1716,1719 1761,1719 1805,1719 1850,1719 1895,1719 1940,1719 1984,1716 2029,1719 2074,1716 2119,1716 2164,1713 2208,1713 2253,1713 2298,1713 2343,1713 2387,1713 2432,1710 2477,1710 2522,1710 2567,1713 2611,1710 2656,1710 2701,1707 2746,1710 2790,1710 2835,1710 2880,1707 2925,1707 2969,1707 3014,1704 3059,1704 3104,1704 3149,1704 3193,1704 3238,1704 3283,1704 3328,1704 3372,1701 3417,1698 3462,1695"/>
                <TextEquiv>
                    <Unicode>Ha.Du hast ein weites Herzl Und mich liebst</Unicode>
                </TextEquiv>
            </TextLine>
            <TextLine id="tr_1_tl_3" custom="readingOrder {index:2;}">
                <Coords points="1066,1725 1082,1725 1107,1743 1131,1728 1159,1743 1206,1734 1227,1740 1236,1731 1295,1734 1295,1672 1261,1660 1243,1679 1196,1641 1172,1666 1141,1669 1104,1660 1082,1638 1066,1638"/>
                <Baseline points="1083,1716 1128,1722 1173,1722 1217,1722 1262,1722 1304,1722"/>
                <TextEquiv>
                    <Unicode>ranz</Unicode>
                </TextEquiv>
            </TextLine>
            <TextLine id="tr_1_tl_4" custom="readingOrder {index:3;}">
                <Coords points="1382,1873 3045,1929 3311,1883 3311,1774 2340,1824 1685,1756 1382,1824"/>
                <Baseline points="1399,1865 1435,1865 1480,1868 1525,1868 1570,1871 1614,1871 1659,1868 1704,1868 1749,1868 1793,1868 1838,1868 1883,1868 1928,1865 1973,1865 2017,1868 2062,1865 2107,1865 2152,1865 2196,1865 2241,1865 2286,1862 2331,1865 2375,1865 2420,1862 2465,1862 2510,1862 2555,1862 2599,1862 2644,1859 2689,1859 2734,1859 2778,1856 2823,1856 2868,1856 2913,1856 2958,1853 3002,1853 3047,1853 3092,1853 3137,1853 3181,1853 3226,1853 3271,1853 3316,1856"/>
                <TextEquiv>
                    <Unicode>Du auch.Es ist also jedenfalls einer zu</Unicode>
                </TextEquiv>
            </TextLine>
            <TextLine id="tr_1_tl_5" custom="readingOrder {index:4;}">
                <Coords points="1388,2099 3017,2108 3255,2087 3258,1944 1391,1932"/>
                <Baseline points="1405,2023 1423,2023 1468,2023 1513,2023 1558,2023 1602,2023 1647,2023 1692,2023 1737,2023 1781,2020 1826,2020 1871,2020 1916,2020 1961,2017 2005,2020 2050,2020 2095,2020 2140,2017 2184,2017 2229,2017 2274,2020 2319,2020 2364,2017 2408,2017 2453,2014 2498,2014 2543,2014 2587,2014 2632,2014 2677,2014 2722,2011 2767,2011 2811,2011 2856,2011 2901,2011 2946,2008 2990,2011 3035,2008 3080,2008 3125,2005 3169,2005 3214,2005 3259,2008"/>
                <TextEquiv>
                    <Unicode>viel auf der Welt.Freilich, das sag ich</Unicode>
                </TextEquiv>
            </TextLine>
            <TextLine id="tr_1_tl_6" custom="readingOrder {index:5;}">
                <Coords points="1379,2238 2139,2173 2383,2257 2881,2213 3311,2275 3462,2247 3465,2080 1379,2124"/>
                <Baseline points="1396,2167 1411,2164 1456,2167 1501,2173 1546,2173 1590,2175 1635,2173 1680,2173 1725,2173 1770,2170 1814,2173 1859,2173 1904,2173 1949,2170 1993,2170 2038,2167 2083,2167 2128,2164 2173,2164 2217,2167 2262,2167 2307,2167 2352,2167 2396,2167 2441,2164 2486,2164 2531,2164 2575,2164 2620,2161 2665,2161 2710,2161 2755,2161 2799,2161 2844,2161 2889,2161 2934,2158 2978,2158 3023,2158 3068,2158 3113,2158 3158,2158 3202,2158 3247,2158 3292,2158 3337,2158 3381,2158 3426,2161 3471,2161"/>
                <TextEquiv>
                    <Unicode>Dir gleich, auch wenn ich ihn niederschiess,</Unicode>
                </TextEquiv>
            </TextLine>
            <TextLine id="tr_1_tl_7" custom="readingOrder {index:6;}">
                <Coords points="2077,2254 2105,2260 2148,2254 2167,2269 2189,2269 2195,2263 2213,2266 2220,2176 2179,2179 2170,2186 2167,2179 2158,2182 2142,2173 2136,2179 2105,2179 2096,2186 2080,2182"/>
                <Baseline points="2098,2244 2131,2241 2175,2238 2220,2238"/>
                <TextEquiv>
                    <Unicode>ten</Unicode>
                </TextEquiv>
            </TextLine>
            <TextLine id="tr_1_tl_8" custom="readingOrder {index:7;}">
                <Coords points="1366,2356 2825,2371 2825,2269 2640,2223 1879,2288 1641,2216 1366,2281"/>
                <Baseline points="1384,2322 1399,2322 1444,2325 1489,2325 1534,2325 1579,2328 1623,2328 1668,2325 1713,2325 1758,2322 1802,2322 1847,2322 1892,2322 1937,2322 1981,2325 2026,2325 2071,2322 2116,2325 2161,2325 2205,2325 2250,2322 2295,2322 2340,2322 2384,2319 2429,2319 2474,2316 2519,2316 2564,2313 2608,2313 2653,2313 2698,2313 2743,2313 2787,2313 2832,2310"/>
                <TextEquiv>
                    <Unicode>Dich,Dioh spuck nicht mehr an</Unicode>
                </TextEquiv>
            </TextLine>
            <TextLine id="tr_1_tl_9" custom="readingOrder {index:8;}">
                <Coords points="1320,2485 2999,2563 3475,2507 3478,2390 1323,2408"/>
                <Baseline points="1337,2471 1379,2474 1423,2477 1468,2480 1513,2480 1558,2480 1602,2480 1647,2480 1692,2477 1737,2477 1781,2477 1826,2477 1871,2477 1916,2477 1961,2474 2005,2474 2050,2474 2095,2474 2140,2474 2184,2471 2229,2471 2274,2471 2319,2471 2364,2471 2408,2474 2453,2471 2498,2471 2543,2468 2587,2468 2632,2468 2677,2468 2722,2471 2767,2468 2811,2465 2856,2465 2901,2465 2946,2465 2990,2468 3035,2468 3080,2468 3125,2468 3169,2468 3214,2465 3259,2465 3304,2462 3349,2459 3393,2459 3438,2462 3483,2465"/>
                <TextEquiv>
                    <Unicode>Duell teren willst Du Dich mit ihm? Ja,glaubst</Unicode>
                </TextEquiv>
            </TextLine>
            <TextLine id="tr_1_tl_10" custom="readingOrder {index:9;}">
                <Coords points="992,2482 1054,2482 1138,2519 1153,2510 1202,2522 1215,2510 1230,2516 1264,2482 1283,2482 1280,2411 1258,2405 1215,2427 1202,2414 1178,2424 1125,2408 1088,2424 1042,2386 1011,2417 989,2420"/>
                <Baseline points="1008,2471 1053,2477 1098,2480 1143,2483 1187,2486 1232,2480 1277,2480 1286,2477"/>
                <TextEquiv>
                    <Unicode>Gusti¬</Unicode>
                </TextEquiv>
            </TextLine>
            <TextLine id="tr_1_tl_11" custom="readingOrder {index:10;}">
                <Coords points="1360,2652 1450,2674 1484,2662 1533,2674 1567,2652 1589,2665 1607,2646 1626,2662 1651,2646 1716,2649 1759,2624 1815,2628 1815,2587 1743,2600 1725,2581 1583,2553 1546,2587 1509,2594 1444,2553 1385,2594 1360,2590"/>
                <Baseline points="1376,2617 1420,2623 1465,2626 1510,2629 1555,2632 1599,2632 1644,2632 1689,2629 1734,2629 1779,2623 1823,2623"/>
                <TextEquiv>
                    <Unicode>Du denn -</Unicode>
                </TextEquiv>
            </TextLine>
            <TextLine id="tr_1_tl_12" custom="readingOrder {index:11;}">
                <Coords points="1048,2816 2315,2798 2730,2872 3317,2813 3317,2683 2618,2621 1682,2739 1431,2662 1048,2717"/>
                <Baseline points="1065,2778 1110,2790 1155,2790 1199,2790 1244,2787 1289,2787 1334,2790 1379,2787 1423,2787 1468,2787 1513,2787 1558,2787 1602,2790 1647,2787 1692,2787 1737,2787 1781,2787 1826,2784 1871,2784 1916,2784 1961,2781 2005,2784 2050,2781 2095,2781 2140,2781 2184,2781 2229,2781 2274,2781 2319,2781 2364,2781 2408,2781 2453,2781 2498,2781 2543,2778 2587,2778 2632,2778 2677,2778 2722,2775 2767,2775 2811,2772 2856,2775 2901,2772 2946,2772 2990,2772 3035,2772 3080,2772 3125,2772 3169,2772 3214,2772 3259,2769 3304,2775 3322,2778"/>
                <TextEquiv>
                    <Unicode>franz: Ob er sich mit mir schlagen wird? Weil er</Unicode>
                </TextEquiv>
            </TextLine>
            <TextLine id="tr_1_tl_13" custom="readingOrder {index:12;}">
                <Coords points="1363,2983 2210,2946 3144,3005 3172,2847 1363,2862"/>
                <Baseline points="1379,2943 1387,2943 1432,2940 1477,2943 1522,2943 1567,2943 1611,2940 1656,2940 1701,2940 1746,2940 1790,2940 1835,2937 1880,2937 1925,2937 1970,2934 2014,2934 2059,2934 2104,2934 2149,2934 2193,2934 2238,2934 2283,2934 2328,2934 2372,2931 2417,2931 2462,2931 2507,2931 2552,2931 2596,2931 2641,2928 2686,2928 2731,2925 2775,2928 2820,2925 2865,2925 2910,2925 2955,2925 2999,2922 3044,2922 3089,2925 3134,2925 3178,2922"/>
                <TextEquiv>
                    <Unicode>oin Prins ist vielleicht? Ich bin ein</Unicode>
                </TextEquiv>
            </TextLine>
            <TextLine id="tr_1_tl_14" custom="readingOrder {index:13;}">
                <Coords points="1351,3156 1604,3122 1759,3156 1852,3125 1972,3147 2025,3122 2099,3172 2152,3165 2152,3020 1805,3033 1750,2989 1481,2955 1351,2992"/>
                <Baseline points="1367,3074 1411,3086 1456,3086 1501,3086 1546,3086 1590,3089 1635,3089 1680,3089 1725,3092 1770,3089 1814,3089 1859,3089 1904,3086 1949,3086 1993,3086 2038,3086 2083,3089 2128,3089 2158,3089"/>
                <TextEquiv>
                    <Unicode>Student,er muss.</Unicode>
                </TextEquiv>
            </TextLine>
            <TextLine id="tr_1_tl_15" custom="readingOrder {index:14;}">
                <Coords points="1295,3283 3119,3339 3249,3289 3252,3147 1295,3153"/>
                <Baseline points="1313,3244 1331,3244 1376,3244 1420,3244 1465,3247 1510,3244 1555,3244 1599,3244 1644,3244 1689,3244 1734,3241 1779,3241 1823,3241 1868,3241 1913,3238 1958,3238 2002,3238 2047,3235 2092,3238 2137,3238 2181,3238 2226,3235 2271,3235 2316,3235 2361,3235 2405,3238 2450,3235 2495,3232 2540,3232 2584,3232 2629,3229 2674,3229 2719,3229 2764,3229 2808,3229 2853,3229 2898,3226 2943,3226 2987,3223 3032,3223 3077,3220 3122,3223 3166,3220 3211,3220 3256,3226"/>
                <TextEquiv>
                    <Unicode>Er muss nicht. Für mich Franz schlagt man</Unicode>
                </TextEquiv>
            </TextLine>
            <TextLine id="tr_1_tl_16" custom="readingOrder {index:15;}">
                <Coords points="958,3252 1066,3271 1082,3258 1107,3267 1134,3255 1162,3274 1196,3255 1261,3271 1255,3138 1196,3159 1178,3153 1134,3193 1097,3181 1057,3190 1011,3172 958,3190"/>
                <Baseline points="976,3241 1020,3244 1065,3247 1110,3250 1155,3250 1199,3250 1244,3250 1268,3250"/>
                <TextEquiv>
                    <Unicode>Gusti:</Unicode>
                </TextEquiv>
            </TextLine>
            <TextLine id="tr_1_tl_17" custom="readingOrder {index:16;}">
                <Coords points="1351,3481 1416,3459 1539,3465 1580,3444 1614,3462 1731,3419 1904,3434 1904,3339 1864,3342 1839,3320 1620,3348 1490,3274 1351,3320"/>
                <Baseline points="1367,3402 1411,3399 1456,3402 1501,3399 1546,3399 1590,3399 1635,3399 1680,3399 1725,3399 1770,3399 1814,3399 1859,3402 1904,3402 1913,3402"/>
                <TextEquiv>
                    <Unicode>sich nicht.</Unicode>
                </TextEquiv>
            </TextLine>
            <TextLine id="tr_1_tl_18" custom="readingOrder {index:17;}">
                <Coords points="946,3632 2019,3567 2281,3651 2618,3580 2893,3635 3280,3552 3280,3468 3162,3444 949,3425"/>
                <Baseline points="967,3552 1005,3555 1050,3560 1095,3560 1140,3560 1185,3560 1229,3558 1274,3560 1319,3558 1364,3558 1408,3555 1453,3555 1498,3555 1543,3555 1587,3555 1632,3555 1677,3555 1722,3558 1767,3555 1811,3552 1856,3552 1901,3552 1946,3552 1990,3552 2035,3552 2080,3552 2125,3552 2170,3552 2214,3552 2259,3552 2304,3552 2349,3549 2393,3549 2438,3546 2483,3543 2528,3543 2572,3543 2617,3543 2662,3543 2707,3543 2752,3540 2796,3540 2841,3540 2886,3540 2931,3537 2975,3537 3020,3537 3065,3537 3110,3537 3155,3534 3199,3534 3244,3534 3289,3528"/>
                <TextEquiv>
                    <Unicode>Franz: Für Dich — Das ist ja - Was soll denn das</Unicode>
                </TextEquiv>
            </TextLine>
            <TextLine id="tr_1_tl_19" custom="readingOrder {index:18;}">
                <Coords points="1335,3774 1512,3731 1954,3849 2356,3852 2628,3740 3363,3747 3311,3614 1339,3617"/>
                <Baseline points="1355,3725 1358,3728 1402,3728 1447,3728 1492,3728 1537,3731 1581,3731 1626,3734 1671,3734 1716,3734 1761,3734 1805,3734 1850,3734 1895,3734 1940,3734 1984,3734 2029,3734 2074,3734 2119,3731 2164,3731 2208,3731 2253,3731 2298,3728 2343,3725 2387,3725 2432,3725 2477,3725 2522,3725 2567,3722 2611,3719 2656,3719 2701,3716 2746,3716 2790,3713 2835,3713 2880,3710 2925,3710 2969,3710 3014,3707 3059,3707 3104,3704 3149,3704 3193,3701 3238,3698 3283,3698 3328,3698 3372,3701"/>
                <TextEquiv>
                    <Unicode>bedeuten? Für Dich schlagt man sich nicht.</Unicode>
                </TextEquiv>
            </TextLine>
        </TextRegion>
    </Page>
</PcGts>
