<?xml version="1.0" encoding="UTF-8" standalone="yes"?>
<PcGts xmlns="http://schema.primaresearch.org/PAGE/gts/pagecontent/2013-07-15" xmlns:xsi="http://www.w3.org/2001/XMLSchema-instance" xsi:schemaLocation="http://schema.primaresearch.org/PAGE/gts/pagecontent/2013-07-15 http://schema.primaresearch.org/PAGE/gts/pagecontent/2013-07-15/pagecontent.xsd">
    <Metadata>
        <Creator>prov=READ-COOP:name=TrHtr:version=2.1.0:model_id=51170:date=15_08_2023_01:39</Creator>
        <Created>2023-05-10T15:02:54.136+02:00</Created>
        <LastChange>2023-08-15T01:39:17.784+02:00</LastChange>
        <TranskribusMetadata docId="1428748" pageId="55429283" pageNr="53" tsid="132836299" status="IN_PROGRESS" userId="64420" imgUrl="https://files.transkribus.eu/Get?id=RIVUZPBCLAFJOAJOKABWUEQW&amp;fileType=view" xmlUrl="https://files.transkribus.eu/Get?id=GCOHPQHDYLSEIUDFORPMAUVI" imageId="44703356"/>
    </Metadata>
    <Page imageFilename="1428748_0053.jpg" imageWidth="3816" imageHeight="4120">
        <ReadingOrder>
            <OrderedGroup id="ro_1711806826060" caption="Regions reading order">
                <RegionRefIndexed index="0" regionRef="tr_1"/>
            </OrderedGroup>
        </ReadingOrder>
        <TextRegion id="tr_1" custom="readingOrder {index:0;}">
            <Coords points="582,484 3540,484 3540,3762 582,3762"/>
            <TextLine id="tr_1_tl_1" custom="readingOrder {index:0;}">
                <Coords points="3171,583 3187,586 3200,579 3223,596 3243,593 3256,606 3286,606 3296,385 3276,382 3260,389 3256,379 3246,382 3240,375 3217,392 3181,385"/>
                <Baseline points="3191,537 3209,540 3254,537 3298,534"/>
                <TextEquiv>
                    <Unicode>48</Unicode>
                </TextEquiv>
            </TextLine>
            <TextLine id="tr_1_tl_2" custom="readingOrder {index:1;}">
                <Coords points="1370,770 2051,701 2413,774 3210,718 3507,774 3507,619 3197,576 3052,629 2443,524 1370,609"/>
                <Baseline points="1388,701 1409,695 1453,695 1498,695 1543,695 1588,695 1633,695 1677,692 1722,695 1767,692 1812,692 1856,692 1901,692 1946,692 1991,692 2036,695 2080,695 2125,695 2170,695 2215,695 2260,695 2304,695 2349,695 2394,695 2439,692 2483,692 2528,692 2573,692 2618,692 2663,692 2707,695 2752,695 2797,692 2842,695 2886,695 2931,698 2976,698 3021,695 3066,695 3110,695 3155,695 3200,695 3245,695 3290,692 3334,695 3379,692 3424,692 3469,692 3513,692"/>
                <TextEquiv>
                    <Unicode>mer tu ich das. vnterben Sie ihn einethalben</Unicode>
                </TextEquiv>
            </TextLine>
            <TextLine id="tr_1_tl_3" custom="readingOrder {index:2;}">
                <Coords points="1386,902 2305,935 2608,853 2766,942 3375,879 3375,764 1386,774"/>
                <Baseline points="1403,844 1447,844 1492,844 1537,844 1582,844 1627,844 1671,844 1716,844 1761,844 1806,847 1851,844 1895,847 1940,847 1985,847 2030,847 2074,847 2119,847 2164,847 2209,847 2254,847 2298,847 2343,844 2388,844 2433,844 2477,844 2522,844 2567,844 2612,844 2657,844 2701,844 2746,844 2791,844 2836,847 2881,847 2925,850 2970,850 3015,850 3060,847 3104,847 3149,847 3194,847 3239,847 3284,844 3328,841 3373,844 3379,847"/>
                <TextEquiv>
                    <Unicode>und wenn er keine Lektionen kriegt,so bin</Unicode>
                </TextEquiv>
            </TextLine>
            <TextLine id="tr_1_tl_4" custom="readingOrder {index:3;}">
                <Coords points="1370,1047 1715,1004 1982,1090 2229,1004 2515,1063 3345,1021 3345,928 3217,886 2907,955 2588,892 1370,905"/>
                <Baseline points="1388,1009 1430,1006 1474,1003 1519,1003 1564,1000 1609,1000 1653,1000 1698,1000 1743,1000 1788,1000 1833,1003 1877,1006 1922,1003 1967,1003 2012,1003 2057,1003 2101,1003 2146,1003 2191,1003 2236,1003 2280,1003 2325,1000 2370,1000 2415,1000 2460,1000 2504,1000 2549,997 2594,997 2639,1000 2683,1000 2728,1000 2773,1000 2818,1000 2863,1000 2907,1003 2952,1000 2997,1000 3042,1000 3087,1000 3131,1000 3176,1000 3221,1000 3266,997 3310,1000 3355,1006"/>
                <TextEquiv>
                    <Unicode>ja ich da, ich, die sich ihr Geld verdient.</Unicode>
                </TextEquiv>
            </TextLine>
            <TextLine id="tr_1_tl_5" custom="readingOrder {index:4;}">
                <Coords points="1396,1096 1432,1116 1492,1087 1515,1096 1600,1090 1613,1100 1633,1090 1656,1100 1673,1083 1692,1087 1696,1011 1666,1001 1650,1014 1636,1004 1564,1040 1528,1031 1508,1011 1396,1034"/>
                <Baseline points="1415,1089 1433,1089 1477,1089 1522,1086 1567,1086 1612,1083 1656,1083 1701,1077"/>
                <TextEquiv>
                    <Unicode>C Ruhl</Unicode>
                </TextEquiv>
            </TextLine>
            <TextLine id="tr_1_tl_6" custom="readingOrder {index:5;}">
                <Coords points="1116,1215 1985,1162 2670,1218 2828,1149 3154,1212 3154,1063 2937,1037 1432,1113 1116,1057"/>
                <Baseline points="1134,1134 1179,1146 1224,1146 1268,1149 1313,1152 1358,1149 1403,1152 1447,1149 1492,1152 1537,1152 1582,1152 1627,1152 1671,1155 1716,1152 1761,1155 1806,1155 1851,1155 1895,1155 1940,1155 1985,1155 2030,1152 2074,1155 2119,1155 2164,1155 2209,1155 2254,1152 2298,1155 2343,1155 2388,1155 2433,1155 2477,1149 2522,1149 2567,1149 2612,1149 2657,1149 2701,1149 2746,1149 2791,1152 2836,1149 2881,1149 2925,1149 2970,1149 3015,1149 3060,1149 3104,1146 3149,1146 3161,1149"/>
                <TextEquiv>
                    <Unicode>rau A. :-Wieviel haben Sie für den Anfang?</Unicode>
                </TextEquiv>
            </TextLine>
            <TextLine id="tr_1_tl_7" custom="readingOrder {index:6;}">
                <Coords points="1126,1363 2693,1310 3345,1393 3299,1185 1126,1202"/>
                <Baseline points="1143,1304 1188,1301 1233,1304 1277,1304 1322,1304 1367,1301 1412,1304 1456,1304 1501,1304 1546,1304 1591,1307 1636,1307 1680,1307 1725,1310 1770,1310 1815,1310 1859,1307 1904,1307 1949,1307 1994,1307 2039,1307 2083,1307 2128,1307 2173,1307 2218,1307 2263,1307 2307,1310 2352,1307 2397,1307 2442,1307 2486,1304 2531,1304 2576,1304 2621,1304 2666,1304 2710,1304 2755,1304 2800,1304 2845,1304 2889,1304 2934,1304 2979,1304 3024,1304 3069,1307 3113,1304 3158,1304 3203,1301 3248,1301 3293,1301 3337,1301 3355,1304"/>
                <TextEquiv>
                    <Unicode>rusti: Es ist gleichgültig, darauf kommt's nicht</Unicode>
                </TextEquiv>
            </TextLine>
            <TextLine id="tr_1_tl_8" custom="readingOrder {index:7;}">
                <Coords points="1347,1492 1363,1488 1396,1498 1429,1478 1475,1475 1485,1482 1492,1475 1518,1475 1515,1383 1498,1383 1492,1376 1468,1389 1452,1373 1442,1376 1422,1360 1396,1360 1357,1386 1343,1386"/>
                <Baseline points="1364,1450 1409,1450 1453,1450 1498,1453 1525,1459"/>
                <TextEquiv>
                    <Unicode>an.</Unicode>
                </TextEquiv>
            </TextLine>
            <TextLine id="tr_1_tl_9" custom="readingOrder {index:8;}">
                <Coords points="1060,1663 3289,1643 3227,1524 1060,1492"/>
                <Baseline points="1077,1597 1122,1597 1167,1600 1212,1600 1256,1603 1301,1606 1346,1606 1391,1606 1436,1603 1480,1603 1525,1603 1570,1606 1615,1606 1659,1606 1704,1609 1749,1609 1794,1609 1839,1609 1883,1609 1928,1609 1973,1609 2018,1606 2062,1609 2107,1609 2152,1606 2197,1606 2242,1606 2286,1603 2331,1606 2376,1606 2421,1603 2466,1603 2510,1603 2555,1603 2600,1606 2645,1606 2689,1606 2734,1609 2779,1609 2824,1609 2869,1609 2913,1609 2958,1609 3003,1609 3048,1609 3092,1606 3137,1606 3182,1606 3227,1606 3272,1606 3298,1609"/>
                <TextEquiv>
                    <Unicode>Frau A.: Sie haben Recht.Die Geldfrage ist die</Unicode>
                </TextEquiv>
            </TextLine>
            <TextLine id="tr_1_tl_10" custom="readingOrder {index:9;}">
                <Coords points="1337,1808 2476,1768 3279,1827 3279,1663 1337,1686"/>
                <Baseline points="1355,1767 1361,1767 1406,1761 1450,1758 1495,1758 1540,1758 1585,1758 1630,1761 1674,1758 1719,1761 1764,1758 1809,1758 1854,1758 1898,1758 1943,1758 1988,1755 2033,1755 2077,1755 2122,1752 2167,1752 2212,1752 2257,1752 2301,1752 2346,1752 2391,1752 2436,1752 2480,1752 2525,1752 2570,1752 2615,1752 2660,1752 2704,1752 2749,1752 2794,1752 2839,1755 2884,1755 2928,1752 2973,1752 3018,1752 3063,1752 3107,1752 3152,1752 3197,1749 3242,1749 3287,1752"/>
                <TextEquiv>
                    <Unicode>geringste.Denn verhungern liess auch ich</Unicode>
                </TextEquiv>
            </TextLine>
            <TextLine id="tr_1_tl_11" custom="readingOrder {index:10;}">
                <Coords points="1350,1962 1706,1926 1873,1989 2028,1926 2371,1982 2647,1913 3013,1985 3260,1936 3260,1814 2739,1837 2476,1768 1350,1821"/>
                <Baseline points="1367,1913 1388,1910 1433,1907 1477,1907 1522,1907 1567,1910 1612,1910 1656,1910 1701,1910 1746,1910 1791,1913 1836,1913 1880,1910 1925,1910 1970,1910 2015,1910 2060,1910 2104,1910 2149,1913 2194,1910 2239,1910 2283,1910 2328,1910 2373,1910 2418,1910 2463,1910 2507,1910 2552,1910 2597,1910 2642,1910 2686,1913 2731,1910 2776,1910 2821,1910 2866,1913 2910,1910 2955,1910 3000,1910 3045,1910 3090,1910 3134,1910 3179,1910 3224,1907 3269,1910"/>
                <TextEquiv>
                    <Unicode>ihn nicht, selbst, wenn es me tnen Mann ins</Unicode>
                </TextEquiv>
            </TextLine>
            <TextLine id="tr_1_tl_12" custom="readingOrder {index:11;}">
                <Coords points="1327,2081 3348,2120 3348,1982 3138,1946 1327,1972"/>
                <Baseline points="1346,2051 1391,2057 1436,2057 1480,2060 1525,2060 1570,2062 1615,2062 1659,2060 1704,2062 1749,2062 1794,2065 1839,2065 1883,2062 1928,2062 1973,2062 2018,2062 2062,2062 2107,2062 2152,2060 2197,2057 2242,2060 2286,2057 2331,2057 2376,2054 2421,2054 2466,2054 2510,2054 2555,2054 2600,2057 2645,2057 2689,2057 2734,2054 2779,2054 2824,2057 2869,2060 2913,2057 2958,2060 3003,2060 3048,2060 3092,2060 3137,2057 3182,2057 3227,2060 3272,2060 3316,2060 3355,2062"/>
                <TextEquiv>
                    <Unicode>Grab bringt.Also Sie werden ihn keineswegs</Unicode>
                </TextEquiv>
            </TextLine>
            <TextLine id="tr_1_tl_13" custom="readingOrder {index:12;}">
                <Coords points="2150,2143 2252,2134 2338,2157 2476,2130 2548,2160 2647,2150 2693,2120 2789,2137 2789,2061 2716,2078 2654,2058 2631,2078 2325,2051 2275,2078 2213,2064 2150,2097"/>
                <Baseline points="2167,2119 2212,2119 2257,2122 2301,2125 2346,2125 2391,2122 2436,2119 2480,2122 2525,2125 2570,2122 2615,2125 2660,2125 2704,2119 2749,2119 2794,2122 2797,2122"/>
                <TextEquiv>
                    <Unicode>oupelere (of</Unicode>
                </TextEquiv>
            </TextLine>
            <TextLine id="tr_1_tl_14" custom="readingOrder {index:13;}">
                <Coords points="1320,2249 1814,2222 2041,2308 2512,2213 3273,2288 3533,2242 3533,2110 1320,2117"/>
                <Baseline points="1340,2206 1385,2209 1430,2209 1474,2209 1519,2212 1564,2212 1609,2209 1653,2209 1698,2209 1743,2209 1788,2209 1833,2209 1877,2209 1922,2209 1967,2209 2012,2209 2057,2206 2101,2206 2146,2203 2191,2200 2236,2200 2280,2203 2325,2206 2370,2203 2415,2200 2460,2200 2504,2203 2549,2200 2594,2203 2639,2200 2683,2203 2728,2203 2773,2200 2818,2200 2863,2203 2907,2203 2952,2203 2997,2206 3042,2206 3087,2209 3131,2206 3176,2206 3221,2206 3266,2206 3310,2206 3355,2206 3400,2206 3445,2206 3490,2209 3534,2212 3540,2209"/>
                <TextEquiv>
                    <Unicode>erhalten müssen. Aber alle andere Verantwortung</Unicode>
                </TextEquiv>
            </TextLine>
            <TextLine id="tr_1_tl_15" custom="readingOrder {index:14;}">
                <Coords points="2190,2278 2334,2308 2390,2285 2512,2308 2611,2275 2683,2308 2716,2285 2766,2301 2812,2285 2812,2232 2756,2226 2594,2222 2552,2245 2525,2226 2413,2236 2390,2216 2331,2245 2190,2226"/>
                <Baseline points="2206,2277 2251,2277 2295,2277 2340,2277 2385,2274 2430,2274 2474,2274 2519,2274 2564,2274 2609,2274 2654,2271 2698,2271 2743,2271 2788,2277 2818,2277"/>
                <TextEquiv>
                    <Unicode>Uudala ist</Unicode>
                </TextEquiv>
            </TextLine>
            <TextLine id="tr_1_tl_16" custom="readingOrder {index:15;}">
                <Coords points="1310,2400 1808,2466 1966,2380 2387,2440 3398,2404 3398,2305 3296,2275 1310,2288"/>
                <Baseline points="1328,2370 1373,2367 1418,2370 1462,2370 1507,2370 1552,2370 1597,2370 1642,2367 1686,2370 1731,2370 1776,2370 1821,2370 1865,2373 1910,2370 1955,2370 2000,2373 2045,2373 2089,2373 2134,2373 2179,2370 2224,2370 2268,2370 2313,2367 2358,2370 2403,2367 2448,2367 2492,2367 2537,2367 2582,2367 2627,2367 2672,2367 2716,2370 2761,2370 2806,2370 2851,2367 2895,2367 2940,2370 2985,2367 3030,2370 3075,2370 3119,2373 3164,2376 3209,2373 3254,2373 3298,2370 3343,2370 3388,2370 3403,2370"/>
                <TextEquiv>
                    <Unicode>müssen Sie tragen. Sie sind selbständig. Sie</Unicode>
                </TextEquiv>
            </TextLine>
            <TextLine id="tr_1_tl_17" custom="readingOrder {index:16;}">
                <Coords points="629,2548 678,2571 738,2535 790,2542 826,2522 945,2519 955,2308 909,2305 810,2334 751,2301 675,2341 642,2338"/>
                <Baseline points="651,2494 686,2489 731,2486 776,2486 821,2480 865,2477 910,2477 955,2477"/>
                <TextEquiv>
                    <Unicode>stecher</Unicode>
                </TextEquiv>
            </TextLine>
            <TextLine id="tr_1_tl_18" custom="readingOrder {index:17;}">
                <Coords points="1304,2568 3286,2575 3286,2420 2344,2473 1304,2420"/>
                <Baseline points="1322,2519 1367,2522 1412,2522 1456,2522 1501,2522 1546,2522 1591,2522 1636,2522 1680,2522 1725,2522 1770,2522 1815,2522 1859,2522 1904,2525 1949,2525 1994,2525 2039,2525 2083,2528 2128,2528 2173,2528 2218,2525 2263,2525 2307,2522 2352,2525 2397,2522 2442,2522 2486,2522 2531,2522 2576,2522 2621,2522 2666,2522 2710,2525 2755,2522 2800,2522 2845,2525 2889,2525 2934,2525 2979,2525 3024,2525 3069,2525 3113,2528 3158,2528 3203,2528 3248,2525 3293,2525"/>
                <TextEquiv>
                    <Unicode>haben einen Beruf,Ste treten ins Leben,er</Unicode>
                </TextEquiv>
            </TextLine>
            <TextLine id="tr_1_tl_19" custom="readingOrder {index:18;}">
                <Coords points="1304,2716 3474,2716 3474,2618 3263,2571 1304,2611"/>
                <Baseline points="1322,2675 1367,2672 1412,2675 1456,2675 1501,2675 1546,2675 1591,2675 1636,2672 1680,2672 1725,2672 1770,2672 1815,2672 1859,2672 1904,2672 1949,2672 1994,2672 2039,2675 2083,2675 2128,2675 2173,2678 2218,2675 2263,2675 2307,2678 2352,2675 2397,2675 2442,2675 2486,2675 2531,2675 2576,2675 2621,2675 2666,2675 2710,2675 2755,2675 2800,2675 2845,2675 2889,2675 2934,2675 2979,2678 3024,2675 3069,2675 3113,2678 3158,2678 3203,2680 3248,2678 3293,2678 3337,2678 3382,2678 3427,2678 3472,2678 3478,2678"/>
                <TextEquiv>
                    <Unicode>ist ein Bub.Wenn Sie ihn m/it-oder nachfahren</Unicode>
                </TextEquiv>
            </TextLine>
            <TextLine id="tr_1_tl_20" custom="readingOrder {index:19;}">
                <Coords points="1281,2884 1383,2855 1600,2874 1689,2825 1854,2864 1946,2838 1995,2868 2087,2822 2203,2845 2255,2835 2259,2749 2150,2710 1979,2729 1883,2683 1531,2743 1439,2700 1287,2706"/>
                <Baseline points="1301,2827 1322,2827 1367,2824 1412,2824 1456,2824 1501,2824 1546,2824 1591,2821 1636,2818 1680,2815 1725,2809 1770,2806 1815,2800 1859,2800 1904,2797 1949,2797 1994,2797 2039,2797 2083,2794 2128,2797 2173,2794 2218,2794 2263,2788"/>
                <TextEquiv>
                    <Unicode>lassen — er haben Sie</Unicode>
                </TextEquiv>
            </TextLine>
            <TextLine id="tr_1_tl_21" custom="readingOrder {index:20;}">
                <Coords points="1001,3009 2183,3059 2430,2990 2585,3059 3253,2990 3052,2878 1001,2894"/>
                <Baseline points="1018,2958 1062,2970 1107,2973 1152,2976 1197,2976 1241,2976 1286,2976 1331,2976 1376,2976 1421,2979 1465,2976 1510,2976 1555,2979 1600,2979 1645,2976 1689,2976 1734,2979 1779,2979 1824,2982 1868,2979 1913,2979 1958,2979 2003,2982 2048,2979 2092,2979 2137,2979 2182,2979 2227,2979 2271,2976 2316,2979 2361,2979 2406,2979 2451,2979 2495,2979 2540,2979 2585,2979 2630,2979 2675,2979 2719,2982 2764,2979 2809,2979 2854,2982 2898,2979 2943,2979 2988,2979 3033,2979 3078,2979 3122,2979 3167,2982 3212,2982 3257,2985 3260,2985"/>
                <TextEquiv>
                    <Unicode>Gusti: Aber ich kann ihn doch nicht verhindern.</Unicode>
                </TextEquiv>
            </TextLine>
            <TextLine id="tr_1_tl_22" custom="readingOrder {index:21;}">
                <Coords points="981,3220 1656,3138 1854,3207 2084,3138 2400,3213 2986,3187 3220,3138 3220,3042 981,3065"/>
                <Baseline points="1000,3122 1044,3128 1089,3128 1134,3131 1179,3131 1224,3131 1268,3128 1313,3131 1358,3131 1403,3128 1447,3128 1492,3131 1537,3131 1582,3134 1627,3134 1671,3134 1716,3134 1761,3134 1806,3134 1851,3134 1895,3134 1940,3134 1985,3134 2030,3131 2074,3134 2119,3134 2164,3134 2209,3134 2254,3134 2298,3134 2343,3131 2388,3131 2433,3131 2477,3131 2522,3131 2567,3131 2612,3131 2657,3134 2701,3134 2746,3134 2791,3137 2836,3134 2881,3134 2925,3131 2970,3131 3015,3131 3060,3131 3104,3131 3149,3131 3194,3128 3227,3131"/>
                <TextEquiv>
                    <Unicode>Frau A.: Sie können, Gusti, Sie könne m. Ich bitte</Unicode>
                </TextEquiv>
            </TextLine>
            <TextLine id="tr_1_tl_23" custom="readingOrder {index:22;}">
                <Coords points="563,3335 3092,3368 3210,3322 3210,3148 2999,3240 2532,3167 563,3240"/>
                <Baseline points="582,3316 618,3313 662,3310 707,3307 752,3304 797,3304 841,3304 886,3304 931,3301 976,3301 1021,3301 1065,3298 1110,3296 1155,3296 1200,3293 1244,3290 1289,3287 1334,3290 1379,3290 1424,3293 1468,3293 1513,3293 1558,3293 1603,3293 1648,3293 1692,3293 1737,3293 1782,3290 1827,3290 1871,3290 1916,3290 1961,3290 2006,3290 2051,3290 2095,3290 2140,3290 2185,3290 2230,3293 2274,3293 2319,3293 2364,3293 2409,3290 2454,3293 2498,3293 2543,3293 2588,3293 2633,3290 2678,3293 2722,3293 2767,3296 2812,3293 2857,3293 2901,3296 2946,3296 2991,3296 3036,3296 3081,3293 3125,3293 3170,3290 3215,3293"/>
                <TextEquiv>
                    <Unicode>Wei herausdt! Sie, ich beschwöro Sie, Ich, eine Frau, einer</Unicode>
                </TextEquiv>
            </TextLine>
            <TextLine id="tr_1_tl_24" custom="readingOrder {index:23;}">
                <Coords points="589,3460 658,3434 724,3451 787,3414 859,3447 932,3441 978,3408 1031,3431 1136,3424 1142,3302 1001,3352 942,3348 879,3306 807,3335 780,3316 761,3332 593,3322"/>
                <Baseline points="606,3415 612,3415 656,3415 701,3415 746,3415 791,3412 835,3412 880,3412 925,3409 970,3409 1015,3406 1059,3403 1104,3400 1149,3400"/>
                <TextEquiv>
                    <Unicode>Ein Kniml</Unicode>
                </TextEquiv>
            </TextLine>
            <TextLine id="tr_1_tl_25" custom="readingOrder {index:24;}">
                <Coords points="1241,3460 2851,3503 3138,3457 3138,3352 1241,3362"/>
                <Baseline points="1259,3433 1304,3436 1349,3442 1394,3445 1439,3445 1483,3445 1528,3448 1573,3448 1618,3448 1662,3448 1707,3448 1752,3448 1797,3448 1842,3448 1886,3445 1931,3445 1976,3445 2021,3445 2065,3445 2110,3445 2155,3445 2200,3445 2245,3448 2289,3445 2334,3445 2379,3445 2424,3445 2469,3445 2513,3445 2558,3448 2603,3445 2648,3445 2692,3445 2737,3445 2782,3448 2827,3445 2872,3448 2916,3448 2961,3448 3006,3445 3051,3445 3095,3448 3140,3448 3146,3448"/>
                <TextEquiv>
                    <Unicode>Mutter, eine, die das Leben kennt, die vo-</Unicode>
                </TextEquiv>
            </TextLine>
            <TextLine id="tr_1_tl_26" custom="readingOrder {index:25;}">
                <Coords points="629,3615 662,3618 711,3579 764,3612 932,3539 1083,3533 1083,3424 988,3414 896,3457 764,3424 724,3454 626,3454"/>
                <Baseline points="644,3510 689,3513 734,3513 779,3513 824,3513 868,3513 913,3513 958,3513 1003,3516 1047,3516 1092,3516"/>
                <TextEquiv>
                    <Unicode>rompiel</Unicode>
                </TextEquiv>
            </TextLine>
            <TextLine id="tr_1_tl_27" custom="readingOrder {index:26;}">
                <Coords points="1245,3605 2232,3661 2486,3602 2884,3674 3306,3605 3306,3467 1245,3457"/>
                <Baseline points="1262,3600 1298,3600 1343,3597 1388,3597 1433,3597 1477,3597 1522,3597 1567,3597 1612,3600 1656,3600 1701,3600 1746,3600 1791,3600 1836,3600 1880,3600 1925,3600 1970,3600 2015,3597 2060,3597 2104,3600 2149,3600 2194,3600 2239,3597 2283,3600 2328,3600 2373,3600 2418,3600 2463,3600 2507,3597 2552,3597 2597,3597 2642,3597 2686,3597 2731,3597 2776,3597 2821,3597 2866,3600 2910,3600 2955,3600 3000,3600 3045,3597 3090,3597 3134,3597 3179,3597 3224,3597 3269,3597 3313,3597"/>
                <TextEquiv>
                    <Unicode>raussieht, die ihn, Sie, meinen Mann, mich sel¬</Unicode>
                </TextEquiv>
            </TextLine>
            <TextLine id="tr_1_tl_28" custom="readingOrder {index:27;}">
                <Coords points="1251,3793 1913,3865 2176,3753 3230,3813 3174,3612 2888,3678 1939,3615 1630,3678 1251,3605"/>
                <Baseline points="1268,3749 1313,3749 1358,3749 1403,3752 1447,3752 1492,3752 1537,3749 1582,3752 1627,3749 1671,3752 1716,3752 1761,3752 1806,3752 1851,3749 1895,3749 1940,3749 1985,3746 2030,3749 2074,3749 2119,3746 2164,3743 2209,3743 2254,3746 2298,3746 2343,3746 2388,3746 2433,3746 2477,3746 2522,3746 2567,3746 2612,3743 2657,3743 2701,3743 2746,3743 2791,3743 2836,3740 2881,3743 2925,3740 2970,3740 3015,3740 3060,3743 3104,3740 3149,3740 3194,3740 3239,3740"/>
                <TextEquiv>
                    <Unicode>ber bewahren will vor den unberechenbaren</Unicode>
                </TextEquiv>
            </TextLine>
        </TextRegion>
    </Page>
</PcGts>
