3720 4088
991 528 1917 733 Mutter, Gusti, Erika.
994 647 2496 872 Erika: Guten Abend, Frau Wagner.
988 834 3229 1021 Mutter: Grüss Sie Gott, Fräuln Erika. Sie müssen
1285 973 3214 1184 schon so gut sein mich zu entschuldigen.
1291 1145 2641 1324 ich muss gleich wieder fort.
973 1294 3347 1537 Ertha : Ja, ja, es gibt viel zu tun so knarp vor der
1255 1448 2329 1605 Abreise, das weiss ich.
1457 1546 2496 1659 die Jahrer dort wicht schon.
967 1597 2778 1786 Mutter: Fahren Sie auch schon morgen?
959 1691 3338 1893 Ertha: Nein, ich muss erst am vierten September in
1249 1902 3149 2074 Frankfurt eintreffen.Wissen Sie bei den
1252 2048 2246 2243 grösseren Theatern —
959 2205 2321 2430 Gusti: Geh, tu Dir nichts an.
947 2327 3333 2516 Mutter: Na ja,Frankfurt,das ist schon was andores
1249 2490 3327 2694 als Salzburg.Die Städte in Deutschland sind
1243 2656 3324 2816 ja überhaupt grösser als bei uns.Also adieu
1232 2772 3285 2994 Fräulein Erika (Vielleicht sind Sie noch da,
1229 2970 2460 3154 venn ich nach Haus komme.
1279 3098 3217 3306 Glaub nicht. Vielmehr möcht ich mir sogar
932 3175 1229 3335 Er ikas
1223 3232 3163 3475 die Gusti ausborgen, ob sie nicht bei uns
1223 3451 3232 3656 nachtmahlen möcht.Die Mann würde sich sehr
1220 3608 1564 3757 freuen.
