3816 4088
3102 300 3232 423 22
1143 494 3625 732 Franz: Ja, wovon denn? Da man für Kollegienschuäntzen
1424 680 3365 853 keinen Gehalt bezieht.Uebrigens fünf bis
1443 834 2827 976 sechs Wochen reicht's gewiss.
1134 970 3275 1168 Gusti: Und dann wirst Du per Schub nach Wien
1428 1128 1860 1338 spediert.
1122 1307 3300 1477 Franz: Wenn das geschehen sollte,mein Schatz,
1418 1471 3353 1604 bring ich Dich jedenfalls vorher um Also
1421 1585 3587 1771 brauchst Du Dir über diese Eventualität keine
1409 1764 2330 1934 Gedanken zu madhen.
1106 1792 3594 2123 Gustis Also Spass bei Seite Du bildest Dir wirklich
1400 2064 3380 2216 ein, dass Du Dich dort mit Lektionen fort-
1394 2209 2095 2398 bringen wirst?
1452 2370 3418 2555 Grösstente ils.Aber damitsind meine Hilfs-
1103 2367 1394 2515 Franz-
1397 2457 3424 2657 quellen durchaus nicht erschöpft. Ich werde
1390 2654 3384 2861 auch humortslische Vorträge halten.Weisst
1369 2815 3377 3003 Du in Vereinen.O,Du hast keine Ahnung,vie
1378 2908 3328 3133 man über mich lachen kann.— Und dann, die
1363 3133 3254 3303 mama wird mich nicht verhungern lassen.
1094 3248 3081 3421 Gus ti: Deine Mama hat doch selber nichts.
1088 3421 3362 3597 Franz: Vormögen keins, aber das Wirtschaftsgeld.
1372 3578 3464 3773 Und da ich nicht mehr zu Haus bin und nicht
