<?xml version="1.0" encoding="UTF-8" standalone="yes"?>
<PcGts xmlns="http://schema.primaresearch.org/PAGE/gts/pagecontent/2013-07-15" xmlns:xsi="http://www.w3.org/2001/XMLSchema-instance" xsi:schemaLocation="http://schema.primaresearch.org/PAGE/gts/pagecontent/2013-07-15 http://schema.primaresearch.org/PAGE/gts/pagecontent/2013-07-15/pagecontent.xsd">
    <Metadata>
        <Creator>prov=READ-COOP:name=TrHtr:version=2.1.0:model_id=51170:date=15_08_2023_01:39</Creator>
        <Created>2023-05-10T15:02:56.236+02:00</Created>
        <LastChange>2023-08-15T01:39:21.998+02:00</LastChange>
        <TranskribusMetadata docId="1428748" pageId="55429379" pageNr="69" tsid="132836315" status="IN_PROGRESS" userId="64420" imgUrl="https://files.transkribus.eu/Get?id=DJRYHIKJYECQWWLTIZHQDZTU&amp;fileType=view" xmlUrl="https://files.transkribus.eu/Get?id=RTUFQQAEMTTNRZURTWKFVAIR" imageId="44703452"/>
    </Metadata>
    <Page imageFilename="1428748_0069.jpg" imageWidth="3896" imageHeight="4136">
        <ReadingOrder>
            <OrderedGroup id="ro_1711806868998" caption="Regions reading order">
                <RegionRefIndexed index="0" regionRef="tr_2"/>
                <RegionRefIndexed index="1" regionRef="tr_1"/>
            </OrderedGroup>
        </ReadingOrder>
        <TextRegion id="tr_2" custom="readingOrder {index:0;}">
            <Coords points="1092,382 3658,382 3658,1224 1092,1224"/>
            <TextLine id="tr_2_tl_1" custom="readingOrder {index:0;}">
                <Coords points="3265,489 3288,495 3304,489 3313,502 3332,498 3358,508 3368,498 3406,498 3409,355 3339,355 3313,342 3300,351 3288,342 3265,345"/>
                <Baseline points="3282,432 3327,435 3372,432 3416,432"/>
                <TextEquiv>
                    <Unicode>64</Unicode>
                </TextEquiv>
            </TextLine>
            <TextLine id="tr_2_tl_2" custom="readingOrder {index:1;}">
                <Coords points="1495,636 3649,652 3649,521 3495,492 1495,527"/>
                <Baseline points="1512,599 1557,599 1602,602 1647,602 1692,602 1736,602 1781,599 1826,602 1871,599 1915,599 1960,599 2005,599 2050,596 2094,596 2139,599 2184,599 2229,599 2273,599 2318,599 2363,599 2408,599 2452,599 2497,599 2542,599 2587,602 2632,602 2676,602 2721,602 2766,602 2811,602 2855,602 2900,602 2945,602 2990,605 3034,602 3079,602 3124,599 3169,602 3213,602 3258,602 3303,602 3348,599 3392,599 3437,599 3482,599 3527,602 3572,599 3616,599 3658,599"/>
                <TextEquiv>
                    <Unicode>so gewiss? Da sieht man,wie ein junger Mensch</Unicode>
                </TextEquiv>
            </TextLine>
            <TextLine id="tr_2_tl_3" custom="readingOrder {index:2;}">
                <Coords points="1492,821 1732,776 2016,840 2099,808 2489,831 2562,812 2566,697 1495,693"/>
                <Baseline points="1509,752 1539,752 1584,754 1629,754 1674,754 1718,754 1763,757 1808,752 1853,752 1897,752 1942,749 1987,749 2032,749 2076,749 2121,749 2166,752 2211,752 2256,752 2300,752 2345,752 2390,752 2435,752 2479,752 2524,752 2569,749"/>
                <TextEquiv>
                    <Unicode>eingebildet sein kann.</Unicode>
                </TextEquiv>
            </TextLine>
            <TextLine id="tr_2_tl_4" custom="readingOrder {index:3;}">
                <Coords points="1086,994 3294,981 3467,943 3467,837 1086,840"/>
                <Baseline points="1104,895 1148,898 1193,904 1238,904 1283,907 1327,904 1372,904 1417,901 1462,898 1506,904 1551,907 1596,907 1641,907 1686,910 1730,910 1775,907 1820,907 1865,907 1909,904 1954,904 1999,904 2044,904 2088,904 2133,907 2178,904 2223,907 2267,907 2312,907 2357,907 2402,907 2446,907 2491,904 2536,904 2581,904 2626,904 2670,904 2715,904 2760,904 2805,907 2849,907 2894,907 2939,910 2984,907 3028,910 3073,910 3118,907 3163,907 3207,907 3252,907 3297,907 3342,907 3386,907 3431,907 3476,907 3479,904"/>
                <TextEquiv>
                    <Unicode>Franz: Wiel Ja, wo bin ich denn? Was soll denn das?</Unicode>
                </TextEquiv>
            </TextLine>
            <TextLine id="tr_2_tl_5" custom="readingOrder {index:4;}">
                <Coords points="1463,1134 2141,1089 2272,1153 2460,1096 2738,1150 2738,990 2157,1006 1898,962 1697,1006 1463,949"/>
                <Baseline points="1480,1050 1524,1050 1569,1056 1614,1056 1659,1059 1703,1059 1748,1059 1793,1059 1838,1059 1882,1059 1927,1059 1972,1059 2017,1059 2062,1056 2106,1059 2151,1059 2196,1056 2241,1059 2285,1059 2330,1062 2375,1062 2420,1056 2464,1059 2509,1059 2554,1056 2599,1056 2643,1056 2688,1056 2733,1056 2745,1056"/>
                <TextEquiv>
                    <Unicode>Auch nicht einmal geliebt?</Unicode>
                </TextEquiv>
            </TextLine>
            <TextLine id="tr_2_tl_6" custom="readingOrder {index:5;}">
                <Coords points="1074,1288 3339,1300 3339,1150 3205,1115 2083,1173 1074,1077"/>
                <Baseline points="1092,1205 1136,1205 1181,1208 1226,1211 1271,1211 1316,1211 1360,1211 1405,1208 1450,1208 1495,1211 1539,1211 1584,1214 1629,1214 1674,1214 1718,1211 1763,1211 1808,1214 1853,1211 1897,1211 1942,1211 1987,1211 2032,1208 2076,1211 2121,1208 2166,1208 2211,1208 2256,1208 2300,1208 2345,1208 2390,1208 2435,1208 2479,1205 2524,1205 2569,1208 2614,1208 2658,1205 2703,1205 2748,1205 2793,1205 2837,1205 2882,1208 2927,1205 2972,1208 3016,1208 3061,1208 3106,1208 3151,1208 3196,1208 3240,1208 3285,1208 3330,1211 3348,1211"/>
                <TextEquiv>
                    <Unicode>Gusti: Geliebt. Gern gehabt hab ich Dich schon.</Unicode>
                </TextEquiv>
            </TextLine>
        </TextRegion>
        <TextRegion id="tr_1" custom="readingOrder {index:1;}">
            <Coords points="981,1301 3563,1301 3563,3698 981,3698"/>
            <TextLine id="tr_1_tl_1" custom="readingOrder {index:0;}">
                <Coords points="1447,1399 3272,1425 3457,1383 3457,1278 1447,1297"/>
                <Baseline points="1465,1351 1509,1357 1554,1360 1599,1363 1644,1363 1689,1366 1733,1363 1778,1363 1823,1363 1868,1363 1912,1363 1957,1366 2002,1363 2047,1366 2091,1369 2136,1369 2181,1366 2226,1366 2270,1363 2315,1366 2360,1363 2405,1363 2449,1363 2494,1363 2539,1360 2584,1363 2629,1363 2673,1363 2718,1366 2763,1363 2808,1363 2852,1366 2897,1366 2942,1366 2987,1366 3031,1366 3076,1366 3121,1366 3166,1366 3210,1366 3255,1366 3300,1363 3345,1366 3389,1363 3434,1360 3464,1363"/>
                <TextEquiv>
                    <Unicode>Aber die Hauptsache war mir doch, dass ich</Unicode>
                </TextEquiv>
            </TextLine>
            <TextLine id="tr_1_tl_2" custom="readingOrder {index:1;}">
                <Coords points="1451,1562 2997,1588 2997,1422 2876,1399 1451,1403"/>
                <Baseline points="1468,1515 1512,1518 1557,1518 1602,1518 1647,1518 1692,1518 1736,1518 1781,1518 1826,1518 1871,1518 1915,1518 1960,1518 2005,1518 2050,1518 2094,1521 2139,1521 2184,1521 2229,1521 2273,1521 2318,1521 2363,1521 2408,1518 2452,1518 2497,1518 2542,1518 2587,1518 2632,1518 2676,1521 2721,1518 2766,1521 2811,1521 2855,1521 2900,1521 2945,1518 2990,1518 3005,1521"/>
                <TextEquiv>
                    <Unicode>meine Rolle schön zu Ende spiel.</Unicode>
                </TextEquiv>
            </TextLine>
            <TextLine id="tr_1_tl_3" custom="readingOrder {index:2;}">
                <Coords points="1051,1767 1189,1783 1262,1738 1367,1751 1591,1690 1754,1728 1885,1693 1997,1719 1997,1588 1895,1556 1403,1626 1364,1591 1198,1626 1051,1588"/>
                <Baseline points="1068,1659 1113,1662 1157,1668 1202,1671 1247,1674 1292,1674 1336,1674 1381,1671 1426,1671 1471,1674 1515,1674 1560,1677 1605,1677 1650,1674 1694,1674 1739,1674 1784,1671 1829,1671 1874,1674 1918,1671 1963,1674 2005,1671"/>
                <TextEquiv>
                    <Unicode>Franz: Deine Rolle?</Unicode>
                </TextEquiv>
            </TextLine>
            <TextLine id="tr_1_tl_4" custom="readingOrder {index:3;}">
                <Coords points="1099,1875 3361,1901 3460,1882 3460,1732 1099,1760"/>
                <Baseline points="1116,1835 1139,1832 1184,1832 1229,1832 1274,1832 1318,1832 1363,1832 1408,1826 1453,1829 1498,1829 1542,1832 1587,1835 1632,1832 1677,1832 1721,1832 1766,1832 1811,1832 1856,1829 1900,1829 1945,1829 1990,1829 2035,1829 2079,1829 2124,1829 2169,1832 2214,1829 2258,1832 2303,1832 2348,1829 2393,1832 2438,1832 2482,1832 2527,1829 2572,1829 2617,1829 2661,1832 2706,1835 2751,1832 2796,1832 2840,1832 2885,1832 2930,1832 2975,1832 3019,1832 3064,1832 3109,1832 3154,1832 3198,1832 3243,1832 3288,1835 3333,1832 3378,1832 3422,1829 3467,1832"/>
                <TextEquiv>
                    <Unicode>Fusti: Und das, das ist mir doch ganz gut gelungen.</Unicode>
                </TextEquiv>
            </TextLine>
            <TextLine id="tr_1_tl_5" custom="readingOrder {index:4;}">
                <Coords points="1904,1917 1962,1911 2006,1927 2035,1907 2058,1923 2080,1907 2102,1917 2125,1907 2182,1914 2211,1943 2268,1927 2265,1872 2157,1863 2131,1879 2074,1853 2038,1875 1975,1831 1946,1831 1901,1856"/>
                <Baseline points="1921,1900 1966,1900 2011,1900 2056,1903 2100,1900 2145,1900 2190,1900 2235,1903 2276,1906"/>
                <TextEquiv>
                    <Unicode>mt cin-</Unicode>
                </TextEquiv>
            </TextLine>
            <TextLine id="tr_1_tl_6" custom="readingOrder {index:5;}">
                <Coords points="1409,2042 3192,2058 3339,2042 3339,1904 1409,1933"/>
                <Baseline points="1426,1969 1471,1975 1515,1978 1560,1981 1605,1981 1650,1981 1694,1981 1739,1984 1784,1984 1829,1981 1874,1981 1918,1981 1963,1984 2008,1981 2053,1984 2097,1981 2142,1981 2187,1984 2232,1984 2276,1984 2321,1981 2366,1981 2411,1978 2455,1978 2500,1978 2545,1978 2590,1978 2634,1978 2679,1978 2724,1978 2769,1978 2814,1978 2858,1981 2903,1981 2948,1981 2993,1978 3037,1981 3082,1978 3127,1978 3172,1978 3216,1978 3261,1978 3306,1978 3342,1981"/>
                <TextEquiv>
                    <Unicode>Du hättest doch geschworen, dass ich ein</Unicode>
                </TextEquiv>
            </TextLine>
            <TextLine id="tr_1_tl_7" custom="readingOrder {index:6;}">
                <Coords points="1431,2173 3556,2131 3530,2038 1431,2038"/>
                <Baseline points="1450,2127 1495,2130 1539,2130 1584,2130 1629,2130 1674,2133 1718,2133 1763,2136 1808,2133 1853,2133 1897,2133 1942,2130 1987,2133 2032,2130 2076,2133 2121,2130 2166,2130 2211,2130 2256,2133 2300,2133 2345,2133 2390,2130 2435,2130 2479,2130 2524,2130 2569,2133 2614,2133 2658,2133 2703,2133 2748,2130 2793,2133 2837,2130 2882,2130 2927,2133 2972,2133 3016,2133 3061,2130 3106,2130 3151,2127 3196,2127 3240,2127 3285,2127 3330,2127 3375,2124 3419,2124 3464,2124 3509,2124 3554,2127 3563,2130"/>
                <TextEquiv>
                    <Unicode>braves, treues Mädel bin,Du wärs t doch durchs</Unicode>
                </TextEquiv>
            </TextLine>
            <TextLine id="tr_1_tl_8" custom="readingOrder {index:7;}">
                <Coords points="1409,2336 1837,2310 2051,2348 2189,2310 2572,2364 2572,2214 2447,2192 2377,2227 1409,2227"/>
                <Baseline points="1426,2279 1471,2279 1515,2279 1560,2282 1605,2282 1650,2282 1694,2282 1739,2285 1784,2282 1829,2282 1874,2282 1918,2285 1963,2285 2008,2285 2053,2282 2097,2282 2142,2282 2187,2285 2232,2282 2276,2282 2321,2282 2366,2279 2411,2282 2455,2282 2500,2282 2545,2279 2581,2279"/>
                <TextEquiv>
                    <Unicode>Feuer gegangen für mich.</Unicode>
                </TextEquiv>
            </TextLine>
            <TextLine id="tr_1_tl_9" custom="readingOrder {index:8;}">
                <Coords points="1022,2460 1077,2431 1118,2460 1147,2470 1169,2457 1208,2483 1230,2460 1262,2476 1329,2463 1323,2342 1217,2329 1195,2352 1169,2342 1147,2355 1016,2348"/>
                <Baseline points="1038,2414 1083,2423 1128,2432 1172,2435 1217,2435 1262,2435 1307,2435 1333,2432"/>
                <TextEquiv>
                    <Unicode>rranz.</Unicode>
                </TextEquiv>
            </TextLine>
            <TextLine id="tr_1_tl_10" custom="readingOrder {index:9;}">
                <Coords points="1377,2463 1875,2527 2409,2467 3300,2518 3300,2367 3016,2329 2834,2390 1377,2352"/>
                <Baseline points="1396,2429 1441,2432 1486,2435 1530,2435 1575,2435 1620,2435 1665,2438 1709,2438 1754,2438 1799,2435 1844,2435 1888,2438 1933,2435 1978,2435 2023,2435 2068,2435 2112,2435 2157,2435 2202,2435 2247,2435 2291,2438 2336,2438 2381,2438 2426,2435 2470,2435 2515,2435 2560,2435 2605,2435 2649,2435 2694,2435 2739,2438 2784,2438 2828,2438 2873,2441 2918,2438 2963,2438 3008,2438 3052,2438 3097,2438 3142,2441 3187,2438 3231,2438 3276,2438 3309,2441"/>
                <TextEquiv>
                    <Unicode>In dieser Stunde ist's mir als hätt ichs</Unicode>
                </TextEquiv>
            </TextLine>
            <TextLine id="tr_1_tl_11" custom="readingOrder {index:10;}">
                <Coords points="1415,2661 1700,2684 1757,2639 1828,2629 1885,2661 1933,2626 1965,2649 2086,2626 2086,2489 2016,2524 1939,2502 1882,2527 1824,2492 1748,2524 1636,2495 1585,2521 1415,2479"/>
                <Baseline points="1432,2587 1477,2584 1521,2584 1566,2584 1611,2587 1656,2587 1700,2587 1745,2590 1790,2587 1835,2587 1880,2587 1924,2587 1969,2584 2014,2587 2059,2584 2094,2587"/>
                <TextEquiv>
                    <Unicode>immer gewusst.</Unicode>
                </TextEquiv>
            </TextLine>
            <TextLine id="tr_1_tl_12" custom="readingOrder {index:11;}">
                <Coords points="1003,2764 1971,2834 3422,2783 3422,2668 2939,2633 1003,2658"/>
                <Baseline points="1020,2733 1065,2736 1110,2742 1154,2742 1199,2742 1244,2742 1289,2742 1333,2739 1378,2739 1423,2742 1468,2742 1512,2742 1557,2742 1602,2742 1647,2742 1692,2742 1736,2742 1781,2742 1826,2739 1871,2739 1915,2739 1960,2739 2005,2739 2050,2739 2094,2739 2139,2739 2184,2739 2229,2739 2273,2739 2318,2739 2363,2742 2408,2742 2452,2742 2497,2739 2542,2739 2587,2739 2632,2739 2676,2739 2721,2739 2766,2739 2811,2739 2855,2742 2900,2742 2945,2742 2990,2742 3034,2742 3079,2745 3124,2745 3169,2742 3213,2742 3258,2742 3303,2742 3348,2745 3392,2745 3431,2748"/>
                <TextEquiv>
                    <Unicode>Gusti: Aber keine Spur.Gar nichts hast Du gewusst.</Unicode>
                </TextEquiv>
            </TextLine>
            <TextLine id="tr_1_tl_13" custom="readingOrder {index:12;}">
                <Coords points="1371,2943 3217,2984 3483,2949 3483,2789 1371,2840"/>
                <Baseline points="1387,2891 1432,2894 1477,2897 1521,2897 1566,2897 1611,2897 1656,2897 1700,2897 1745,2894 1790,2894 1835,2894 1880,2894 1924,2891 1969,2891 2014,2891 2059,2891 2103,2891 2148,2891 2193,2891 2238,2891 2282,2894 2327,2891 2372,2891 2417,2891 2461,2891 2506,2891 2551,2891 2596,2891 2640,2894 2685,2894 2730,2894 2775,2894 2820,2894 2864,2894 2909,2894 2954,2894 2999,2894 3043,2894 3088,2891 3133,2891 3178,2894 3222,2894 3267,2894 3312,2894 3357,2894 3401,2894 3446,2891 3491,2894"/>
                <TextEquiv>
                    <Unicode>Na ja,wenn's schon aus ist,so lass mir doch</Unicode>
                </TextEquiv>
            </TextLine>
            <TextLine id="tr_1_tl_14" custom="readingOrder {index:13;}">
                <Coords points="1371,3086 3460,3102 3460,2968 3345,2946 1371,2943"/>
                <Baseline points="1387,3046 1432,3046 1477,3049 1521,3049 1566,3052 1611,3049 1656,3049 1700,3049 1745,3046 1790,3046 1835,3046 1880,3046 1924,3046 1969,3046 2014,3046 2059,3046 2103,3046 2148,3046 2193,3046 2238,3046 2282,3046 2327,3046 2372,3046 2417,3043 2461,3043 2506,3046 2551,3043 2596,3046 2640,3046 2685,3046 2730,3046 2775,3049 2820,3046 2864,3046 2909,3046 2954,3046 2999,3049 3043,3046 3088,3046 3133,3046 3178,3046 3222,3046 3267,3049 3312,3046 3357,3046 3401,3043 3446,3043 3467,3046"/>
                <TextEquiv>
                    <Unicode>wenigstens die Freud und sag mir, dass ich's</Unicode>
                </TextEquiv>
            </TextLine>
            <TextLine id="tr_1_tl_15" custom="readingOrder {index:14;}">
                <Coords points="1371,3265 1524,3243 1671,3316 2367,3246 2713,3297 2904,3233 3064,3256 3064,3160 1371,3169"/>
                <Baseline points="1387,3198 1432,3198 1477,3198 1521,3201 1566,3201 1611,3201 1656,3201 1700,3201 1745,3201 1790,3201 1835,3201 1880,3201 1924,3201 1969,3204 2014,3204 2059,3201 2103,3201 2148,3198 2193,3198 2238,3198 2282,3198 2327,3198 2372,3198 2417,3198 2461,3198 2506,3198 2551,3196 2596,3198 2640,3198 2685,3198 2730,3198 2775,3198 2820,3198 2864,3198 2909,3196 2954,3198 2999,3198 3043,3201 3073,3201"/>
                <TextEquiv>
                    <Unicode>zu was bringen werd in meinem Fach.</Unicode>
                </TextEquiv>
            </TextLine>
            <TextLine id="tr_1_tl_16" custom="readingOrder {index:15;}">
                <Coords points="1026,3361 1083,3380 1323,3368 1457,3422 1537,3384 1588,3428 1629,3428 1629,3256 1582,3268 1518,3243 1457,3288 1348,3265 1262,3304 1169,3262 1093,3291 1026,3265"/>
                <Baseline points="1044,3354 1089,3357 1133,3357 1178,3357 1223,3357 1268,3354 1313,3354 1357,3354 1402,3357 1447,3354 1492,3357 1536,3357 1581,3357 1626,3357 1635,3357"/>
                <TextEquiv>
                    <Unicode>ranz: Gusti!</Unicode>
                </TextEquiv>
            </TextLine>
            <TextLine id="tr_1_tl_17" custom="readingOrder {index:16;}">
                <Coords points="965,3594 1815,3530 3118,3607 3524,3569 3527,3355 1863,3467 968,3419"/>
                <Baseline points="981,3503 984,3503 1029,3509 1074,3512 1119,3512 1163,3515 1208,3512 1253,3509 1298,3509 1342,3509 1387,3509 1432,3512 1477,3512 1521,3512 1566,3512 1611,3509 1656,3506 1700,3509 1745,3506 1790,3506 1835,3506 1880,3506 1924,3506 1969,3506 2014,3503 2059,3503 2103,3503 2148,3503 2193,3503 2238,3503 2282,3503 2327,3503 2372,3503 2417,3503 2461,3503 2506,3506 2551,3506 2596,3503 2640,3500 2685,3503 2730,3503 2775,3503 2820,3503 2864,3503 2909,3500 2954,3503 2999,3500 3043,3500 3088,3500 3133,3497 3178,3491 3222,3491 3267,3494 3312,3491 3357,3494 3401,3494 3446,3497 3491,3497 3536,3497"/>
                <TextEquiv>
                    <Unicode>Gusti: Also hätte jetzt hab ich nur noch eine Bitte.</Unicode>
                </TextEquiv>
            </TextLine>
            <TextLine id="tr_1_tl_18" custom="readingOrder {index:17;}">
                <Coords points="1336,3703 3300,3764 3553,3697 3553,3601 1336,3610"/>
                <Baseline points="1354,3679 1363,3679 1408,3679 1453,3685 1498,3685 1542,3688 1587,3688 1632,3688 1677,3685 1721,3682 1766,3685 1811,3679 1856,3679 1900,3676 1945,3679 1990,3679 2035,3679 2079,3676 2124,3676 2169,3676 2214,3676 2258,3676 2303,3676 2348,3673 2393,3673 2438,3673 2482,3673 2527,3673 2572,3673 2617,3670 2661,3670 2706,3670 2751,3670 2796,3670 2840,3667 2885,3667 2930,3667 2975,3664 3019,3661 3064,3661 3109,3658 3154,3655 3198,3658 3243,3658 3288,3658 3333,3658 3378,3658 3422,3661 3467,3658 3512,3661 3557,3658"/>
                <TextEquiv>
                    <Unicode>Das hab ich Dir auch schreiben wollen. Streich</Unicode>
                </TextEquiv>
            </TextLine>
        </TextRegion>
    </Page>
</PcGts>
