3848 4120
3177 427 3308 574 43
1425 567 3535 758 Folgen eines dummen Jungen ‘tretches. Ich be¬
1428 698 2076 876 schwöre Sie —
1122 817 2690 1054 Gusti“ Ja, was soll ich denn tun?
1624 982 2301 1088 Cornunli Mider
1116 1038 3342 1222 Frau A.: Bin ich nicht deutlich genug gewesen?
1107 1144 2759 1384 Gusti: Er bringt sich um und mich.
1100 1297 3439 1577 Frau A.: Darüber bin ich ruhig. Meinen Franz kenn
599 1356 1076 1612 Aber last
1384 1450 1615 1655 ton.
1752 1534 1864 1662 dr
1094 1559 3604 1805 Gusti: Aber ich bring ihn um, wenn er mir's glaubt...
1076 1768 3379 1992 Frau A.: Werden Sie es auch den Leuten übel neh¬
1337 1927 3423 2098 men, die es Ihnen im Theater glauben werden,
2185 2061 2653 2164 veremsfer
1328 2067 3576 2254 wenn Sie eine betrügerische Frauensporcon dar¬
1334 2213 2148 2441 zustellen ha ben?
1051 2344 3457 2612 Gustt' Sowds verd' ich nie spielen können.Des russ
1316 2516 2207 2740 man in sich haben.
1051 2700 3342 2924 Frau “. : Das haben wir alle in uns, Gusti, alle. Es
1297 2881 3230 3071 kommt nur nicht jede in die Gelegenheit.
1281 2993 3342 3233 dass sie's merkt.Geradeso wie wir alle das
1278 3174 3457 3326 Engerl in uns haben, das den Einen, den Gelieb-
2750 3292 2934 3382 Han
1275 3298 3411 3495 ten für ewig glücklich machen will. Freilich,
1259 3448 3255 3663 auch in die Gelegenheit kommt nicht jede,
1247 3601 3223 3853 das zu merhen. Sie haben's erlebt, das ist
