6744 4264
1063 276 2808 591 Sarke. I fl had on
1010 578 2841 890 avit in der Rolle.
917 837 2831 1209 with dre. On it
937 1096 2668 1439 bericht will. Un
967 1266 3027 1681 in de Verhehr... Pho
944 1542 3087 1930 in Berlt Lett. at last.
914 1907 2621 2226 Utut lutte...
864 2103 3014 2515 theire nay. A.D.A.
861 2405 2864 2871 de hat id in d
920 2708 2808 3053 trichle. ein gi a Hote
867 2924 2778 3372 gebeschrieb.. 40 ct
874 3150 2914 3631 for Art abstes he.
904 3429 2871 3784 be Tige. So wol in vis
993 3688 2960 4020 was over from here.
3512 216 6190 684 sei 74 Kriegs im Le d Geburt 21
3482 581 5755 917 aber lavie et hoffentlich hat
3495 791 5828 1316 inme achs ce eul t, a bien
3522 1123 4173 1459 lls.
3602 1339 5632 1665 Ulrit.  Un celui en sti en
3582 1515 5937 2020 Yorbe. a Hotel sober août
3538 1807 5618 2259 but. Dr. Last Cents scct.
3897 1993 6353 2532 tul de jage Mr 80 Guld.
3535 2309 5838 2907 bucht und nellen fleut
3575 2595 6010 3107 in en uobes Hotelerit Re-
3528 2930 5808 3369 absterge i 6 a..  Aod uit
3562 3213 5728 3658 de 80 frl verp ausgeh
3678 3465 6070 3861 verwenden k.k. ein.
