3800 4120
3099 427 3225 555 41
1387 479 3443 715 hausschieben, dann endet’s in Ehel und Hass
1381 678 3422 825 Glauben Sie mir, Fräulein Gusti und umso si¬
2225 813 2777 930 and wereres.
1372 810 3373 1034 chorer endet’s so,je tiefer die Liebe var.
1375 985 1765 1163 (Pauss).
1053 1111 1378 1350 Gusti:
1409 1139 3468 1341 (noch ziemlich stark) Er wird nicht von mir
543 1188 835 1439 5.39
1347 1338 1712 1458 lassen.
918 1421 3385 1685 4. Frau A. : Das hängt nur von Ihnen ab, bestimmt, nur
605 1476 887 1654 Zuck
1347 1623 1835 1814 von Ihnen.
651 1620 1003 1807 Yours & if
1056 1780 3167 1970 Gusti: Ich kann ihn doch nicht —Wie soll ich
635 1780 829 1918 Mr
1332 1930 3293 2108 denn — Und ich will nicht Nein, ich halt’s
1313 2099 3382 2274 ja ohne ihn nicht aus.Wenn er nichtt kormt,
1660 2188 2274 2298 will die that
2308 2216 2964 2434 .. 20 hinütter
1323 2262 2216 2427 so geh ich durch...
470 2252 856 2480 Tis voll
2802 2329 3069 2446 we is
1019 2369 1326 2519 Frau A
1363 2415 3431 2584 : Das werden Sie nicht tun,es sei denn, dass
463 2437 813 2572 & uur
1301 2553 3238 2722 es Ihnen mit der ganzen Theaterspielerei
457 2516 936 2704 It ist via
2099 2590 3590 2734 like in wolle ja talen haben - Eisli hero
463 2658 868 2823 andern
1286 2707 3317 2882 nicht Ernst wäre. Ja dann, dann könnten Sie
1234 2863 3152 3032 sich ja einen Beruf wählen, der Sie hier
1280 2974 3204 3167 hält, Telephonisin oder Wirtschafterin, da
1274 3133 3336 3351 gibt's ja auch verhältnismässig weniger Ge¬
1264 3308 3320 3465 fahren in jeder Weise, da kann ja dann wirk-
1237 3446 3216 3640 lich mit der Zeit eine Ehe daraus werden.
988 3649 3231 3827 Gusti: Auf die Ehe pfeif ich, Sie entschuldigen,
