3816 4120
3203 513 3336 612 45
1472 667 3604 860 Fräulein Gust.In diesem Brief an mich, da ist
1475 784 2313 962 irgendwo ein Ton
1170 899 1728 1098 Gustt: Wie?
1188 1098 3559 1291 Frau A. : Nicht als wenn er für die Gegenwart einen
1442 1255 3378 1397 Zweifel hätte,aber - er sagt’s natürlich
1430 1421 3366 1553 nicht klar heraus,aber es steht irgendso
1424 1547 3454 1710 drin,- ich weiss nicht wie derSatz wörtlich
1894 1674 2172 1761 or will
1421 1737 3309 1888 lautet — Ich kann das junge Geschöpf de
1409 1879 3402 2057 draussen in der Welt nicht allein lassen
1728 1973 2184 2075 die belosten
1104 2015 2329 2181 Gustt: Jaja, das kenn ich.
1101 2126 3457 2338 Frau A.: Er hat Angst um Sie.Er ist eifersüchtig.
1372 2295 2781 2500 Er hillt alleriet fir möglich.
1086 2446 3366 2657 Gusti Ich kann nichts dafür,me inerseel. Ich hab
1378 2624 3339 2835 Ihm nie einen Grund gegeben, so wahr ich —
1095 2787 3523 2968 rau“.: Ja, das glaub ich Ihnen selbst.Die Wahrheit
1339 2908 3233 3158 zu sagen, ehe ich Sie gesprochen, war ich
1324 3065 3375 3267 nicht so fest durchdrungen. Nun Ja, wir s Tnd
1330 3230 2678 3411 schon so,wir Bürgersfrauen.
2250 3366 2645 3460 ever he
1035 3393 3333 3604 Gusti“ Also veil ich ihn gehört habe denken Sie
1291 3568 3194 3770 Ah, wenn ich sowas geahnt hätte Gut, dass
