3752 4104
1341 545 1732 678 mit uns
1072 663 3425 859 Gusti: Aber nein. Er nachtmahlt da heroben mit mir
1347 816 3353 967 und der Mutter und bringt sich selber soi¬
1341 952 3329 1148 nen Aufschnitt mit.Wir sind halt einfache
1329 1100 2615 1307 Leute madame la princesse.
1045 1217 3473 1476 Er thas Na also, da wünsch ich gute Unterhaltung. Ich
1329 1437 3467 1576 möcht um alles in der Welt nicht zudringlich
1347 1621 3410 1780 sein (Es ist nur schad - ich meine, wir schon
913 1690 1063 1798 trag
729 1687 1319 1895 G zu rencieren.
1344 1717 3413 1886 uns also vielleicht gar nicht mehr.Und wenn
1316 1856 3401 2088 man denkt, dass wir jetzt xxx Jahre beinahe
1332 2058 2636 2247 Tag für Tag zusammen waren
1033 2223 3314 2356 Gusti: Ich komm morgen noch bet Euch vorbei. Ich
1319 2347 3338 2549 muss mich ja auch noch von Detner Nam em¬
1313 2515 1720 2681 pfehlen.
1310 2603 3254 2805 Aber ich bitt Dich-nur keine „mständ'.So
1021 2579 1283 2814 Etka;
1310 2793 3244 2976 eine Abschiedsuisite,'s vär' viel netter
1304 2916 3359 3163 gewesen, so wie ich es mir vorgestellt habe.
1292 3127 3302 3266 Freil ich, wenn Du mit dem Franz allein het.
527 3121 1063 3365 P.D.N.S.
1310 3241 3299 3440 test zusammen sein wollen)— Grüse ihn von
1292 3419 1518 3564 mir.
1021 3519 2744 3736 Gusti: Meine Empfehlung dem Prinzen.
