3832 4088
3001 366 3141 524 23.
1396 494 3317 780 mitess brauch s te weniger und kann mirs
1411 682 1870 866 schicken.
1120 831 3418 997 Gusti: Ja freilich ihrem Ausreisser von Sohn...
1343 983 3519 1194 (wird s to das halbe Wirtschaftsgeld schicken.
3153 1117 3603 1242 dem Elter
1385 1131 3439 1286 Warum Du Dir überhaupt einbildest,dass sie
1376 1319 3391 1524 das so hinnehmen werden, dass sie - tr dann
1390 1519 2838 1623 gar noch Geld schicken werden.
1078 1608 3472 1763 Franz: Sie werden sich eben fügen müssen. Und ver¬
1373 1745 3385 1918 stehen verden ste's auch,uenn’s einmal ge¬
1346 1882 3445 2060 sehehen ist.Die Mama gewisskund die wird's
1355 2138 2531 2308 dem Papa schon erklären.
1075 2239 3350 2448 Gusti: Haft Du ihr denn schon was gesagt? Wetes
1346 2409 2299 2537 sie denn schon was?
1063 2567 3430 2695 Franz: Woher denn?Gott,dass ich irgendste vorban¬
2858 2641 3186 2748 in Han
2239 2650 2474 2754 man
1343 2701 3296 2838 del t bin, das ahnt sie natürlich,aber nitt
1334 2802 3388 3010 wem, das veiss sie nicht.Und was es ist und
1328 2975 3397 3117 dass es sowas Ernstes ist,sowas fürs Leben.
1325 3114 3439 3287 te könnten’s doch auch gar nicht begroffen.
1304 3257 3266 3513 Einem Jungen Menschen von zwetundwanzig
1307 3448 3305 3636 traut man das doch nicht zu, dass er sowie
1313 3585 1909 3784 ernst nimmt.
