3752 4120
1355 541 3387 736 ich bin eher froh, dass der Jean Frederique
1346 721 3287 883 nicht mit mir fort kann. Für die Carriere
1358 856 2653 1037 ist sowas sicher nicht gut.
1049 1013 3408 1190 Gusti: Ah was Carriere was soll denn das schadent
2326 1118 3149 1202 Freilich ausschöner.
1313 1178 3498 1322 Daran liggt’s nicht. Es wär alles ganz schön.
2762 1259 3164 1376 wie Dein
1322 1310 3372 1512 wenn der Franz so retch wäre und—ein Prinz
1947 1415 2040 1502 be
1025 1490 3203 1665 Erika: (Aber) reich? Was falle Dir denn ein? Er
1313 1623 3254 1806 steht ja unter Couratel.Darum kann er ja
1304 1779 3272 1962 nicht fort. Und nebstbei musser ja wieder
1280 1917 2677 2100 (zu seinem Regiment/e innrücken
1010 2055 1304 2266 Gusti.
1337 2091 2611 2287 Zu was für einem Regiment?
995 2107 3293 2413 Er iha: Na das weisst Du nicht. Er hat ja nur Ur¬
1277 2371 3281 2578 laub gehabt für xxxet Jahre mit Karenz der
1271 2551 3161 2735 Gebühren. Da schau einmal her (Armband
1262 2708 2704 2870 mit Medaillon) Gelbe Dragoner.
971 2744 3390 3059 Gusti: Eink hübscher Mensch, er gehört schon in die
1247 2972 1659 3182 Uniform.
944 3182 3354 3333 Ertha: Ja, das sagt sein Onkel auch.Du weisst doch,
1229 3287 3212 3501 er hat sich eine Zett lang eingebtlet,es-
1956 3399 2251 3501 and
1235 3444 3342 3645 würde ich mit einer anderen Carriere gehen.
2599 3618 3158 3786 one deu
941 3612 2521 3816 Gusti' Mit was für einer andern?
