3816 4088
3146 390 3246 586 4
1423 565 3564 783 che Beweise auch einem Andern gegeben hätten.
1094 719 2099 944 Gusti: Gnädige Frau
1126 815 3468 1112 Frau A.: O, ich weiss ja, dass es nie der Fall war,
1412 1033 3518 1233 so sicher ich weiss, dass Sie nach ihm Andere
1401 1198 3511 1444 Liebenwerden.Es ist schon so auf der Welt.
847 1323 1258 1505 anden.
1369 1348 3496 1562 Aber er zittert für Ste,er ist misstrautsch,
1369 1505 3303 1741 er ist etfersilchtig,er würde es glauben.
618 1502 1162 1784 Dr L. Bar et
618 1644 2195 1877 Gusti Nie, nie von mir.
572 1773 3439 2023 teuerl. Frau A.: Wenn Sie es ihm selbst gestehen würden.)
561 1956 3343 2227 1. A. J. cit Gusti: Ich ihm gestehen, dass ich: Aber ich bitt
558 2113 1115 2317 reits - abé -
1351 2109 3375 2349 Sie, gnädige Frau, Sie machen ja einen Narrn
576 2288 1162 2617 des voll. M
1358 2256 3328 2424 aus mir.Da könnt einem ja gleich der Ver-
1348 2417 3400 2581 stand still stehen. Ich, ich soll mich selber
1326 2567 3257 2814 sohlecht machen vor ihm? O nein, nie, nio.
1323 2724 3293 2892 Ich soll ihm die Erinnerung vergiften, nur
1326 2871 3200 3042 damit Sie und Ihr Herr Gemahl ihn schön
1312 3017 3246 3221 zu Haus behalten können. Ah ne in, da haben
1308 3171 3185 3386 Sie sich aber gehörty verrechnet.Da ist
1291 3321 3378 3500 mir schon lieber, der Herr Gemahl mit seinem
1344 3478 3400 3657 kranken Herzen und Sie, gnädige Frau — mein,
1291 3611 3296 3829 nain, ich will nichts Böses sagen Aber (nim¬
