3816 4104
3081 386 3173 548 40
1347 515 3479 718 Gusti, was es heisst als junge Schauspielerin
1344 665 3311 847 in die Provinz hinauszugehen.Es ist immer
1329 796 3407 1009 eine gefährliche Sache, aber am allergefähr-
1320 961 3407 1180 lichsten,wenn man nicht frei hinaus geht. Ich
1308 1156 3392 1278 weiss was davon zu erzählen, Fräulein Gusti.
1296 1254 3452 1449 Ich war auch einmal ein junges Mädel, das zum
1302 1422 2323 1623 Theater gegangen ist.
2272 1449 3365 1691 Beme ja geteft
1027 1563 2823 1778 Gusti: Sie haben damals nicht geliebt
1003 1736 3410 1925 frau A.: Das wollen wir dahingestellt sein lassen.
2233 1844 2724 1943 manckeile
1269 1877 3272 2069 Jedenfalls habe ich viel gesehen so rings
1650 1985 2584 2102 Reich. „solche tichschaften
1275 2030 3233 2233 um mich. Aber dass so eine Geschichte wie
1281 2206 3485 2353 amtschen Ihnen und Franz gut ausgegangen wäre,
1320 2305 2497 2386 das heb ich vie gehen.
1272 2308 3356 2533 das ist nicht vorgekommen so lange die Welt
1269 2479 3341 2706 steht und besonders so lang es Provinzthea-
1257 2670 3188 2802 ter „Schauspielerinnen mit kleinen Gagen,
1242 2793 3473 2937 lumpige Direktoren, reiche Habitués und hübsche
1221 2904 1877 3018 we and pecte
919 2853 1156 3090 erste
1242 2943 3221 3158 Liebhaber gibt. Wenn Sie heute von ihm Ab¬
1230 3131 3278 3299 schied nehmen, Gusti, so bleibt Ihnen beiden
1221 3248 3272 3425 vonigstens eine schöne Erinnerung,wenn Sie
1212 3419 3254 3616 aber den Abschied, der ja doch kommen muss,
1224 3566 3317 3793 sei es in einem Monat oder in seinem Jahr hi¬
