3816 4088
1492 324 1601 497 ntre
3011 344 3132 468 27
1342 489 3291 659 doch nicht bleiben können, schon weil ich
1366 603 3203 792 immer in der ersten Reihe sitzen werde.
1039 751 3406 930 Gustt's Na und dann, wenn Du anfangs t meine Liebha¬
1378 945 3259 1101 ber zu erwürgen, ich meine natürlich die
1319 1048 3347 1236 auf der Bühne, das wird natürlich auch sehr
1316 1216 1828 1395 auffallen.
1016 1381 3150 1528 Franz: Du darüber mach keine Witze. Da bitte
1319 1528 2172 1710 ich aber dringend.
1304 1687 2885 1837 (Ein Schlüssel knarrt im Schloss)
1007 1816 2455 1978 Gusti: Jetzt ist's dte Mutter.
971 2081 2752 2276 Mutter mit Paketen, Marie hinter ihr.
966 2305 3141 2449 Mutter(leicht böhmischer Akzent):Guten Abend.
1266 2464 2414 2629 Guten Abend Herr Doktor.
977 2590 2785 2758 Franz: Ich bin noch immer nich Doktor.
945 2761 3226 2911 mutter: Also kommen S' nur herein.(Rechnung) Sie
1245 2920 3097 3088 milssen schon entschuldigen Herr Doktor.
2208 3014 2711 3123 the Trotte.
1239 3053 2950 3220 oder Herr Arthaber verbessert sich
936 3176 1242 3388 Gusti:
1286 3212 3276 3379 Ich hab nicht so viel bei mir gehabt. (loi-
1233 3341 3162 3512 ser) Könntest mir wirklich manchmal was
1213 3571 1675 3689 dalassen.
