3768 4120
3060 311 3181 457 34.
1331 442 3359 617 rühren. Aber später einmal, wenn Sie an die¬
1328 590 2894 780 sen Besuch zurückdenken werden -
1773 738 2295 860 no credit time.
1047 738 3425 946 Gustt: Also das ist mir ein bisl zu philosophisch,
1319 895 3380 1109 gnädige Frau. Ich bin nämlich eine ganz ein¬
1316 1053 3371 1233 fache Person, wenn ich auch zum Theater geh,
1290 1204 3395 1397 was Sie ja wissen dürften. Mit mir muss man
1296 1361 3419 1506 einfach reden.Also bitte, gnädige Frau, lieber
1296 1536 2654 1714 gleich mit der Farbe heraus.
996 1654 3336 1812 Frau A.: (ein wenig belustigt ohne die Empfindung
1939 1803 2147 1898 two
1293 1841 3359 2010 für die Schwierigheit der Situation zu ver-
1313 2022 3389 2159 lieren) Mir ist, als könnten Sie sich's don¬
1281 2120 1488 2307 ken.
1308 2218 3442 2443 Ich kann mir gar nichts denken,gnädige Frau.
981 2239 1275 2482 Gust 17
1242 2416 3422 2585 Ausserdem möchte ich mir die Bemerkung erlau-
1263 2562 3075 2769 ben, dass Ihr Herr Sohn gleich da sein
1251 2731 3282 2888 dürfte und es vürde Ihnen vielleicht poin-
1251 2891 1758 3060 lich sein
2668 2861 2956 3116 Waper
958 2989 3193 3196 Frau A.: O Zeit haben wir, Fräule in Gusti.Franz
1239 3187 3377 3365 bleibt noch eine gute Weile fort. Das hab ich
1233 3347 3345 3546 schon so arrangiert.Er ptrd im Caféhaus auf¬
2070 3472 2811 3573 is ist kein sifad
1225 3514 3217 3668 gehalten werden. Wir verden einander hier
