3880 4136
3117 409 3225 548 63.
1365 497 3510 744 kommt und mir erzählt, was ich für ein schafs
1365 681 2205 836 kopf gewesen bin.
979 773 3114 1029 Gusti: Nein, nain, nur ein paar Stunden früher.
1359 991 3297 1147 hast Du's erfahren.Heute Nacht hätte ich
1330 1147 3421 1324 Dir geschrieben.Morgen hättest Du den Brief
1343 1286 3225 1533 gehabt.Denn das hätt ich nicht auf mich
1334 1479 3468 1676 genommen, dass Du wegen so einer Person Deine
1311 1581 2347 1780 mutter,Deinen Vater -
919 1736 3462 1923 Franz: Aber so dang Du hier varst hast Du's auf Dich
1305 1881 3228 2062 genommen, hast mich belogen und betroyen.
925 2087 3234 2290 Gusti: Ja,um Gotteswillen was hätte ich denn tun
1289 2198 2531 2398 sollen,wir sind arme Leut.
903 2309 1197 2515 Guste.
906 2490 1181 2588 Franz¬
1232 2445 3266 2667 Gusti, darum verkauft, verhauft - eine virne
1270 2639 3225 2816 habe ich in den Armen gehalten. Ja,varum
1264 2772 3345 2962 dann auch noch ich, varum noch mich ern todri-
1251 2924 3339 3107 gen? Die Andern haben Dich bezahlt und ich
1219 3066 3225 3282 Deine Küsse, Deine Schwüre, alles war Lügel
1226 3218 2505 3434 Und ich war der fürs Herz.
836 3294 1140 3532 Gustts
1185 3364 3301 3567 (in pachsender Freude an ihrem Komödteeptel)
1226 3551 3250 3785 (wie dämonisch hineingehetzt) We isst Du das
