3832 4104
3122 322 3254 529 54.
1346 511 3206 730 Vors tellungen gegeben, meistens aus dem
1334 673 3483 892 Steingretf, sogar vor Leuten, vor Bekamten von
1325 823 3309 1052 Papa. Ich erinnere mich nech- sogar einmal
1337 1022 2085 1187 zum Geburts tag
950 1136 3116 1370 Gustit: Sag mir lieber gleich vorauf Du hinaus
1313 1304 2813 1463 willst, ich bin ein bisl nervös.
935 1436 3200 1641 Franz: Das merk ich.Also kurz und gut, ich werde
1307 1605 3059 1776 mich bei Euch in Salzburg engagteren
1301 1788 1668 1932 lassen.
929 1836 3173 2110 Gusti(lässt den Dechel des Koffers fallen) Wac?
1238 2067 3342 2245 Ja sofort nach meinen Eintreffen begebe ich
917 2097 1211 2266 Franz:
526 2128 814 2281 des ci
1286 2233 2158 2392 mich zum Direktor.
484 2245 889 2473 des toutes
908 2335 3128 2563 Gusti: Und Du meinst, der wird Dich ohnewetters
1277 2536 3260 2708 Geh,Du bist ja - Der hat andere Leute als
1247 2711 1542 2822 Dich.
1229 2822 3306 3029 O, er wird mich nehmen. Mit der Figur, mit dem
877 2843 1178 3050 Franz:
1256 2981 3188 3134 G'sicht. Uebrigens geh ich für den anfang
1250 3134 3143 3272 auch ganz gern als Statist, auch umsonst
1247 3284 1884 3468 als Volontär.
859 3429 3275 3588 Gustl: Ah, umsonst und das nennet Du eine hilfsquel
