3768 4120
2975 394 3119 605 29
1079 489 2660 731 Gusti’ Gar nichts werd ich sehen.
1064 688 3516 893 Ertha: Wiel (Er wird Dich also gar nicht besuchen) Es
1351 847 2006 1033 ist ganz aus.
1070 991 2779 1153 Gus ti: Aus? O nein. Er fahrt mit mir.
1033 1159 1611 1284 Erika: Was?
1052 1278 2370 1477 Gustis Ja,er fahrt mit mir.
1024 1461 3424 1627 Erthat Ja,vie kann er denn daß Er hat doch nichts.
1027 1599 3287 1770 Gustt: Was er braucht das hat er.Da nach Du Dtr
1309 1767 3278 1899 nyr keine Sorgen,Ertha. Ja, das wär so das
1306 1877 3412 2033 richtige, ein Besuch zu Wethnachten und einer
1306 2064 3272 2256 zu Ostern. (Ich käm ja um vor Angst um ihn.
994 2174 3437 2391 Erika Na ja.Da könnt er Dich doch gleich hetraten.
2761 2321 2960 2406 von
1015 2348 3204 2544 usti Heiraten? Soll er vielleicht mit meinen
1266 2513 1975 2706 Gage mitleben?
896 2617 3186 2828 Eritka: Ich habe gemeint, er hat was er braucht.
1018 2825 3437 3021 usti“ Und wenn schon. Deswegen muss ja nicht gleich
1251 2981 3397 3161 getehratet werden und eine Familie gegründet.
948 3137 3299 3348 Ertha: No, wie Du glaubst.Es gehört jedenfalls et-
1235 3259 2042 3455 ne courage dazu.
994 3382 1838 3580 Justi“ Wieso denn?
926 3617 3204 3791 Er tka: Wenn ich denk, nein, ich muss schon sagen,
