3768 4120
2875 377 3324 571 Frau Kruise
1374 419 1808 602 on der thier
1085 477 3525 681 Er iha: Sag (habt’s Ihr was ausgericht?) Wird er denn
1285 659 1793 778 des scènes
1407 659 3230 851 einmal nach Salzburg kommen? - Der Prinz
1374 839 3416 982 wird mich nämlich zu Weihnachten besuchen.
1374 969 3416 1133 Früher kann er nicht.Ja, das ist eine lange
1367 1136 3364 1316 Zeit bis Wethnachten.Aber da für haben wir
1380 1282 3373 1425 auch Beide miteinander ausgemacht g'fragt
1370 1449 1832 1595 wird nix.
1425 1571 2182 1766 Was heisst das?
1088 1559 1367 1793 Gust
1410 1744 3264 1896 Kamst Dir's ja denken.Es ist doch das
1079 1762 1377 1924 Erika:
1367 1878 3318 2045 G'scheidteste.Dadurch werden alle Szenen
1364 2072 3403 2224 vermieden.Auf sowas möchte Dein Franz wohl
1364 2212 2112 2395 nicht eingehen.
1416 2373 3367 2540 Ich möcht wissen,wenn xxxet Menschen sich
1076 2364 1370 2607 Gusti
1361 2528 2334 2695 wirklich gern haben
1061 2674 3394 2829 Ertha: Ich bitt Dich, wir haben uns auch gern. Ich
1361 2796 3370 2993 glaub sogar ganz bestimmt, dass ich nie je-
1340 2935 3258 3148 manden lieber haben werde. Aber deswegen
1352 3118 3258 3312 soll man sich doch nix fragen oder erst
1352 3270 3306 3443 recht nicht,wenn man ein paar Monate von
1352 3388 3285 3571 einander weg ist, sonst müsst man stch ja
1352 3552 3115 3829 furch tbar anlügen. Wirs t schon sehen.
