3912 4168
3142 428 3282 606 17
1083 577 2268 788 Gustt: Doch nicht wieder
1071 760 3362 925 Erika: Ich kann doch nicht wieder.Sagen Sie ihr
1462 934 3453 1068 das,Fräuln Erika,sie kann mir doch gar zu
1445 1080 2416 1217 gut Komödte spielen.
1051 1211 3199 1382 Gustifsieht sie an, dann beginnt sie letse zu
1437 1394 3579 1602 schluchzen, dann immer lauter, bis sie endlich
1428 1528 2434 1665 auf den Boden fällt).
1008 1697 2779 1879 Erika: Gusti! Na also was ist denn?
1105 1994 3136 2276 Nein, besser, sie jetzt mit Cerk
1245 2211 3216 2448 in dem Prinzen verstorben.
1585 2428 3196 2633 to abreud I kind der will
1537 2605 3016 2851 Cituit.. Mr Vormund.
1614 2825 3116 3010 al vin ici coll vid unto
1614 2999 2165 3205 halte:
2528 3428 3513 3759 14/11 25 Durchden
