3768 4104
1103 568 3252 729 Gusti: Ja ja. (es pfetft von unten) Ah, das wir
1392 707 3219 901 die Erika sein.Ja siehst Du Mutter, die
1669 854 1952 979 besser
1383 862 2370 1070 hat's gut getroffen.
1076 990 2992 1225 Mutter: Ist es denn wirklich ein Prinz?
1134 1137 3369 1403 Tus ti(am Fenster): Ja, ein ganz echter. (hinunter
1386 1286 3316 1542 rufend) Komm nur herauf. (zur Mutter) Und
1383 1453 3513 1627 dann ist sie gleich nach Frankfurt engagtert
1719 1605 2115 1716 mit 200!
1386 1625 3435 1808 worden. Ja, es gibt Mädeln, die ein Glück ha¬
1389 1741 3463 1930 ben. Es wär schon schön, wenn der Franz auch
1386 1938 2099 2124 ein Prinz vär.
1486 2104 3266 2268 Wie spät ist es denn? Ja ich muss zum
1084 2060 1436 2268 mutter.
1392 2204 3324 2412 Vormund. Ja richtig,d te Rechnungen.ar hat
1386 2382 3382 2548 mir g'schrieben, ich soll alles mitbringen.
1392 2490 3333 2761 (sucht in der Kommode, nimmt Papiere, noch¬
1389 2706 2975 2878 nungen, Sparkassebuch etc. heraus)
1389 2870 1930 3028 (Es läutet)
1087 2997 3269 3161 Gustilgeht hinzus und öffnet, kommt gleich mit
1378 3136 2077 3338 Erika herein).
