3816 4104
3204 412 3325 562 43.
1424 517 3463 743 haft aus. Und dass xxxet Menschen nach aller
1418 737 3393 921 lei Irrfahrten wieder zu einander zurück-
1407 825 3110 1017 kehren, das ist nicht einmal gar so
1136 963 1396 1136 usti
1446 1042 3396 1186 Ich möchte nur sehr beweifeln, dass mich
2752 1085 3633 1223 reflecie t'oeil u. Hove
1396 1192 3520 1319 dann Ihr Herr Sohn dann noch liebt, besonders
2333 1271 2814 1396 surtchite.
1370 1325 3418 1506 wenn inwischen,wie Sie ja so bestimmt an-
2237 1418 3226 1534 nicht alles in platt
1370 1494 3147 1664 nehmen, gnädige Frau, was passiert ist.
1110 1602 3302 1819 Frau A.: (lächelnd) Ist es nicht merhoürdig, da
1359 1780 3384 1955 stretten wir uns noch immer gewissermassen
1345 1949 3322 2150 herum und s ind doch längs te inverstanden.
1071 2079 2178 2260 usti; Ah, das ist aber
3172 2144 3461 2291 in an
1048 2158 3319 2398 Frau A.: Ueber das Wesentliche, mein toh, also er
1331 2339 3367 2582 nicht von hier fort darf. dass es überhaupt
1319 2517 3393 2695 aus sein muss, dass es ein Unglück wäre, wenn
2376 2650 3141 2737 dawbe sie in
1322 2672 3367 2873 er Ihnen nach führe, kaswissen Sie jetzt ge¬
1314 2850 3305 3023 rade so gut wie ich/Keinen Trotz,Fräuloin
754 2802 1206 3040 H.r. Vaille
743 2997 1189 3116 An vast
1336 2997 3294 3184 Justi. Sie fühlen, dass ich Recht habe, wenn
723 3091 1195 3235 Von wint
1322 3124 3283 3342 ihnen auch das Herz betekt blutet.Aber es
709 3172 1181 3339 or for tell-
1297 3280 3266 3509 ist vielleicht gar nicht übel sich so mit
1280 3438 3356 3633 einem etwas blutenden Herzen in seine Kunst
1271 3624 1777 3791 zu retten.
