3816 4104
2344 425 2560 526 lung
2616 393 3017 558 Auschrift
1429 472 3528 691 gnädige Frau, dass ich so spreche. Aber deswe¬
1432 664 3457 830 gen muss man ja nicht gleich Telephonietin
1423 824 3499 1019 werden. Ich seh wirklich nicht ein, warum man
1411 971 3313 1137 nicht auch bei der Bühne — Es gibt doch
1388 1095 3475 1335 Beispiele, die Anwesenden sind natürlich im¬
1388 1258 2176 1388 mer aus genommen.
1104 1349 3472 1583 Frau A. (umellkürlich lächelnd) Missverstehen sie
1382 1512 3236 1674 mich nicht. Ich halte Sie nicht für ein
1373 1615 3316 1816 Geschöpf. (dem die Gefahr von dieser Seite
1364 1786 3446 1958 droht.) Luxus wird Sie nicht verführerte, ich
1358 1949 3387 2138 halte es sogar für möglich, dass Sie irgend
1352 2114 3336 2273 einmal in fünf, in zehn in filnfzehn Jahren
1343 2247 3392 2424 von der Bühne fortgehen, eine tüchtige Haus-
1329 2368 3177 2583 frau verden. Ja,wenn Sie in zehn Jahren
1323 2513 3360 2731 einem Mann begegnen wie dem Franz oder gar
2474 2669 2958 2787 da leben ist
1323 2675 3304 2888 ihm selber. Ja vor weiss ob Sie nicht noch
1305 2864 3201 3012 einmal mitetnanderglücklich werden — in
1296 3003 2560 3186 zehn oder fünfzehn Jahren.
1016 3168 3245 3351 Gusti’ Sie haben eine Phantaste, gnädige Frau.
1004 3301 3174 3484 lau A.: Oh, Sie ahnen nicht, was für romanhaft###
1264 3443 3257 3593 Sache auf der Welt vorkommen. Und wenn sie
1506 3575 1931 3682 ceschets.
1264 3614 3351 3826 dann passieren, sehen sie gar nicht so roman¬
