3827 4152
2974 488 3116 637 66
1175 584 1920 794 wieder herein.)
1008 770 3496 964 Erika(sehr erregt) Ja,was ist denn? Was gibts denn!
1403 940 3301 1134 Was ist eigentlich voggefallen? Ich hab
1385 1131 3425 1274 nämlich den Franz auf der Treppe getroffen
1388 1249 3320 1419 und sag ihm, wie man halt so red, dass ich
1366 1394 3329 1564 das Bild vom Jean “rederique bei Dir ver¬
1366 1533 1907 1709 gessen hab.
1005 1694 1267 1886 kusti.
1301 1672 3533 1923 Wo ist er? Wartet er?Soll ich hinunter zu thun
949 1879 3295 1994 Erika: So komm doch zu Dir.Er ist schon neg. Ich
1329 2034 3462 2232 versteh ja nichts von der ganzen Geschichte.
1298 2145 2396 2340 Du musst mir erzählen.
930 2331 1221 2451 Gus ti
1264 2284 2436 2501 Ja ja, was hat er gesagt?
903 2476 1227 2603 Erkia:
1289 2479 3243 2652 Also wie ich ihm das erzähl, dass ich das
1286 2634 3101 2773 Bild bei Dir oben vergessen hab,sieht
1283 2773 3410 2971 er mich einen moment lang an und will wieder
1261 2965 3122 3101 herauf zu Dir.Plötzlich auf der Treppe
1261 3067 3246 3233 blebht er stehen. Ich sag Dir, wie ein Ver¬
1258 3243 3193 3422 rückter hat er ausgeschaut,schüttelt den
1236 3403 3329 3570 Kopf und sagt nur:Grüssen Sie die Gustl und
1243 3524 2526 3750 ich komm doch nicht wieder.
