3816 4104
3076 428 3203 581 44
1138 524 2330 780 Gusti’ No ich dank schön.
1115 743 3425 929 Frau A.: Jedenfalls besser, als wenn so allmählig
1407 893 3412 1065 unter falschen Verhältnissen ein Herz zor-
2506 992 2675 1095 Ader
750 899 1344 1152 Adr. e havde
1394 1045 3322 1201 splittert und zerbricht.Nur über das Wie
816 1102 1268 1225 sich sein.
720 1172 1278 1401 was heilm.
1371 1201 2721 1374 müssen wir uns noch einigen.
1069 1344 1377 1547 Gusti
1407 1347 3385 1550 Ich kann nicht. Ich kann ticht. Und es hälf
1361 1477 3319 1706 auch nichts.Er fährt mir ja doch nacht Ja,
607 1646 3276 1885 Na Rauch Sie werden sehen,er führt mir jedenfalls
1095 1819 1610 1988 nach.
730 1805 1055 1971 seuln
2406 1832 2794 1991 atrent
1045 1882 3262 2161 Frau A.: Auch wenn Sie es nicht haben wollen?
581 1935 866 2127 all
1049 2124 3292 2290 Gusti: Aber er wird mir doch nicht glauben, dass
528 2117 966 2283 Pieterbe¬
524 2227 949 2370 11 R. nie
1337 2273 2429 2406 toh’s nicht haben will.
538 2340 903 2509 portell
1460 2356 1938 2466 Es gabe schon.
1022 2403 3282 2605 Frau A.: Wenn er denkt, dass Sie ihn nicht genug
571 2449 916 2678 Ich isl
1308 2575 3252 2765 lieben oder nicht so, wie er’s haben will.
514 2628 946 2828 nécouper
1042 2692 3266 2934 Gustif; Aber wie soll er sich denn das denken.Er
1278 2877 3259 3073 weiss ja, dass ich ihn liebe. Wie noch nie
1274 2997 3282 3219 Na, das muss ich Ihnen ja erst nicht sagen,
1278 3193 1908 3378 gnädige Frau.
1006 3279 3319 3501 rau A.: Ist er wirklich davon überzeugt, dass Sie
1258 3475 3083 3677 ihn so unendlich — se mit Ihrer ganzen
1235 3601 3196 3840 Seele lieben? Ich will Ihnen etwas sagen.
