3480 4280
1125 365 1927 674 Nomeradters
358 743 926 984 Atelien.
427 857 3163 1249 Frau Alterta; in Adelie ihres Mannes¬
423 1191 1094 1459 hin u her.
478 1383 2688 1641 Einarde. kommt. kangeliebte
399 1614 998 1827 Nieuern
403 1783 3114 1958 Linnen mit 3 selen. für u Plan! ich nicht
351 1962 3076 2254 da sov. ich hat alles verkauft, ich sah
382 2134 3101 2430 im sovielleicht kreut vorlassen - es ich noch
368 2354 3142 2643 Ich vorle mich, ist d' mit einer flüsse
440 2571 1786 2849 Ma fällt dir ein?
451 2750 2643 3001 24 last dit nicht mehr da in Königl.
399 2956 2877 3218 man man ist ein einmal so... das B
379 3135 2953 3441 be und auf berufe. Das bis auf E Freunds
416 3379 2756 3706 mit den Geist sein so kald erfüllt
468 3562 2705 3902 b/ - namtweit / Meidll klips
427 3837 1136 4105 man theil
