3416 4136
384 831 2866 1155 In den Nachland einen ermorscht, der ein
409 1005 2685 1446 bell habe sollte. Auf seiner Gegen¬
372 1221 2882 1605 fällt der Verdacht. er war die Schmerse
515 1527 2698 1933 Gegners die er that, um eben Bruder
300 1680 525 1870 it
325 1870 1055 2201 zu vellen.
1667 1948 2954 2283 post zu laßen, hier sie, ich
384 2176 1108 2351 das Schwähle
353 2376 1443 2532 ehr macht vorhöhren, liebst
468 2386 2976 2679 Oder gebenken, die die ersehen Handelt, geht zu den
1964 2610 2863 2851 gehört
403 2732 1933 2904 Ihr sie uns einzelnissen, und
390 2929 724 3063 legl. 1.
400 2991 2876 3232 deren? Sie zu ihm (Hedruck der fehlt nur noch so du mein die neu
487 3204 2941 3491 keit. Die Entwurfft ich hier in
453 3260 812 3416 bringt. –
509 3416 2754 3719 ohne geleibt kann. Sie tödtet den
1290 3681 1561 3987 näsige
