3544 4280
282 362 395 540 e
523 369 1428 607 Mar jethls dit an?
338 526 3033 811 u zufain mensseien – aber er drag sich teil in den Ra¬
503 767 1250 985 nicht h. Zeit
268 915 1280 1149 Reich Geschmackt:
550 1116 1605 1374 Macht Hunt Coll
308 1284 1304 1572 Ich mach mehr mehr
623 1478 1119 1733 Precht l.
436 1518 3110 1904 Recht in selbst der sehr gethan auch d kletz.
597 1780 3127 2165 Je. Cusse en Remipi! & libre ich sehrere, meine
2671 1914 3033 2172 ehe
275 2101 1595 2443 Ant. Mtsicht selbst
677 2229 3241 2604 - weil R. doch nicht best - u da ich gleichsel kl.
607 2487 3050 2812 Ich aus der in Ihre Rückhalter - das mit
486 2674 627 2805 e
315 2745 2359 3117 Matosie jes dit fort uni Pampii -
600 2939 2899 3254 eine ich todt ihnen, die sollte hat, das ich nicht
2088 3080 2755 3251 paroque je
1478 3294 1565 3435 "
379 3241 1377 3489 Bei soll? - Thätl.
643 3304 2872 3670 Das gehört di in noch dort kannst. das - f lod
429 3619 1106 3827 nicht.  21
710 3683 2973 3985 Gemacht - ich weit unter ich meintl. t.
546 3911 2175 4132 hof und kaufte all tät tauft,
