3336 4072
280 287 2700 642 ist ein Kur, ein Spielzeug für sie.
1132 568 2760 828 sagt es ihn. Die weit¬
446 564 1064 858 ahlt es. C.
291 632 429 855 17
213 814 2612 1058 ditrag. Ich frag nicht, waren soll
206 1024 2764 1281 wie nicht auchieder, wie mehr kam
193 1304 885 1514 schnelln, ich
189 1477 1267 1767 Sr. M lezuf nicht.
145 1652 2831 1977 kein. Die gefällt nur Zeit. ich das dies nicht
186 1926 1054 2179 nicht mehr als
574 2125 1466 2355 of the lea
226 2149 500 2348 40
226 2264 2936 2564 Den sich nicht nicht er ihn heran! Eicht zu stoff.
193 2494 2632 2771 Ich weiß, nie ließ sel mit seine Wortel
274 2720 1919 3014 dass ich im ganz andrer.
