3528 4280
402 413 508 681 P.
641 438 1020 733 Gel.
560 670 1617 925 ul unter ke serait.
258 707 438 910 L.
254 825 2210 1109 R. Marrit ich doch Zuweis seyn, ist gleich
276 1068 1017 1352 t. wol mit
475 1149 2881 1492 Ich bin nicht bezich, das ein Äugeschlaff
225 1289 350 1492 Fol
236 1319 3205 1728 L. dann könt hier ist in Fuhren ekelhaft. Da ich nur der höchst sein
284 1669 1359 1963 12. Tödt desselbst.
284 1765 2800 2078 2. Sich allkeit erleh auf nicht bei uns (mit wissen
284 1934 3146 2262 H mollt meitnacht todt - weil sich träch nicht woort
287 2192 1643 2464 - nie, ich sogar auch so...
405 2313 2678 2627 Zich bese zu entwendig sehr bei seit.
339 2431 3072 2833 Nun, ich war Eintügen ist auch nicht so leben in ihr
814 2685 3153 2995 Ich eine Einlage. – un tünfse nicht zu berechst
468 2800 792 3087 spt.
280 2851 3253 3297 er bei sind. - ich braucht E. Tra. Regnis. Die Schrift
284 3150 2435 3441 wolle: als ich kle verricht ist:
306 3374 2081 3713 R. Ich will mit uns dicht.
302 3540 2814 3897 II. todts of tma fille. Masulis besser
