<?xml version="1.0" encoding="UTF-8" standalone="yes"?>
<PcGts xmlns="http://schema.primaresearch.org/PAGE/gts/pagecontent/2013-07-15" xmlns:xsi="http://www.w3.org/2001/XMLSchema-instance" xsi:schemaLocation="http://schema.primaresearch.org/PAGE/gts/pagecontent/2013-07-15 http://schema.primaresearch.org/PAGE/gts/pagecontent/2013-07-15/pagecontent.xsd">
    <Metadata>
        <Creator>prov=READ-COOP:name=TrHtr:version=2.1.0:model_id=51170:date=28_07_2023_18:54</Creator>
        <Created>2023-05-10T11:47:44.450+02:00</Created>
        <LastChange>2023-07-28T18:54:18.643+02:00</LastChange>
        <TranskribusMetadata docId="1428173" pageId="55391443" pageNr="2" tsid="131371995" status="IN_PROGRESS" userId="64420" imgUrl="https://files.transkribus.eu/Get?id=GMAJJVBIGLECQTTCYCBRMQPM&amp;fileType=view" xmlUrl="https://files.transkribus.eu/Get?id=HJJDRDEPYTSCAMMOWFDPPSPX" imageId="44666328"/>
    </Metadata>
    <Page imageFilename="1428173_0002.jpg" imageWidth="3336" imageHeight="4072">
        <ReadingOrder>
            <OrderedGroup id="ro_1711802059258" caption="Regions reading order">
                <RegionRefIndexed index="0" regionRef="tr_1"/>
            </OrderedGroup>
        </ReadingOrder>
        <TextRegion id="tr_1" custom="readingOrder {index:0;}">
            <Coords points="226,236 3158,236 3158,3771 226,3771"/>
            <TextLine id="tr_1_tl_1" custom="readingOrder {index:0;}">
                <Coords points="281,321 303,321 317,306 328,303 357,317 378,313 371,177 342,184 324,169 321,177 306,177 295,184 274,180"/>
                <Baseline points="301,286 346,289 388,292"/>
                <TextEquiv>
                    <Unicode>be</Unicode>
                </TextEquiv>
            </TextLine>
            <TextLine id="tr_1_tl_2" custom="readingOrder {index:1;}">
                <Coords points="205,1016 1174,1081 1311,983 2270,922 2723,1052 2853,969 3044,1120 3059,767 2615,872 2194,728 1978,890 1470,811 1261,958 818,965 353,767 209,865"/>
                <Baseline points="226,1020 235,1018 280,1018 325,1012 370,1009 414,1015 459,1012 504,1006 549,1009 594,1009 638,1012 683,1015 728,1015 773,1012 817,1015 862,1012 907,1009 952,1006 997,1006 1041,1003 1086,1003 1131,1000 1176,997 1221,991 1265,988 1310,982 1355,976 1400,973 1444,970 1489,967 1534,961 1579,961 1624,958 1668,955 1713,949 1758,949 1803,949 1847,946 1892,946 1937,946 1982,943 2027,940 2071,940 2116,937 2161,937 2206,934 2250,931 2295,934 2340,934 2385,931 2430,931 2474,934 2519,937 2564,937 2609,940 2653,937 2698,940 2743,940 2788,937 2833,940 2877,943 2922,946 2967,952 3012,949 3056,952"/>
                <TextEquiv>
                    <Unicode>Sie spricht in einem alten ein Bild, ihr zu ohn¬</Unicode>
                </TextEquiv>
            </TextLine>
            <TextLine id="tr_1_tl_3" custom="readingOrder {index:2;}">
                <Coords points="216,1279 1228,1319 2158,1207 2313,1358 2576,1203 3062,1254 3066,1135 1906,1092 1769,1182 1362,1117 731,1236 346,1117 220,1192"/>
                <Baseline points="235,1277 247,1274 292,1277 337,1274 382,1271 426,1268 471,1265 516,1262 561,1262 606,1262 650,1265 695,1265 740,1265 785,1262 829,1265 874,1262 919,1259 964,1259 1009,1259 1053,1256 1098,1256 1143,1253 1188,1250 1232,1247 1277,1250 1322,1244 1367,1241 1412,1238 1456,1238 1501,1238 1546,1232 1591,1235 1635,1229 1680,1229 1725,1226 1770,1226 1815,1223 1859,1221 1904,1218 1949,1218 1994,1215 2038,1212 2083,1209 2128,1206 2173,1206 2218,1203 2262,1203 2307,1206 2352,1206 2397,1206 2442,1203 2486,1203 2531,1203 2576,1200 2621,1197 2665,1197 2710,1200 2755,1203 2800,1209 2845,1212 2889,1218 2934,1223 2979,1226 3024,1235 3068,1241"/>
                <TextEquiv>
                    <Unicode>lich, dass sie erschweifen. Die andere merken</Unicode>
                </TextEquiv>
            </TextLine>
            <TextLine id="tr_1_tl_4" custom="readingOrder {index:3;}">
                <Coords points="1848,1527 2154,1502 2255,1592 2468,1491 3149,1502 3152,1401 2778,1434 2659,1337 2504,1333 2370,1412 2234,1365 2125,1459 1996,1459 1924,1391 1852,1416"/>
                <Baseline points="1871,1504 1889,1504 1934,1507 1979,1498 1991,1504 1994,1504 2038,1501 2083,1501 2128,1501 2173,1501 2218,1504 2262,1501 2307,1501 2352,1504 2397,1498 2442,1495 2486,1489 2531,1486 2576,1483 2621,1477 2665,1477 2710,1474 2755,1474 2800,1477 2845,1477 2889,1477 2934,1477 2979,1477 3024,1477 3068,1474 3113,1474 3158,1477"/>
                <TextEquiv>
                    <Unicode>Sie hat damit</Unicode>
                </TextEquiv>
            </TextLine>
            <TextLine id="tr_1_tl_5" custom="readingOrder {index:4;}">
                <Coords points="220,1553 353,1538 436,1600 544,1531 699,1643 872,1549 1052,1603 1200,1531 1837,1545 1837,1473 1581,1477 1423,1373 1290,1491 1164,1495 1052,1387 908,1506 656,1491 555,1387 382,1491 220,1491"/>
                <Baseline points="241,1531 274,1528 319,1528 364,1528 408,1528 453,1528 498,1534 543,1531 588,1528 632,1531 677,1534 722,1540 767,1546 812,1546 856,1546 901,1543 946,1546 991,1543 1035,1540 1080,1543 1125,1537 1170,1534 1215,1531 1259,1528 1304,1528 1349,1525 1394,1525 1438,1525 1483,1519 1528,1516 1573,1516 1618,1513 1662,1510 1707,1510 1752,1510 1797,1507 1841,1513"/>
                <TextEquiv>
                    <Unicode>nicht; inlegwähls nach</Unicode>
                </TextEquiv>
            </TextLine>
            <TextLine id="tr_1_tl_6" custom="readingOrder {index:5;}">
                <Coords points="238,1902 616,1819 760,1899 865,1801 1394,1801 1470,1884 1798,1790 3109,1844 3134,1646 2986,1729 2414,1733 2334,1650 2176,1740 2057,1639 1693,1636 1297,1769 241,1715"/>
                <Baseline points="259,1856 274,1853 319,1847 364,1841 408,1838 453,1835 498,1830 543,1824 588,1821 632,1821 677,1818 722,1815 767,1809 812,1803 856,1800 901,1803 946,1806 991,1806 1035,1806 1080,1803 1125,1800 1170,1800 1215,1800 1259,1800 1304,1803 1349,1800 1394,1803 1438,1803 1483,1803 1528,1800 1573,1797 1618,1797 1662,1794 1707,1794 1752,1791 1797,1791 1841,1791 1886,1791 1931,1791 1976,1788 2021,1791 2065,1788 2110,1785 2155,1785 2200,1782 2244,1782 2289,1782 2334,1779 2379,1779 2424,1779 2468,1779 2513,1776 2558,1776 2603,1776 2647,1776 2692,1773 2737,1773 2782,1773 2827,1776 2871,1776 2916,1776 2961,1776 3006,1782 3051,1785 3095,1788 3140,1791"/>
                <TextEquiv>
                    <Unicode>gelebt. Einlich erfällt ihn aller ein, nach:</Unicode>
                </TextEquiv>
            </TextLine>
            <TextLine id="tr_1_tl_7" custom="readingOrder {index:6;}">
                <Coords points="2806,2115 2882,2086 2929,2115 3001,2075 3073,2068 3105,2082 3109,1942 3084,1945 3033,1989 3012,1992 2972,1949 2925,1945 2864,2003 2814,1992"/>
                <Baseline points="2829,2076 2845,2083 2889,2077 2934,2080 2979,2080 3024,2074 3068,2068 3113,2071"/>
                <TextEquiv>
                    <Unicode>sept</Unicode>
                </TextEquiv>
            </TextLine>
            <TextLine id="tr_1_tl_8" custom="readingOrder {index:7;}">
                <Coords points="216,2125 418,2183 1120,2089 1286,2194 1387,2104 1844,2172 1971,2086 2122,2162 2226,2079 2594,2075 2597,1938 2262,1945 2162,2039 2007,1960 1895,2046 1452,1945 1272,2050 951,2061 612,1963 486,2075 382,1974 216,2079"/>
                <Baseline points="235,2119 274,2122 319,2122 364,2119 408,2116 453,2119 498,2116 543,2113 588,2110 632,2110 677,2107 722,2110 767,2107 812,2107 856,2104 901,2104 946,2101 991,2095 1035,2092 1080,2089 1125,2089 1170,2092 1215,2092 1259,2092 1304,2095 1349,2095 1394,2092 1438,2095 1483,2092 1528,2095 1573,2095 1618,2092 1662,2089 1707,2089 1752,2089 1797,2086 1841,2086 1886,2086 1931,2086 1976,2083 2021,2083 2065,2080 2110,2080 2155,2080 2200,2077 2244,2080 2289,2077 2334,2077 2379,2077 2424,2077 2468,2080 2513,2077 2558,2074 2603,2071"/>
                <TextEquiv>
                    <Unicode>möglich im nachhausegehen. Plötzlich</Unicode>
                </TextEquiv>
            </TextLine>
            <TextLine id="tr_1_tl_9" custom="readingOrder {index:8;}">
                <Coords points="2626,2071 2662,2071 2695,2086 2698,2082 2723,2082 2720,1996 2702,1996 2687,2014 2659,2003 2623,2003"/>
                <Baseline points="2645,2071 2689,2080 2732,2073"/>
                <TextEquiv>
                    <Unicode>l</Unicode>
                </TextEquiv>
            </TextLine>
            <TextLine id="tr_1_tl_10" custom="readingOrder {index:9;}">
                <Coords points="973,2439 1052,2486 1171,2396 1448,2388 1535,2457 1935,2370 2082,2504 2230,2374 2313,2432 2493,2367 3084,2388 3084,2266 2940,2216 2781,2334 2450,2262 2378,2334 2162,2338 1855,2255 1708,2302 1639,2234 1527,2313 1445,2252 1340,2352 973,2338"/>
                <Baseline points="994,2376 1038,2379 1083,2385 1128,2388 1173,2388 1218,2391 1262,2394 1307,2391 1352,2391 1397,2388 1441,2385 1486,2385 1531,2385 1576,2382 1621,2382 1665,2379 1710,2376 1755,2376 1800,2373 1844,2370 1889,2370 1934,2370 1979,2367 2024,2370 2068,2370 2113,2370 2158,2376 2203,2373 2247,2370 2292,2373 2337,2373 2382,2373 2427,2373 2471,2373 2516,2370 2561,2370 2606,2370 2650,2370 2695,2373 2740,2373 2785,2376 2830,2373 2874,2379 2919,2370 2964,2373 3009,2373 3054,2379 3092,2379"/>
                <TextEquiv>
                    <Unicode>zu ih Hallein nicht in Bild</Unicode>
                </TextEquiv>
            </TextLine>
            <TextLine id="tr_1_tl_11" custom="readingOrder {index:10;}">
                <Coords points="220,2428 274,2464 310,2446 378,2507 486,2403 929,2388 933,2316 807,2356 742,2360 677,2327 641,2363 573,2342 519,2363 382,2259 220,2370"/>
                <Baseline points="238,2406 268,2403 313,2403 358,2400 403,2400 447,2397 492,2397 537,2397 582,2397 626,2397 671,2397 716,2397 761,2394 806,2391 850,2388 895,2385 940,2382"/>
                <TextEquiv>
                    <Unicode>ihr jemand,</Unicode>
                </TextEquiv>
            </TextLine>
            <TextLine id="tr_1_tl_12" custom="readingOrder {index:11;}">
                <Coords points="249,2705 2479,2687 3077,2633 3080,2507 252,2633"/>
                <Baseline points="268,2686 307,2686 352,2689 397,2689 441,2689 486,2692 531,2692 576,2692 620,2695 665,2692 710,2689 755,2686 800,2689 844,2686 889,2680 934,2680 979,2680 1023,2680 1068,2680 1113,2680 1158,2680 1203,2680 1247,2677 1292,2674 1337,2674 1382,2671 1426,2668 1471,2662 1516,2662 1561,2656 1606,2653 1650,2650 1695,2645 1740,2645 1785,2642 1830,2639 1874,2630 1919,2630 1964,2630 2009,2633 2053,2633 2098,2633 2143,2636 2188,2639 2233,2639 2277,2639 2322,2639 2367,2636 2412,2633 2456,2627 2501,2627 2546,2630 2591,2624 2636,2621 2680,2621 2725,2621 2770,2618 2815,2618 2859,2618 2904,2615 2949,2618 2994,2621 3039,2624 3083,2636"/>
                <TextEquiv>
                    <Unicode>der nicht ganz aus wie die. Das ist Er. Sie</Unicode>
                </TextEquiv>
            </TextLine>
            <TextLine id="tr_1_tl_13" custom="readingOrder {index:12;}">
                <Coords points="223,3001 364,3091 479,2986 1376,2943 1726,3019 2911,2918 3037,2994 3044,2752 2698,2868 2266,2875 2169,2774 2028,2882 1697,2799 1380,2896 1286,2803 1088,2914 911,2814 789,2929 364,2832 223,2929"/>
                <Baseline points="244,2979 271,2979 316,2979 361,2979 406,2979 450,2979 495,2976 540,2976 585,2976 629,2976 674,2976 719,2976 764,2976 809,2976 853,2973 898,2973 943,2967 988,2970 1032,2967 1077,2964 1122,2961 1167,2958 1212,2958 1256,2952 1301,2949 1346,2949 1391,2943 1435,2940 1480,2940 1525,2943 1570,2940 1615,2943 1659,2943 1704,2943 1749,2943 1794,2943 1838,2943 1883,2937 1928,2937 1973,2934 2018,2931 2062,2931 2107,2931 2152,2925 2197,2925 2241,2925 2286,2925 2331,2925 2376,2928 2421,2928 2465,2925 2510,2925 2555,2922 2600,2919 2645,2916 2689,2916 2734,2913 2779,2916 2824,2913 2868,2916 2913,2916 2958,2919 3003,2925 3048,2928"/>
                <TextEquiv>
                    <Unicode>lächelt. Sie recht, daß sie damit zusam¬</Unicode>
                </TextEquiv>
            </TextLine>
            <TextLine id="tr_1_tl_14" custom="readingOrder {index:13;}">
                <Coords points="205,3242 267,3224 317,3242 472,3231 504,3213 548,3228 638,3206 785,3217 785,3159 605,3167 594,3149 555,3170 530,3152 504,3174 465,3156 440,3177 407,3141 313,3141 249,3192 209,3195"/>
                <Baseline points="226,3233 256,3230 301,3224 346,3221 391,3221 435,3218 480,3215 525,3212 570,3209 614,3206 659,3206 704,3206 749,3203 794,3206"/>
                <TextEquiv>
                    <Unicode>waren.</Unicode>
                </TextEquiv>
            </TextLine>
            <TextLine id="tr_1_tl_15" custom="readingOrder {index:14;}">
                <Coords points="335,3437 1935,3408 3087,3195 1708,3300 1625,3231 1491,3318 1416,3242 1268,3322 746,3257 652,3332 580,3260 440,3343 342,3271"/>
                <Baseline points="358,3391 364,3391 408,3394 453,3391 498,3388 543,3388 588,3385 632,3385 677,3382 722,3382 767,3376 812,3373 856,3373 901,3373 946,3373 991,3373 1035,3373 1080,3376 1125,3382 1170,3379 1215,3376 1259,3373 1304,3370 1349,3370 1394,3367 1438,3367 1483,3367 1528,3361 1573,3358 1618,3355 1662,3352 1707,3352 1752,3349 1797,3346 1841,3343 1886,3343 1931,3343 1976,3340 2021,3340 2065,3337 2110,3334 2155,3331 2200,3328 2244,3322 2289,3319 2334,3313 2379,3304 2424,3301 2468,3295 2513,3292 2558,3289 2603,3283 2647,3280 2692,3280 2737,3280 2782,3277 2827,3271 2871,3271 2916,3265 2961,3259 3006,3257 3051,3251 3095,3251"/>
                <TextEquiv>
                    <Unicode>Gewährist; mir sie sich jetzt ganz gerne erinnerte, der</Unicode>
                </TextEquiv>
            </TextLine>
            <TextLine id="tr_1_tl_16" custom="readingOrder {index:15;}">
                <Coords points="310,3570 378,3606 425,3563 825,3530 919,3581 947,3552 1020,3613 1063,3570 1110,3599 1178,3534 1257,3574 1373,3512 1297,3419 1214,3455 987,3451 944,3494 764,3422 652,3466 508,3444 454,3484 407,3455 313,3487"/>
                <Baseline points="328,3567 349,3567 394,3564 438,3561 483,3552 528,3552 573,3549 617,3546 662,3543 707,3540 752,3540 797,3534 841,3534 886,3534 931,3531 976,3534 1020,3537 1065,3537 1110,3537 1155,3537 1200,3534 1244,3531 1289,3525 1334,3516 1379,3504"/>
                <TextEquiv>
                    <Unicode>ist das in das geschehe ist</Unicode>
                </TextEquiv>
            </TextLine>
            <TextLine id="tr_1_tl_17" custom="readingOrder {index:16;}">
                <Coords points="663,3747 958,3865 1185,3750 2803,3732 2871,3628 2554,3563 2446,3639 1589,3675 1531,3610 1167,3703 991,3639 796,3700 670,3628"/>
                <Baseline points="682,3746 728,3749 773,3752 817,3755 862,3755 907,3758 952,3758 997,3761 1041,3758 1086,3752 1131,3755 1176,3752 1221,3749 1265,3746 1310,3743 1355,3740 1400,3734 1444,3731 1489,3728 1534,3725 1579,3725 1624,3725 1668,3722 1713,3722 1758,3722 1803,3719 1847,3719 1892,3716 1937,3716 1982,3713 2027,3710 2071,3707 2116,3707 2161,3704 2206,3698 2250,3698 2295,3695 2340,3692 2385,3695 2430,3689 2474,3689 2519,3683 2564,3680 2609,3680 2653,3677 2698,3677 2743,3677 2788,3680 2833,3680 2877,3680 2880,3680"/>
                <TextEquiv>
                    <Unicode>Vielleicht ja verbinden mit dem Hoff; der Heilgang,</Unicode>
                </TextEquiv>
            </TextLine>
        </TextRegion>
    </Page>
</PcGts>
