3496 4264
1580 132 1941 382 DATES DES ACTES
448 392 802 660 hrnst
295 563 1406 844 Gollene... Möge heute?
323 736 1024 951 Noch so genommen
278 903 955 1056 War ihr den
306 1031 778 1136 Monsieur,
309 1049 1462 1257 Tramar!...  Milch stracht
309 1177 1899 1413 dennoch habt ich neben vorgeheit
285 1347 1993 1608 Schad ihr wie denn nicht gehlt sein. -
229 1479 2584 1768 Möglich sei da? Hier ist erwärkeit, das bitt ich je
274 1636 2587 1955 alle Zeit jedocht. Sieht mir die nicht ahebet u.
257 1754 2688 2097 of in every...  Niewse of it bald - Unterhant bericht
299 1993 1854 2236 Nun - ich würde auf der Cosemhalt
326 2066 2222 2396 Tettin. -  M wer iſe Erwurf so
406 2323 2948 2709 Nom. H. Schatz. - Wenn kann sehr sie – ich wel¬
340 2389 1017 2580 In Construcke
424 2681 1094 2861 Reibe sie?...
424 2764 1816 3031 Mons falle thun ein. Von
444 2854 2309 3198 Ktib bei... I habst in müdliche sich
389 3028 3198 3504 Ich lieb Sie... Mein heb bei in kan bericht, we d Aug
451 3157 1358 3337 See L. Coll...
330 3417 1976 3705 wenniesze nach Lippe jetzt.
406 3396 3070 3875 Ihrig nicht nicht in Zwei u. aber ich sehr geste ich
597 3698 3177 4025 is hat bezahlet gegeben – in der ich aanlängt – ich
