<?xml version="1.0" encoding="UTF-8" standalone="yes"?>
<PcGts xmlns="http://schema.primaresearch.org/PAGE/gts/pagecontent/2013-07-15" xmlns:xsi="http://www.w3.org/2001/XMLSchema-instance" xsi:schemaLocation="http://schema.primaresearch.org/PAGE/gts/pagecontent/2013-07-15 http://schema.primaresearch.org/PAGE/gts/pagecontent/2013-07-15/pagecontent.xsd">
    <Metadata>
        <Creator>prov=READ-COOP:name=TrHtr:version=2.1.0:model_id=51170:date=25_07_2023_01:49</Creator>
        <Created>2023-05-02T08:16:57.873+02:00</Created>
        <LastChange>2023-07-25T01:49:42.902+02:00</LastChange>
        <TranskribusMetadata docId="1416747" pageId="54953695" pageNr="7" tsid="130580222" status="IN_PROGRESS" userId="64420" imgUrl="https://files.transkribus.eu/Get?id=SEYUAKZCOVALOLYBVGXLAYZI&amp;fileType=view" xmlUrl="https://files.transkribus.eu/Get?id=MYPKLWYVARJQRFAFUGIASFZI" imageId="44457420"/>
    </Metadata>
    <Page imageFilename="1416747_0007.jpg" imageWidth="2536" imageHeight="3658">
        <ReadingOrder>
            <OrderedGroup id="ro_1711825842453" caption="Regions reading order">
                <RegionRefIndexed index="0" regionRef="tr_1"/>
            </OrderedGroup>
        </ReadingOrder>
        <TextRegion id="tr_1" custom="readingOrder {index:0;}">
            <Coords points="671,788 2154,788 2154,2432 671,2432"/>
            <TextLine id="tr_1_tl_1" custom="readingOrder {index:0;}">
                <Coords points="1287,891 1539,894 1605,861 1690,856 1928,865 1979,852 1981,782 1916,794 1819,769 1554,816 1481,796 1405,820 1289,809"/>
                <Baseline points="1297,862 1312,862 1357,862 1402,862 1447,862 1491,859 1536,856 1581,853 1626,853 1670,853 1715,850 1760,850 1805,847 1849,844 1894,841 1939,838 1984,841"/>
                <TextEquiv>
                    <Unicode>Strassburg 1.E., 22.4.14.</Unicode>
                </TextEquiv>
            </TextLine>
            <TextLine id="tr_1_tl_2" custom="readingOrder {index:1;}">
                <Coords points="662,934 723,972 847,976 898,958 929,972 1149,969 1163,891 1036,856 981,891 816,861 760,887 663,883"/>
                <Baseline points="671,936 674,936 719,933 763,933 808,930 853,927 898,927 942,927 987,924 1032,921 1077,921 1121,921 1166,921"/>
                <TextEquiv>
                    <Unicode>Professor Simmel.</Unicode>
                </TextEquiv>
            </TextLine>
            <TextLine id="tr_1_tl_3" custom="readingOrder {index:2;}">
                <Coords points="671,1034 900,1051 923,1032 1043,1018 1061,1038 1169,1041 1200,1023 1236,1040 1250,976 1160,978 1123,960 1031,992 934,967 903,985 672,992"/>
                <Baseline points="680,1026 716,1026 760,1023 805,1026 850,1023 895,1020 939,1017 984,1017 1029,1014 1074,1011 1118,1011 1163,1008 1208,1008 1253,1011"/>
                <TextEquiv>
                    <Unicode>Sehr geehrte Herren.</Unicode>
                </TextEquiv>
            </TextLine>
            <TextLine id="tr_1_tl_4" custom="readingOrder {index:3;}">
                <Coords points="1041,1120 2048,1085 2125,1076 2126,1027 1434,1034 1305,1065 1045,1045"/>
                <Baseline points="1053,1103 1056,1103 1100,1103 1145,1100 1190,1100 1235,1097 1280,1097 1324,1095 1369,1092 1414,1089 1459,1089 1503,1086 1548,1083 1593,1083 1638,1080 1682,1080 1727,1077 1772,1074 1817,1071 1861,1071 1906,1068 1951,1065 1996,1062 2040,1062 2085,1059 2130,1062"/>
                <TextEquiv>
                    <Unicode>Nach längerer Ueberlegung kann ich mich</Unicode>
                </TextEquiv>
            </TextLine>
            <TextLine id="tr_1_tl_5" custom="readingOrder {index:4;}">
                <Coords points="685,1178 1994,1127 2045,1118 2047,1074 687,1132"/>
                <Baseline points="695,1163 707,1166 751,1163 796,1163 841,1160 886,1157 930,1154 975,1154 1020,1154 1065,1151 1109,1148 1154,1148 1199,1145 1244,1142 1288,1142 1333,1142 1378,1139 1423,1136 1467,1136 1512,1133 1557,1133 1602,1127 1646,1124 1691,1121 1736,1121 1781,1118 1826,1118 1870,1115 1915,1112 1960,1109 2005,1106 2049,1106"/>
                <TextEquiv>
                    <Unicode>nun doch nicht entschliessen, für die Freigabe von</Unicode>
                </TextEquiv>
            </TextLine>
            <TextLine id="tr_1_tl_6" custom="readingOrder {index:5;}">
                <Coords points="683,1218 2017,1172 2050,1118 685,1180"/>
                <Baseline points="695,1211 710,1208 754,1208 799,1208 844,1205 889,1205 933,1202 978,1196 1023,1196 1068,1196 1112,1196 1157,1193 1202,1193 1247,1190 1291,1190 1336,1187 1381,1184 1426,1181 1470,1181 1515,1178 1560,1178 1605,1175 1649,1172 1694,1169 1739,1166 1784,1163 1829,1163 1873,1160 1918,1157 1963,1157 2008,1154 2052,1154"/>
                <TextEquiv>
                    <Unicode>Schnitzlers “Reigen“ einzutreten. Es handelt sich</Unicode>
                </TextEquiv>
            </TextLine>
            <TextLine id="tr_1_tl_7" custom="readingOrder {index:6;}">
                <Coords points="680,1265 2059,1223 2076,1158 683,1214"/>
                <Baseline points="692,1256 733,1256 778,1256 823,1253 868,1253 913,1250 957,1247 1002,1244 1047,1244 1092,1244 1136,1241 1181,1241 1226,1238 1271,1235 1315,1235 1360,1232 1405,1229 1450,1229 1494,1226 1539,1223 1584,1220 1629,1220 1673,1217 1718,1214 1763,1211 1808,1211 1852,1208 1897,1211 1942,1205 1987,1202 2031,1202 2076,1202"/>
                <TextEquiv>
                    <Unicode>für mich dabei gar nicht um das Werk selbst, in dem</Unicode>
                </TextEquiv>
            </TextLine>
            <TextLine id="tr_1_tl_8" custom="readingOrder {index:7;}">
                <Coords points="687,1305 1825,1276 2054,1260 2056,1221 689,1272"/>
                <Baseline points="698,1303 716,1303 760,1300 805,1300 850,1297 895,1294 939,1291 984,1291 1029,1291 1074,1288 1118,1288 1163,1285 1208,1285 1253,1282 1297,1282 1342,1280 1387,1277 1432,1274 1476,1274 1521,1271 1566,1268 1611,1265 1655,1262 1700,1262 1745,1262 1790,1259 1834,1256 1879,1256 1924,1250 1969,1250 2013,1247 2058,1250"/>
                <TextEquiv>
                    <Unicode>ich eine der erschütternsten Menschheitstragödien</Unicode>
                </TextEquiv>
            </TextLine>
            <TextLine id="tr_1_tl_9" custom="readingOrder {index:8;}">
                <Coords points="689,1352 2108,1312 2152,1240 691,1314"/>
                <Baseline points="701,1348 722,1351 766,1348 811,1345 856,1342 901,1342 945,1339 990,1339 1035,1336 1080,1336 1124,1333 1169,1333 1214,1330 1259,1327 1303,1327 1348,1324 1393,1321 1438,1321 1482,1318 1527,1318 1572,1315 1617,1312 1661,1309 1706,1309 1751,1306 1796,1303 1840,1303 1885,1300 1930,1297 1975,1294 2019,1294 2064,1291 2109,1291 2154,1288"/>
                <TextEquiv>
                    <Unicode>und selbstverständlich keine Spur von Laszivität oder</Unicode>
                </TextEquiv>
            </TextLine>
            <TextLine id="tr_1_tl_10" custom="readingOrder {index:9;}">
                <Coords points="692,1403 1843,1369 2066,1349 2068,1307 694,1363"/>
                <Baseline points="704,1396 731,1396 775,1396 820,1393 865,1390 910,1390 954,1387 999,1387 1044,1384 1089,1384 1133,1381 1178,1378 1223,1378 1268,1375 1312,1375 1357,1372 1402,1369 1447,1366 1491,1366 1536,1363 1581,1360 1626,1357 1670,1357 1715,1354 1760,1354 1805,1351 1849,1348 1894,1345 1939,1345 1984,1342 2028,1339 2073,1339"/>
                <TextEquiv>
                    <Unicode>unkünstlerischer Pikanterie erblicke. Allein unser</Unicode>
                </TextEquiv>
            </TextLine>
            <TextLine id="tr_1_tl_11" custom="readingOrder {index:10;}">
                <Coords points="700,1450 2076,1416 2079,1356 702,1409"/>
                <Baseline points="710,1444 739,1444 784,1441 829,1438 874,1438 918,1435 963,1432 1008,1432 1053,1429 1097,1429 1142,1426 1187,1426 1232,1423 1277,1420 1321,1420 1366,1417 1411,1417 1456,1414 1500,1411 1545,1408 1590,1408 1635,1405 1679,1405 1724,1402 1769,1399 1814,1393 1858,1393 1903,1393 1948,1390 1993,1393 2037,1390 2082,1390"/>
                <TextEquiv>
                    <Unicode>Publikum ist dafür absolut nicht seif. Es würde, in</Unicode>
                </TextEquiv>
            </TextLine>
            <TextLine id="tr_1_tl_12" custom="readingOrder {index:11;}">
                <Coords points="696,1509 1894,1465 2034,1452 2036,1399 698,1458"/>
                <Baseline points="707,1488 739,1488 784,1488 829,1485 874,1485 918,1482 963,1479 1008,1476 1053,1476 1097,1476 1142,1473 1187,1470 1232,1467 1277,1467 1321,1464 1366,1464 1411,1462 1456,1459 1500,1459 1545,1456 1590,1453 1635,1453 1679,1450 1724,1447 1769,1444 1814,1441 1858,1441 1903,1438 1948,1438 1993,1435 2037,1435"/>
                <TextEquiv>
                    <Unicode>seiner überwältigenden Majorität das Buch nur im</Unicode>
                </TextEquiv>
            </TextLine>
            <TextLine id="tr_1_tl_13" custom="readingOrder {index:12;}">
                <Coords points="700,1552 2105,1498 2106,1425 702,1503"/>
                <Baseline points="710,1536 722,1533 766,1536 811,1533 856,1533 901,1530 945,1527 990,1524 1035,1524 1080,1521 1124,1521 1169,1515 1214,1515 1259,1515 1303,1512 1348,1509 1393,1509 1438,1506 1482,1503 1527,1503 1572,1500 1617,1497 1661,1497 1706,1494 1751,1491 1796,1491 1840,1488 1885,1488 1930,1485 1975,1482 2019,1479 2064,1479 2109,1482"/>
                <TextEquiv>
                    <Unicode>pornographischen Interesse lesen und meiner Meinung</Unicode>
                </TextEquiv>
            </TextLine>
            <TextLine id="tr_1_tl_14" custom="readingOrder {index:13;}">
                <Coords points="694,1594 2125,1552 2126,1494 696,1556"/>
                <Baseline points="704,1581 742,1581 787,1581 832,1578 877,1578 921,1575 966,1572 1011,1569 1056,1569 1100,1566 1145,1566 1190,1563 1235,1560 1280,1557 1324,1557 1369,1554 1414,1554 1459,1551 1503,1548 1548,1548 1593,1545 1638,1542 1682,1539 1727,1539 1772,1536 1817,1536 1861,1533 1906,1530 1951,1530 1996,1527 2040,1527 2085,1524 2130,1518"/>
                <TextEquiv>
                    <Unicode>nach sollte angesichts der schweren Schädigung unse-</Unicode>
                </TextEquiv>
            </TextLine>
            <TextLine id="tr_1_tl_15" custom="readingOrder {index:14;}">
                <Coords points="703,1634 2039,1592 2057,1536 705,1594"/>
                <Baseline points="713,1629 719,1626 763,1626 808,1623 853,1623 898,1620 942,1620 987,1617 1032,1614 1077,1614 1121,1611 1166,1611 1211,1608 1256,1605 1300,1605 1345,1602 1390,1602 1435,1599 1479,1596 1524,1596 1569,1593 1614,1593 1658,1590 1703,1587 1748,1584 1793,1584 1837,1581 1882,1578 1927,1575 1972,1575 2016,1575 2061,1572"/>
                <TextEquiv>
                    <Unicode>rer Volksgesundheit durch die ungeheure Masse der</Unicode>
                </TextEquiv>
            </TextLine>
            <TextLine id="tr_1_tl_16" custom="readingOrder {index:15;}">
                <Coords points="702,1676 2043,1641 2056,1592 703,1632"/>
                <Baseline points="713,1670 716,1670 760,1673 805,1670 850,1667 895,1667 939,1664 984,1661 1029,1661 1074,1661 1118,1658 1163,1658 1208,1655 1253,1652 1297,1652 1342,1649 1387,1646 1432,1646 1476,1646 1521,1644 1566,1638 1611,1638 1655,1635 1700,1635 1745,1632 1790,1632 1834,1629 1879,1626 1924,1626 1969,1623 2013,1620 2058,1620"/>
                <TextEquiv>
                    <Unicode>Literatur.die solchen Zwecken dient oder zu ihnen</Unicode>
                </TextEquiv>
            </TextLine>
            <TextLine id="tr_1_tl_17" custom="readingOrder {index:16;}">
                <Coords points="703,1745 2132,1685 2136,1628 707,1676"/>
                <Baseline points="716,1724 751,1721 796,1718 841,1718 886,1715 930,1712 975,1709 1020,1709 1065,1709 1109,1706 1154,1703 1199,1700 1244,1700 1288,1697 1333,1697 1378,1694 1423,1694 1467,1691 1512,1688 1557,1685 1602,1682 1646,1679 1691,1679 1736,1676 1781,1676 1826,1673 1870,1673 1915,1673 1960,1670 2005,1667 2049,1664 2094,1664 2139,1664"/>
                <TextEquiv>
                    <Unicode>missbraucht wird die Prophylaxis eher zu rigoros als</Unicode>
                </TextEquiv>
            </TextLine>
            <TextLine id="tr_1_tl_18" custom="readingOrder {index:17;}">
                <Coords points="709,1774 1872,1745 2108,1723 2112,1674 709,1736"/>
                <Baseline points="719,1769 725,1769 769,1766 814,1763 859,1763 904,1760 948,1757 993,1757 1038,1754 1083,1754 1127,1751 1172,1751 1217,1748 1262,1745 1306,1742 1351,1742 1396,1742 1441,1739 1485,1736 1530,1733 1575,1733 1620,1730 1664,1730 1709,1724 1754,1724 1799,1721 1843,1721 1888,1718 1933,1718 1978,1715 2022,1715 2067,1712 2112,1712"/>
                <TextEquiv>
                    <Unicode>zu weitherzig sein,- selbst um den Preis, dass ein so</Unicode>
                </TextEquiv>
            </TextLine>
            <TextLine id="tr_1_tl_19" custom="readingOrder {index:18;}">
                <Coords points="711,1819 2066,1779 2105,1721 712,1778"/>
                <Baseline points="722,1814 766,1814 811,1811 856,1811 901,1808 945,1805 990,1802 1035,1799 1080,1799 1124,1799 1169,1796 1214,1793 1259,1793 1303,1790 1348,1790 1393,1787 1438,1787 1482,1784 1527,1784 1572,1781 1617,1778 1661,1775 1706,1772 1751,1772 1796,1769 1840,1769 1885,1766 1930,1763 1975,1763 2019,1760 2064,1760 2109,1754"/>
                <TextEquiv>
                    <Unicode>bedeutendes Werk darunter leidet. Bedürfte es hier-</Unicode>
                </TextEquiv>
            </TextLine>
            <TextLine id="tr_1_tl_20" custom="readingOrder {index:19;}">
                <Coords points="722,1874 2039,1827 2061,1776 723,1825"/>
                <Baseline points="731,1858 766,1858 811,1858 856,1855 901,1855 945,1852 990,1849 1035,1849 1080,1846 1124,1843 1169,1840 1214,1840 1259,1840 1303,1840 1348,1837 1393,1837 1438,1834 1482,1831 1527,1829 1572,1826 1617,1823 1661,1820 1706,1820 1751,1820 1796,1817 1840,1814 1885,1811 1930,1811 1975,1808 2019,1808 2064,1808"/>
                <TextEquiv>
                    <Unicode>für noch einer Bestätigung, so würde sie mir durch</Unicode>
                </TextEquiv>
            </TextLine>
            <TextLine id="tr_1_tl_21" custom="readingOrder {index:20;}">
                <Coords points="707,1919 2128,1867 2145,1790 2056,1827 709,1876"/>
                <Baseline points="719,1903 760,1906 805,1903 850,1900 895,1900 939,1897 984,1897 1029,1894 1074,1894 1118,1891 1163,1888 1208,1888 1253,1888 1297,1882 1342,1882 1387,1879 1432,1879 1476,1879 1521,1873 1566,1873 1611,1870 1655,1870 1700,1867 1745,1864 1790,1861 1834,1861 1879,1858 1924,1858 1969,1858 2013,1855 2058,1855 2103,1852 2148,1855"/>
                <TextEquiv>
                    <Unicode>die in dem Bande abgedruckten Kritiken geliefert,die</Unicode>
                </TextEquiv>
            </TextLine>
            <TextLine id="tr_1_tl_22" custom="readingOrder {index:21;}">
                <Coords points="705,1968 1967,1928 2034,1912 2036,1868 707,1919"/>
                <Baseline points="716,1957 739,1954 784,1951 829,1951 874,1948 918,1945 963,1942 1008,1942 1053,1939 1097,1939 1142,1936 1187,1933 1232,1933 1277,1930 1321,1927 1366,1927 1411,1927 1456,1924 1500,1921 1545,1918 1590,1918 1635,1915 1679,1915 1724,1912 1769,1912 1814,1909 1858,1906 1903,1906 1948,1903 1993,1903 2037,1900"/>
                <TextEquiv>
                    <Unicode>nicht nur das Aeusserste an Verständnislosigkeit</Unicode>
                </TextEquiv>
            </TextLine>
            <TextLine id="tr_1_tl_23" custom="readingOrder {index:22;}">
                <Coords points="712,2014 2063,1965 2065,1903 714,1967"/>
                <Baseline points="725,2002 728,1999 772,1999 817,1996 862,1993 907,1993 951,1993 996,1990 1041,1987 1086,1984 1130,1984 1175,1981 1220,1981 1265,1978 1309,1975 1354,1975 1399,1975 1444,1975 1488,1969 1533,1966 1578,1966 1623,1963 1667,1960 1712,1957 1757,1957 1802,1957 1846,1954 1891,1954 1936,1951 1981,1951 2025,1948 2070,1945"/>
                <TextEquiv>
                    <Unicode>leisten, sondern bei denen,mindestens zum Teil, die</Unicode>
                </TextEquiv>
            </TextLine>
            <TextLine id="tr_1_tl_24" custom="readingOrder {index:23;}">
                <Coords points="718,2057 1996,2021 2110,2005 2110,1968 720,2012"/>
                <Baseline points="728,2043 772,2043 817,2043 862,2040 907,2040 951,2037 996,2037 1041,2034 1086,2031 1130,2028 1175,2028 1220,2025 1265,2025 1309,2022 1354,2019 1399,2019 1444,2019 1488,2016 1533,2013 1578,2011 1623,2011 1667,2008 1712,2005 1757,2005 1802,2002 1846,2002 1891,1999 1936,1999 1981,1999 2025,1996 2070,1993 2115,1990"/>
                <TextEquiv>
                    <Unicode>von mir angedeuteten Reaktionen unter dem entgegen-</Unicode>
                </TextEquiv>
            </TextLine>
            <TextLine id="tr_1_tl_25" custom="readingOrder {index:24;}">
                <Coords points="723,2117 1196,2081 1694,2105 1801,2086 1805,2025 725,2054"/>
                <Baseline points="736,2094 778,2091 823,2088 868,2088 913,2085 957,2085 1002,2082 1047,2082 1092,2079 1136,2076 1181,2076 1226,2073 1271,2070 1315,2070 1360,2067 1405,2067 1450,2067 1494,2064 1539,2061 1584,2058 1629,2058 1673,2055 1718,2055 1763,2052 1808,2055"/>
                <TextEquiv>
                    <Unicode>gesetzten Schein deutlich spürbar sind.</Unicode>
                </TextEquiv>
            </TextLine>
            <TextLine id="tr_1_tl_26" custom="readingOrder {index:25;}">
                <Coords points="1047,2181 2125,2145 2126,2085 1049,2139"/>
                <Baseline points="1056,2169 1100,2169 1145,2166 1190,2166 1235,2163 1280,2160 1324,2160 1369,2157 1414,2157 1459,2154 1503,2154 1548,2154 1593,2151 1638,2148 1682,2145 1727,2142 1772,2142 1817,2139 1861,2139 1906,2136 1951,2136 1996,2133 2040,2133 2085,2130 2130,2130"/>
                <TextEquiv>
                    <Unicode>Aus diesen Erwägungen heraus bin ich zu</Unicode>
                </TextEquiv>
            </TextLine>
            <TextLine id="tr_1_tl_27" custom="readingOrder {index:26;}">
                <Coords points="712,2248 2108,2216 2128,2141 714,2177"/>
                <Baseline points="722,2228 745,2228 790,2228 835,2225 880,2225 924,2225 969,2222 1014,2219 1059,2216 1103,2216 1148,2216 1193,2210 1238,2207 1282,2207 1327,2207 1372,2204 1417,2201 1462,2201 1506,2198 1551,2198 1596,2195 1641,2195 1685,2193 1730,2193 1775,2190 1820,2187 1864,2187 1909,2184 1954,2184 1999,2184 2043,2181 2088,2178 2133,2178"/>
                <TextEquiv>
                    <Unicode>meinem eigenen grossen Bedauern nicht imstande,Ihre</Unicode>
                </TextEquiv>
            </TextLine>
            <TextLine id="tr_1_tl_28" custom="readingOrder {index:27;}">
                <Coords points="716,2303 805,2283 925,2303 971,2277 1074,2274 1158,2306 1298,2265 1361,2276 1363,2226 718,2241"/>
                <Baseline points="728,2276 739,2276 784,2276 829,2276 874,2273 918,2270 963,2267 1008,2264 1053,2264 1097,2261 1142,2261 1187,2258 1232,2258 1277,2255 1321,2255 1366,2255"/>
                <TextEquiv>
                    <Unicode>Aktion zu unterstützen.</Unicode>
                </TextEquiv>
            </TextLine>
            <TextLine id="tr_1_tl_29" custom="readingOrder {index:28;}">
                <Coords points="1049,2357 1165,2375 1330,2355 1425,2377 1516,2350 1656,2357 1683,2352 1685,2292 1516,2303 1470,2285 1290,2319 1178,2310 1134,2334 1049,2319"/>
                <Baseline points="1059,2351 1062,2354 1106,2354 1151,2357 1196,2354 1241,2351 1285,2348 1330,2345 1375,2345 1420,2342 1464,2339 1509,2339 1554,2336 1599,2336 1644,2336 1688,2342"/>
                <TextEquiv>
                    <Unicode>In grosser Hochachtung</Unicode>
                </TextEquiv>
            </TextLine>
            <TextLine id="tr_1_tl_30" custom="readingOrder {index:29;}">
                <Coords points="1658,2428 1723,2450 1788,2428 1803,2435 1816,2430 1834,2443 1865,2450 1865,2383 1848,2386 1814,2366 1785,2383 1759,2379 1723,2386 1714,2379 1699,2388 1658,2390"/>
                <Baseline points="1667,2422 1712,2422 1757,2422 1802,2419 1846,2422 1870,2422"/>
                <TextEquiv>
                    <Unicode>Simmel.</Unicode>
                </TextEquiv>
            </TextLine>
        </TextRegion>
    </Page>
</PcGts>
