1972 3672
107 642 211 822 S.
189 734 544 820 tischer
1072 854 1393 941 26.11.1928.
331 1026 734 1121 Lieber Freund:
696 1153 1648 1242 Sie schreiben: "Würde Harz sich ver¬
341 1203 1641 1293 pflichten auf diese Weise den Weg für eine neue
347 1272 1695 1347 Ausgabe des "Reigen" frei zu machen in etwa sechs
333 1325 1590 1376 Monaten, so wäre es vielleicht richtig ihm die
347 1356 1695 1446 Chance eines solchen letzten Termins einzuräumen.
693 1415 1723 1515 Wie aber stellen Sie sich diese Ver-
348 1469 1590 1563 pflichtung vor? Wen auch Harz schreibt: „Dass
343 1542 1697 1605 er sein Bestes tun will, um einen grossen Teil der
348 1593 1673 1653 Vorräte in den nächsten Monaten in irgend einer
338 1639 1672 1699 Form aozustossen, -wie können wir nach den bisher-
341 1677 1690 1740 rigen Erfahrujgen überzeugt sein, dass er sein Be-
341 1729 1595 1780 stes tun will oder kann; nachdem er in fünfein-
350 1773 1605 1835 viertel Jahren nicht ein Exemplar verkauft hat
348 1816 1619 1874 verkauft er in dem darauffolgenden Halbjahr pl
347 1867 1587 1923 lich über 500 Stück. Kein Mensch kann glauben
341 1906 1614 1960 dass das mit rechten Dingen zugeht. Und unsere
336 1960 1636 2011 Berechtigung ohne weitere Rücksicht auf ihn die
335 1989 1697 2083 Neuausgabe zu veranstalten, steht weiterhin ausser
331 2045 506 2123 Frage.
1607 2113 1683 2191 An-
673 2110 1130 2200 Trotzdem schliesz
347 2149 1240 2237 sicht an, dass man ihm die Chance
348 2230 1408 2304 Termin einräumen könnte und ich gehe so
347 2270 1401 2336 weiter als Sie, lieber Freund und würde
345 2315 1405 2375 gabe des "Reigen" bis zum nächsten Her
348 2368 1427 2422 ben, normalerweise würden dann jedenfal
1507 2263 1614 2422 100 F
1515 2405 1604 2480 und
348 2412 1452 2467 weniger Exemplare da sein müssen als jet
343 2463 1400 2536 noch vorhandenen Vorräte waren billige
708 2518 1216 2606 falls wir jetzt vom
1476 2528 1672 2609 absehen
496 2599 1668 2645 also im Sinne einer unserer letzten Unter¬
1464 2633 1617 2682 befahrt
460 2631 1407 2704 ten die Neuauflage von "Casanovae He
505 2679 1294 2737 all und ich möchte es Ihnen an.
467 2733 1476 2793 e Novelle im Frühjahr in möglichst hü¬
484 2776 1077 2852 attung herauszubringen.
1121 2783 1495 2878 Bereiterigkeit
688 2817 1074 2881 Ihre fortdauende
739 2867 868 2929 *
