1975 3672
1725 732 1795 783 ...
704 944 1818 1031 Etwe sehn Tage später aber, am 8. März, unt
501 1010 1716 1074 Einweis auf den von Ihren Anwelt betonten - un
459 1060 1788 1131 Allen seit jeher bekannt gewesenen Umstand, "dass
459 1112 1762 1172 jeder Staatsanwalt von sich aus von neuen gegen
517 1158 1751 1217 e Sich auftreten könne, und dass dann mit der
545 1215 1779 1271 zen Transaktion nichts erreicht sei „erklären
562 1250 1816 1305 sich plötzlich überraschender Weise als ratlo,
541 1291 1821 1343 ersuchen mich mit der Erwähnung einer mir gleich¬
566 1345 1851 1399 als nicht unbekannten Tatsache zu beschwichtigen:
501 1390 1823 1447 dass mir das Eigentumsrecht an diesem Buche nicht
454 1434 1818 1490 verloren gehe (als wenn es sich um dieses Bewugst-
480 1475 1835 1531 sein und nicht viel mehr darum handelte von meinen
452 1524 1851 1588 niemals in Zweifel gezogenen Eigentumsrecht endlich.
454 1571 1853 1627 wieder praktischen Gebrauch zu machen und schließ-
450 1611 1797 1676 sen mit der Versicherung,es sei Ihnen "fatal" dass
462 1660 1788 1725 Sie in der "Reigen"- Sache zu keinem Entschlüsse
468 1702 874 1788 kommen können.
688 1765 1811 1846 Diese Ihre Anneigung einen Entschluss zu
454 1828 1734 1890 fassen empfinde ich allerdings gleichfalls als
450 1872 1851 1939 fatal. Doch im Gegensatz zu Ihnen, lieber Freund, bin
459 1930 1863 1986 ich keineswege der Ansicht, dass die Dinge verzwieckt
524 1968 688 2033 andern xxx
764 1975 1541 2028 finde, dass sie für jeden, der
480 2021 580 2073 eher
625 2024 690 2086 Ot
704 2021 1385 2093 mag und handeln will, so
1604 2005 1862 2094 ie möglich
455 2063 608 2142 liegen
940 2124 1459 2228 indelt es sich denn!
797 2259 970 2343 Ich f
1249 2259 1786 2338 Dies Gesentwerks ohne
448 2326 1807 2385 Schmälerung meines literarischen Ansehens zur Not
454 2380 1856 2462 auf die Existens des "Reigen" vollkommen verzichten.
464 2424 1832 2485 könnte/womit ich weder den "Reigen" herabzusetzen.
448 2469 602 2524 nock!
813 2475 1839 2524 ehen zu überschätzen gedenke) und dass
718 2511 1820 2571 nicht allen schwer gelänge für den "Reigen"
769 2564 1802 2618 den Verlag zu gewinnen. jedenfalls einen
912 2606 993 2660 Von
1021 2606 1322 2671 am 3. März. der
1707 2611 1839 2674 gewiss
982 2650 1123 2704 gale de
1166 2653 1247 2707 1g
1501 2657 1560 2713 auf
767 2688 1256 2753 geldetveret ndlich
1261 2693 1347 2753 alt
872 2735 1119 2800 lb seines
1137 2742 1431 2809 grossertige
660 2793 1383 2862 auch meine Werke gehören;
1594 2800 1755 2877 „Meig¬
