1972 3672
546 814 1519 926 Abschrift Brief Benjamin Harz, Verlag
1392 952 1931 1056 26. September 28
606 1049 1251 1162 Herrn Dr.Arthur Schnitzler
1689 1088 1793 1192 ten.
528 1185 1249 1288 Sehr geehrter Herr Doktor,
890 1224 1832 1309 Ihr Schreiben vom 14. Juli habe ich
530 1286 1906 1351 sehr prompt beantwortet und wundere mich sehr, dass
528 1334 1879 1399 Sie eine Beantwortung reklamieren. Anbei gebe ich
525 1381 1832 1466 Ihnen nochmals den Inhalt meines Schreibens vom
540 1431 765 1515 17. Juli.
948 1480 1893 1570 Es stimmt vollständig, dass nach un-
539 1560 1879 1620 serem Vertrag das Verlagsrecht Ihres “Reigen“ bei
542 1613 1853 1664 Veranstaltung einer neuen Auflage an Sie zurück-
544 1646 1906 1708 fällt. So lange jedoch Bestände vorhanden sind, ist
542 1696 1870 1777 die Veranstaltung einer neuen Auflage unzulässig.
540 1745 1802 1795 Die versprochene genaue Aufstellung der in den
540 1782 1832 1846 letzten Jahren durch mich abgesetzten Exemplare
539 1816 1879 1886 ist nicht so einfach zu machen und arbeiten meine
539 1870 1860 1939 Leute daran schon sehr lange. Es handelt sich um
544 1922 1867 1976 Absatz von 1-2 Exemplaren und da darüber kein be¬
544 1962 1890 2024 sonderes Buch geführt wurde, muss das erst von den
542 1996 1932 2070 Rechnungen und von sämtlichen Orten zusammengesucht
546 2058 1888 2114 werden. Da meine Leute die laufende Beschäftigung
546 2107 1968 2165 erst machen müssen, so wird das nur dann gemacht, wenn
542 2146 1858 2201 dafür übrige Zeit bleibt. Deswegen dauert das so
542 2192 1835 2252 lange. Es ist sehr möglich, dass innerhalb eines
542 2231 1837 2293 Jahres vielleicht 50 oder 80 oder 100 Stück ver-
544 2263 1885 2342 kauft werden. Ich habe für das Buch das getan, was
544 2324 1886 2388 man unter diesen Umständen tun kann und, da ich es
548 2363 1835 2436 im Preise nicht herabsetzen xxx darf,so lässt
544 2430 1832 2487 sich bei gewissen Büchern nicht viel erreichen.
922 2485 1909 2565 Für Ihren liebenswürdigen Vorschlag,
540 2545 1840 2603 die vorhandenen Exemplare zum Makulaturpreis zu
544 2593 1902 2655 übernehmen.danke ich Ihnen sehr, bedauere aber, den-
548 2642 1809 2704 selben nicht akzeptieren zu können, da mich die
544 2686 1879 2757 vorhandenen Exemplare ca. 3500r-M. nur allein Ho-
