2536 3658
1447 762 2053 863 Heidelberg, 14.4.1914.
792 811 1228 922 von Lilienthal.
797 908 1531 1013 Sehr geehrter Herr Breuer,
1181 997 2225 1086 Ihrem Wunsche entsprechend beehre ich
793 1053 2184 1127 mich Ihnen meine Meinung über Schnitzlers "Reigen"
801 1127 1143 1203 mitzuteilen.
1189 1168 2217 1267 Bei den Liebesszenen des Buches kommt
809 1224 2148 1317 kein Liebhaber schlüpfrigen Lesestoffs auf seine
805 1275 2243 1366 Rechnung. Das wirklich Anziehende liegt ausschliess-
813 1337 2169 1412 lich auf psychologischem Grunde. Die verschiedene
815 1375 2202 1463 Haltung der beteiligten Personen ist so vorzüglich
819 1430 2163 1502 vorgestellt und so künstlerisch fein geschildert,
813 1474 2192 1546 dass ich das Buch als einen wertvollen Beitrag zur
819 1525 2171 1600 Seelenkunde ansehe. Schnitzler ist der Versuchung
813 1569 2192 1637 durch lüsterne Schilderung zu wirken,so sorgfältig
813 1610 2280 1696 ausgewichen, dass die zehn Dialoge geradezu als Muster
821 1659 2225 1740 für vornehme Behandlung geschlechtlicher Stoffe er-
811 1734 1073 1810 scheinen.
1172 1773 2250 1860 Juristisch gesprochen fehlen alle Merk-
813 1841 2260 1926 male der unzüchtigen Schrift. Es ist in denanlogen
819 1897 2225 1967 nichts enthalten, was für sich allein geeignet wäre,
819 1942 2229 2016 das im Volke herrschende allgemeine Scham- und Sitt-
817 1967 2287 2068 lichkeitsgefühl in geschlechtlicher Beziehung zu ver-
826 1996 2369 2118 letzen. Durch die blosse Erwähnung,dass ein Geschlechts-
824 2080 2260 2155 verkehr stattfindet, geschieht das nicht, sonst wären,
824 2130 2266 2198 von wissenschaftlichen Verstellungen ganz abgesehen.
819 2169 2219 2250 neun Zehntel unserer sogenannten schönen Literaten
819 2210 2328 2293 nach § 184 St.G.B, zu behandeln. Es muss vielmehr noch
826 2281 2272 2347 hinzukommen, dass die Erwähnung darauf gerichtet ist,
824 2297 2347 2388 den Geschlechtstrieb zu erregen oder geeignet ist durch
832 2361 2280 2444 die Darstellung in dem normalen Menschen Widerwillen
830 2406 2266 2479 oder Abscheu zu erregen. Von beiden ist bei Schnitz-
830 2446 2388 2522 ler nicht die Rede. Weder will er einen geschlechtlichen
824 2508 2223 2572 Reiz hervorrufen. noch der Freude am geschlechtlich
834 2565 2297 2656 Obscönen genügen. Es kommt ihm nur darauf an, das pay-
