1972 3672
474 892 1819 976 prar kosten, während der Makulaturpreis bestenfalls
432 962 1759 1016 M.120.- einbringen kann. Ich bin keinesfalls ver-
412 1005 1772 1065 pflichtet, mein gut investiertes Geld nur deswegen
406 1047 1810 1113 vollständig zu verlieren, um ausschliesslich Andere
412 1089 1734 1162 vor vermeintlichem Schaden zu schützen. Ich muss
412 1140 1712 1213 mich vielmehr bemühen, mein investiertes Kapital
410 1184 1756 1269 meine Arbeit und die Zinsen, die mich daskostet, we
413 1233 1492 1313 nigstens einigermassen herauszubringen.
683 1295 1785 1393 Ich kann die Exemplare entgegenkommender
419 1337 1741 1442 Weise nur zu meinen Selbstkosten zurückgeben. zum
419 1411 1561 1484 Verlieren habe ich gar keine Veranlassung.
710 1482 1770 1555 Wie ich schon eingangs erwähnte, dürfen
410 1537 1874 1610 Sie nach meiner Auffassung,so lange Vorräte vorhanden
413 1583 1759 1645 sind, eine neue Auflage nicht veranstalten lassen.
419 1628 1829 1690 Ich nehme aber an, dass, falls Sie es doch tun würden,
419 1679 1783 1732 ich dieserhalb mit Ihnen keinen Prozess führe. Das
412 1723 1783 1783 Einzige, was ich in diesem Fall tun kann, um zu mei-
410 1770 1743 1818 nem Geld zu kommen, ist, dass ich die Exemplare zu
415 1818 1781 1872 dem herabgesetzten Preis von etwa M.2.- an das Pu-
415 1858 1761 1910 blikum absetzen werde. So lange eine neue Auflage
412 1901 1703 1954 nicht erscheint, sehe ich keine Veranlassung, das
412 1929 1805 2005 Buch unter dem Preis anzubieten. Ist das geschehen,
410 1992 1865 2073 so werde ich auf diese Weise meine Interessen wahren.
770 2060 1328 2162 Ich begrüsse Sie als
769 2129 1135 2209 Ihr ergebener
1446 2198 1577 2295 B.H.
