1971 3639
1206 789 1268 861 G.F.P.
1480 849 1647 911 G.C.F.P.
402 828 1192 943 Zur Frage Neuausgabe Reigen.
1224 893 1288 930 G.C.F.P.
1348 849 1424 948 P.P.
1539 893 1746 964 G.C.F.P.
1206 916 1289 950 G.H.F.P.
1411 897 1500 955 G.C.F.P.
1613 939 1675 971 G.H.F.P.
1502 939 1698 1013 G.C.F.P.
407 936 1507 1028 Aus Briefen an S.Fischer und B. Harz.
412 1017 1712 1098 2.6.1927. An Fischer:... Meine unverbindliche
1696 1051 1797 1134 P.P.
432 1082 1659 1141 nfrage den "Reigen" betreffend ob der Verlag
460 1132 1785 1192 . Wert darauf läge das Verlagsrecht des "Reigen"
407 1173 1785 1242 zu übernehmen wiederhole ich mit dem Ersusehen um
414 1219 867 1302 baldige Antwort.
405 1300 1806 1383 11.6.1927. An Fischer:...Was den "Reigen" betriff
407 1351 1728 1406 so besteht meines Wissens keinerlei Verhat mehr.
407 1403 1737 1456 Einen eventuell Uebergang in Ihren Verlag dachte
409 1447 1756 1491 ich mir keineswegs unter dem Zeichen einer beson-
403 1493 1822 1565 deren Propaganda, sondern gewissermassen automatisch
409 1534 1675 1590 ohne einen besonderen Hinweis, etwa so als wäre
403 1569 1781 1645 das Euch zu seinen Brüdern heimgekehrt. Aber frei-
402 1625 1755 1684 lich ist es unter den heutigen Umständen möglich,
409 1675 1744 1723 da nun gerade ungeheuerlicher Weise dieses im Ge-
402 1719 1806 1779 gensatz zu so vielem seither (auch in Ihrem Verlag)
405 1765 1785 1815 veröffentlichten wahrhaft zahmen, um nicht zu sagen
403 1802 1742 1866 sittliche Buch ein Schlagwort und Schlacht-
398 1852 1751 1912 auf geworden ist, dass bei irgend einem Anlass die
394 1900 1772 1956 Hetze wieder angeht und ich habe keinerlei Neigung
398 1942 1769 1999 dem Verlag Fischer zu etwas zuzureden, wo er nicht
393 1992 1774 2048 mit dem Herzen dabei ist. Von anderen Enträgen, die
400 2041 1765 2094 an mich gelangt sind, ist nur einer immerhin disku-
400 2084 1778 2142 tabel ich werde ihn erst näher in Betracht ziehen
394 2130 1684 2206 wenn die Gefahr besteht, dass das Buch ganz aus
387 2161 872 2241 handel schwindet.
391 2234 1353 2319 27.10.1927. An Fischer:... (an Mari
391 2306 1205 2363 ich auch mit Herrn F. die Frau
393 2351 1206 2427 des Reigen im Fischer-Verlage
393 2395 1217 2460 alleinige Verfügungsrecht).Ich
1387 2400 1473 2451 auch nach seinem Rücken nach dem Herrn.
478 2439 1162 2510 zung bei Gelegenheit einer
394 2444 455 2496 wä
1452 2439 1535 2508 quam
389 2489 465 2545 al.
515 2483 1091 2556 zurlei Dokumentarisches
387 2536 476 2588 etwa
543 2531 1001 2593 zu meiner Rechts
501 2577 976 2635 kulturgeschichtli.
524 2623 585 2685 Eil
960 2666 1139 2749 menhelt.
