2536 3658
1153 752 2033 897 Berlin JW.Pariserplatz 12,4,14.
578 897 1288 1007 Professor Max Liebermann.
583 1013 1130 1142 Sehr geehrter Herr.
1003 1077 2060 1182 Obgleich ich schon gestern Herrn Ewers
591 1172 2107 1244 meine Meinung über das Verbot von "Reigen" gesagt habe,
598 1210 2122 1294 will ich Sie doch noch Ihrem Wunsche gemäss schriftlich
600 1292 940 1372 formulieren.
998 1313 2092 1425 Es ist beschämend für den Kulturzustand
598 1393 2008 1476 unserer Zeit, wenn ein Buch wie Schnitzlers "Reigen"
600 1442 2071 1528 konfisziert wird. Als ob ein Kunstwerk nicht jenseits
602 1493 1987 1606 von moralisch oder unmoralisch wäre. Das Traurigste
598 1545 2113 1659 aber: wenn die Polizei Sittenrichterin wird: die verbo-
604 1624 2079 1710 tenen Bücher sind die begehrtesten, praktisch also be-
604 1672 2071 1754 wirkt das Polizeiverbot gerade das Gegenteil von dem,
612 1718 2041 1799 was es bewirken will. Moralisch aber züchtigt es die
612 1765 1982 1856 Heuchelei, wenn der stärkste und natürlichste Trieb
610 1816 2115 1925 im Menschen nicht mehr in der Kunst dargestellt werden
612 1890 762 1970 darf.
990 1944 1455 2039 Hochachtungsvoll
1429 2027 1944 2128 Dr. Max Liebermann.
