1971 3639
353 833 1477 951 ganzen Vorrats auf einmal eine kleine Rechts-
349 912 1650 987 des Preises eintreten kann.... Dass ich das Ver
353 940 1705 1035 fügungsrecht von der 101. Auflage besitze, steht
360 1001 1766 1084 fest. Dieses Recht wird natürlich in gewissem Sinne
356 1043 1698 1121 Ullusorisch, wenn Sie weder dem Käufer des Restbe-
356 1093 1703 1180 standes entgegenkommen, noch irgend etwa dazu tun
358 1138 1691 1207 die noch vorhanden 4-4-000 Exemplare abzusetzen.
361 1184 1731 1264 Denn es ist eine Tatsache, dass der Reigen im Buch-
360 1242 1689 1307 handel einfach nicht existiert, was natürlich nur
363 1275 1605 1356 so zu erklären ist, dass diese 44000 Exemplare
367 1291 1703 1391 oder wenigstens einTeil davon irgendwo festgehal-
367 1363 1694 1443 ten werden und aus irgend einem Grunde nicht auf
363 1394 1764 1494 den Markt gebracht werden. Wäre ein solcher Zustand
363 1463 1694 1528 rechtlich zulässig, so hätte es jeder Verleger in
365 1505 1708 1587 der Hand den Autor einfach dadurch um die Früchte
361 1540 1689 1622 seiner Arbeit zu bringen, dass er in irgend einem
368 1594 1608 1670 Augenblick das Werk des Autors aus dem Handel
372 1634 1701 1733 zieht oder wenigstens läs sig oder gar nicht ver-
375 1705 575 1784 treibt.
370 1773 1675 1868 §.3.1928. Anfrage an Harz: 1. Um welchen Betrag
386 1815 1766 1894 Sie den Gesamtbestand der noch vorrätigen Exemplare
374 1855 1771 1929 des Reigen pauschaliter gegen bar verkaufen würden,
372 1906 1673 1985 2. innerhalb welcher Zeit die Uebernahme dieses
375 1968 1656 2027 Gesamt bestandes und unter welchen Modalitäten
375 1996 1692 2089 diese Uebernahme dieser Exemplare durch die prä-
379 2045 1480 2154 sumtiven neuen Verleger erfolgen könnte.
1054 2099 1131 2148 1.
375 2103 1736 2220 15.3.1928. An Fischer!...Ich halte die Forderung
384 2183 1710 2261 von Harz in jedem Falle für eine zu hohe (zirka
384 2224 1629 2299 5000 Mark) ).glaube aber, dass er sich doch ent
381 2271 1631 2343 schliessen würde zirka 2000 Mark nachzulassen
386 2322 1650 2389 wenn er auf sofortige Barzahlung rechnen darf.
377 2357 1729 2436 2. Ich wäre nach wie vor bereit den Kauf zu glei-
388 2410 1715 2478 chen Teilen mit dem Verlag Fischer durchzuführen
386 2448 1492 2534 es musstennstürlich dann auch die Eingän¬
379 2448 1720 2567 cher Weise repartiert werden.
388 2524 1691 2604 Uebernahme des Reigen durch meinen angestammten
384 2569 1692 2655 Verlag von mir keineswegs aus finanziellen Erwäg
486 2604 1677 2692 angestrebt wird ersehen Sie aus meinen Vor
454 2650 1726 2776 schlägen. Es handelt sich mir nicht so sehr darum
