1972 3672
395 947 1651 1037 es schon einmal bei kritischen Geistern (auch
392 1004 1806 1076 höherer Ært) vorzukommen pflegt, hält sich die allzu
392 1066 1789 1125 freundliche Rezensentin für die Ueberschätzung die-
393 1114 1809 1166 ses einen unter meinen Büchern durch gründliche Ver-
392 1162 1807 1225 kennung.ja Ablehnung meiner gesamten bisherigen Pro-
395 1201 1793 1260 duktion so schadlos wie nur möglich. Welche Leicht-
392 1252 1723 1302 fertigkeit gehört doch dazu in meinem Gesamtwerk
397 1287 1739 1346 bis sur „Therese“ (das doch immerhin unter andern
395 1328 1721 1388 die "Liebelei, "Beatrice", den "Grünen Kakadu", den
392 1374 1743 1432 "Profes or Bernhardi", den "Einsamen Weg“,den “Wgs
395 1401 1809 1486 ins Freie,“ den "Gang zum Weiher“, den “Jungen Medar-
393 1467 1741 1528 dus" und noch ein paar Dutzend andere Stücke und
392 1510 1668 1579 Novellen enthält) nichts zu bemerken, als "die
395 1559 1802 1625 schmerzlich-heitere Welt meiner Wiener Aristokraten
392 1596 1850 1660 mit ihren lebensverliebten Nichtigkeiten und lässigen
392 1651 1769 1705 Besorgnissen. Und das heillose Geschwätz,
390 1695 1745 1745 xxx" als hätte erst das Wissen darum, dass auch in
390 1736 1763 1798 Oesterreich die Welt aus tausend Wunden blutet und
395 1778 1719 1831 die Liebenswürdigkeit der Sonnbeschienenen sich
397 1831 1719 1890 verkriechen muss in Scheu vor andrängendem Elend
397 1870 1750 1931 und bitterster Not mich gepackt", "umdräut von den
393 1909 1826 1978 furchtbaren Wolken der Zeit"stürzte ich tief in mich
393 1969 1872 2023 zusammen und"finde dort unten im Dunkel der heiligsten
399 2002 1769 2061 Schmerzen.des lautersten Menschenwehs die Kraft zu
395 2052 1876 2111 sagen, wie ich leide um alle Kreatur“. Und “im Schiff-
386 2091 1828 2149 bruch seiner gleissenden Welt denkt er zuerst an die
393 2137 1848 2184 Andern und dieses über sich selbst Hinauswachsen,die-
393 2186 1773 2238 ses Heimverlangen nach den Andern zur Not der tief
397 2229 1802 2308 enthofften Leidenswege der Mühseligen und Beladenen
390 2278 1456 2363 mag ihn von sich ganz zu sich erlösen.
638 2355 1846 2446 Wie gut gemeint und welch blühender Unsinn.
393 2411 1773 2468 Diktatur der Phasse und des Cliches, der sich weder
392 2457 1802 2510 Schreibende noch Lesende, weder Freund noch Feind zu
399 2504 930 2582 entziehen vermögen.
724 2567 1221 2666 herzlichst grüssend
645 2764 986 2845 Fischer,Verld
392 2804 579 2887 Berlin.
