1972 3672
418 898 1801 995 „halb mit mir keinen Prozess führen xxx, dass Sie
427 980 1771 1027 aber, um zu Ihrem Geld zu kommen, die Exemplare zum
425 1017 1786 1089 herabgesetzt Preis von zwei Mark absetzen würden.
660 1089 1833 1175 Mit anderen Worten: Sie sind entschlossen,
437 1137 1722 1205 so bald ich von meinem kontraktlich verbrieften
418 1192 1733 1259 Recht Gebrauch mache mein Buch, das Sie nun durch
422 1246 1771 1297 fünfeinviertel Jahre überhaupt nicht mehr vertrie-
425 1293 1767 1338 ben haben, von der 101 Auflage an in einem anderen
1111 1334 1746 1392 in einen kaufmännischen
442 1336 997 1383 Verlage erscheinen is
450 1375 1761 1432 Wettbewerb einzutreten, für den den richtigen Aus-
425 1422 1506 1499 druck zu finden ich Ihnen anheimstelle.
693 1480 1801 1565 Ein letztes Mal möchte ich trotzdem, wenn
414 1523 1773 1608 schon nicht an unsere bisherige persönliche, trotz
422 1583 1846 1670 aller geschäftlichen Misshelligkeiten, angenehme Ver-
422 1643 1874 1701 bindung, doch an Ihre geschäftliche Einsicht appellie-
420 1694 1758 1746 ren und Ihnen zur Erwägung geben,ob Sie nicht in
442 1729 1789 1795 jedem Falle besser fahren, wenn wir Ihnen heute für
450 1784 1818 1833 den sofortigen Verkauf der bei Ihnen noch lagernden
1132 1823 1773 1870 2500 Mark, sofort zahlbar
423 1829 871 1876 Bestände den Bet
1113 1868 1743 1945 g offerieren, den Betrag
422 1874 1001 1937 bei sofortiger Ablieb
422 1922 1737 1969 also, den Sie bei segulärem Verkauf der Bestände,
420 1962 1694 2022 wenn's gut geht, innerhalb der nächsten hundert
418 2005 1758 2059 Jahre allmählig erzielen könnten, als nach monate-
425 2041 1833 2106 ja nach jahrelanger unverantwortlicher Vernachlässi-
425 2097 1851 2157 gung der primitivsten und gesetzlich gewährleisteten
438 2147 1816 2200 Verlegerpflichten gegenüber meinem Werk eine Beein-
440 2183 1799 2241 trächtigung meiner Autorenrechte in dem Augenblick
425 2232 1842 2292 zu versuchen, da ich mir erlaube ganz im Sinne meines
444 2282 1774 2352 Vertrags endlich wieder von ihnen Gebrauch machen
423 2325 718 2402 zu wollen.
716 2374 1866 2475 Sollten Sie auf diesen meinen letzten Vor-
423 2432 1743 2513 schlag einzugehen nicht in der Lage sein, worüber
423 2500 1799 2561 ich bis spätestens 15. ktober endgültige Nachricht
425 2546 1778 2620 erwarte, so werde ich meine Autorenrechte ohne wei¬
425 2578 1932 2670 tere Rücksicht auf Sie auszuüben, entsprechenden Falles
423 2636 995 2709 auch zu wahren wissen
753 2702 1497 2801 Mit vorzüglicher Hochachtung
755 2775 1057 2852 ihr ergebene
