1971 3639
334 775 1588 852 mir freundlichst zugesagte Aufstellung...min¬
339 848 1583 909 destens nach Halbjahren geordnet...Sie würden
334 880 1651 965 mir eine Gefälligkeit erweisen, auch eine Erledi-
350 930 1562 992 gung.... resp. eventuelle Uebernahme der bei
341 988 1595 1060 fhnen noch vorhandenen Exemplare erleichtern.
607 1032 673 1098 D
343 1048 1595 1123 7.6.1928. n Fischer:...Ich finde in meiner
341 1119 1520 1184 Reigen-Korrespondenz einen Brief meines An-
343 1137 1649 1219 walts Dr. Rosenberger vom 11.12.1926,aus dem her
346 1196 1689 1275 vorgeht, dass damals sich bei Harz noch 4521 Exam
343 1243 1747 1313 re auf Lager sich befanden. Darnach scheint es, dass
1469 1289 1709 1350 kein oder
712 1296 1455 1352 der letzten 1½ Jahre fast
341 1299 675 1357 Harz im Lau###
712 1340 766 1369 G.F.P.
338 1336 1679 1409 überhaupt kein Exemplar mehr abgesetzt hat - ein
677 1392 743 1415 3
469 1396 523 1429 2.
341 1376 1598 1443 neuer Beweis dafür, dass sein Lagerbestand zum
346 1420 1681 1525 Teile oder gänzlich auf irgend eine Weise seiner
348 1476 1392 1572 persönlichen Verfügung entz gen ist.
1315 1534 1371 1567 G.F.P.
1460 1511 1525 1565 G.F.P.
341 1535 1672 1656 23.6.1928. An Fischer:...Ich bin ganz Ihrer Mei
1532 1611 1625 1668 zur
974 1604 1430 1674 erheberrecht nur
922 1616 983 1665 0
341 1618 927 1684 nung, dass da Harz das
922 1633 981 1675 G.C.H.
348 1654 1389 1728 101. Auflage besitzt, wir ohne eiters ein
351 1691 1681 1777 Auflage veranstalten könnten. Wenn Sie sich dazu
357 1756 1705 1808 entschliessen könnten würde ich einfach in diesem
378 1798 1593 1850 inne an Harz schreiben. Etwa so: Aus unserer
371 1826 1642 1892 orrespondenz geht zur Evidenz hervor, dass Sie
355 1887 1710 1938 im Laufe der letzten 2,3 Jahre so gut wie xxx kein
351 1904 1756 1988 Exemplar des Reigen verkauft haben. Ihr xxxx Ver-
353 1980 1703 2048 lagsrecht ist bekanntlich mit der 101. Auflage ab-
355 2020 1707 2090 gelaufen. Da Sie Ihren Hestbestand nicht zu einem
350 2067 1714 2121 möglichen Preise hergeben wollen, aber Ihr Verlags-
351 2105 1705 2170 recht und Ihre Verlagspflicht aus welchen Gründen
353 2149 1742 2228 nicht ausüben, so werden wir ohne jede weitere Rück-
353 2189 1709 2268 sicht auf Sie eine neue Ausgabe des Reigen veran-
351 2244 1691 2310 stalten, wovon ich Sie der Ordnung wegen in Kennt
1462 2291 1523 2336 G.F.P.
353 2300 635 2363 nis setze.
350 2324 1597 2410 Dass Herrn Harz, gerade ihm, die Verbreitung xxx
360 2378 1724 2434 verboten sein sollte, halte ich für ausgeschlossen.
357 2419 1703 2480 Aber selbst wenn ein solches Verbot bestände, was
362 2459 1658 2530 doch unbedingt in Erfahrung zu bringen sein mus
379 2499 1598 2578 ginge das uns nicht das Allergeringste an...
364 2534 1600 2613 Es handelt sich wirklich um eine prinzipielle
1478 2576 1583 2637 den
364 2579 1444 2674 Frage. Ich kann in meinem Gesamtwerk an
1168 2632 1308 2711 Fisch
479 2639 1046 2742 einen verzichten und dem
