1972 3672
396 792 1519 917 Abschrift Brief Benjamin Harz, Verlag
1360 841 1732 908 „Ostsek iston
776 862 938 912 4rsäl
1065 892 1751 957 xxx segnigenie .0 St.M.
444 894 1031 956 pev aIlslaamie ned dor
419 942 859 1001 zugewerb xxx bled
875 938 1934 1038 Berlin, 26. September 28
1500 1000 1693 1045 desser et de
977 980 1380 1042 er, heres itev us
408 986 928 1045 sehme dellszei-liosame
1248 1023 1721 1091 sadoff miecme v Tov
410 1035 507 1100 G. P.
532 1030 1281 1132 Herrn Dr. Arthur Schnitzler.
1274 1074 1797 1163 xxx wien.
1065 1093 1281 1132 M. Neun
410 1079 523 1133 .Ist
361 1125 470 1211 -gew.
486 1118 1737 1186 gefackaab dolm eib, meanis eib hun fiedrå eniem
855 1169 1728 1244 ter Herr Doktor.
523 1167 843 1265 Sehr geehrt
882 1213 1841 1280 Ihr Schreiben vom 14. Juli habe ich
354 1232 493 1316 Le tere
861 1258 1915 1324 beantwortet und wundere mich sehr, dass
539 1250 656 1339 sehr
519 1274 1890 1376 Sie eine Beantwortung reklamieren. Anbei gebe ich
535 1360 1836 1440 Ihnen nochmals den Inhalt meines Schreibens vom
530 1399 767 1485 17. Juli.
794 1431 1387 1496 agneamte nodos dol ei
553 1454 628 1491 P.S.
662 1456 741 1494 Lun Ue
375 1417 452 1500 G.F.S.
540 1456 1913 1558 Es stimmt vollständig,dass nach un-
260 1456 507 1559 registrire
537 1535 1890 1598 serem Vertrag das Verlagsrecht Ihres "Reigen" bei
306 1570 482 1639 desitir
553 1588 1855 1644 Veranstaltung einer neuen Auflage an Sie zurück-
352 1619 426 1674 P.S.
542 1614 1913 1697 fällt. So lange jedoch Bestände vorhanden sind, ist
546 1676 1883 1749 die Veranstaltung einer neuen Auflage unzulässig.
535 1720 1818 1767 Die versprochene genaue Aufstellung der in den
544 1760 1832 1825 letzten Jahren durch mich abgesetzten Exemplare
426 1793 489 1850 .P.
544 1809 1890 1873 ist nicht so einfach zu machen und arbeiten meine
429 1843 514 1896 Bsh
542 1855 1866 1904 Leute daran schon sehr lange. Es handelt sich um
361 1878 505 1947 S.H.F.P.
540 1904 1885 1968 Absatz von 1-2 Exemplaren und da darüber kein be-
366 1932 461 2013 .S.W.
542 1943 1897 2003 sonderes Buch geführt wurde, muss das erst von den
539 1991 1947 2049 Rechnungen und von sämtlichen Orten zusammengesucht
553 2038 1892 2093 werden. Da meine Leute die laufende Beschäftigung
549 2080 1961 2167 erst machen müssen, so wird das nur dann gemacht, wenn
542 2126 1866 2179 dafür übrige Zeit bleibt. Deswegen dauert das so
540 2172 1844 2225 länge. Es ist sehr möglich, dass innerhalb eines
544 2211 1853 2267 Jahres vielleicht 50 oder 80 oder 100 Stück ver-
540 2260 1896 2320 kauft werden. Ich habe für das Buch das getan, was
544 2316 1897 2362 man unter diesen Umständen tun kann und, da ich es
542 2350 1844 2409 im Preise nicht herabsetzen xxxx darf, so lässt
542 2399 1834 2476 sich bei gewissen Büchern nicht viel erreichen.
901 2480 1920 2545 Für Ihren liebenswürdigen Vorschlag,
539 2526 1848 2584 die vorhandenen Exemplare zum Makulaturpreis zu
539 2577 1913 2636 übernehmen, danke ich Ihnen sehr, bedauere aber, den-
540 2629 1813 2682 selben nicht akzeptieren zu können, da mich die
547 2679 1888 2761 vorhandenen Exemplare ca. 3500r-M. nur allein Ho-
