1971 3639
365 829 1696 925 dass der Reigen endlich in einem anderen, sondern
365 906 1579 964 darum, dass er im Verlage S. Fischer erscheine
509 930 1761 1028 xyz
365 1000 1465 1063 Kirperinlakauksa.
360 1034 1705 1105 und aus meiner Ansicht, dass gerade in diesem spe-
369 1089 1696 1151 ziellen Fall auch der Verlag einen gewissen Wert
364 1131 1710 1201 darauf legen müsste, habe ich niemals ein Hehl ge-
367 1182 535 1263 macht.
362 1250 1651 1326 29.3.1928. An Fischer:.... So sind wir denn in
369 1317 1639 1369 der Sache Harz genau dort, wo wir vor einem hal
367 1347 1752 1415 ben Jahre standen. Harz soll zuerst seine Exempla-
362 1406 1621 1490 re verkaufen und dann käme der Verlag Fischer
364 1446 951 1502 mit einer Neuausgabe.
362 1486 1700 1555 Die Sache steh aber doch so, dass der Weiterver-
365 1535 1709 1593 kauf der Exemplare bei Harz gar nicht fortschrei-
371 1577 1710 1644 tet, wenn nicht... der Verkauf überhaupt aus äus-
367 1621 1747 1703 seren oder inneren Gründen speziell für Harz lahm-
367 1679 1621 1737 geleg ist. Jedesfalls erscheint es mir ausge-
364 1724 1766 1791 schlossen, dass die noch vorhandenen 4-5000 Exempla-
364 1764 1647 1824 re, wenn sie in Harzens Besitz bleiben, im Laufe
367 1822 1609 1871 der nächsten 10-20 Jahre verkauft werden. Da-
365 1855 1614 1920 rum eben lag mir daran das Buch von Harz auch
367 1915 1609 1966 praktisch volikommen frei zu bekommen,theore-
367 1948 1611 2001 tisch habe ich ja das Verfügungsrecht von der
364 1990 1639 2050 101. Auflage an schon lange genug. Aber es wird
208 1983 351 2092 Wm
364 2013 1726 2109 mir klarer, dass es vollkommen in Harzens Belieben
364 2086 1651 2168 steht dieses mein Recht illusorisch zu machen.
365 2165 1689 2242 7.4.1928. An Harz:... Die Klausel, dass eine neue
383 2221 1443 2277 Kuflage erst dann erscheinen dürfe nach
369 2275 1430 2324 bei Ihnen vorhanden Bestände ausverkauft.
365 2322 1513 2373 scheint mir, dass mir von der 101. Aufl. an
367 2364 1637 2417 der zustehende Verfügungsrecht über den Reiger
365 2415 1609 2469 in einem gewissen Mass illusorisch zu machen.
388 2441 1665 2499 ....Keineswegs könnte ich einen neuen Verleger
364 2481 1563 2543 dazu verhalten diese Bestände zu kaufen und
362 2529 1658 2590 hätte umso weniger Grund dazu, als ja wie gesagt
367 2574 1661 2667 unser Vertrag Ihnen ein Recht zu dieser Klause)
365 2627 813 2709 keineswegs einrää
374 2702 785 2798 7.4 1928. An H
1434 2711 1509 2800 ant
