<?xml version="1.0" encoding="UTF-8" standalone="yes"?>
<PcGts xmlns="http://schema.primaresearch.org/PAGE/gts/pagecontent/2013-07-15" xmlns:xsi="http://www.w3.org/2001/XMLSchema-instance" xsi:schemaLocation="http://schema.primaresearch.org/PAGE/gts/pagecontent/2013-07-15 http://schema.primaresearch.org/PAGE/gts/pagecontent/2013-07-15/pagecontent.xsd">
    <Metadata>
        <Creator>prov=READ-COOP:name=TrHtr:version=2.1.0:model_id=51170:date=25_07_2023_01:49</Creator>
        <Created>2023-05-02T08:17:00.215+02:00</Created>
        <LastChange>2023-07-25T01:49:47.645+02:00</LastChange>
        <TranskribusMetadata docId="1416747" pageId="54953775" pageNr="23" tsid="130580238" status="IN_PROGRESS" userId="64420" imgUrl="https://files.transkribus.eu/Get?id=TBGZZVMNZJHJAEBUZAJROAIR&amp;fileType=view" xmlUrl="https://files.transkribus.eu/Get?id=LBZJBYGDGNBUGLOCGLQNDADA" imageId="44457500"/>
    </Metadata>
    <Page imageFilename="1416747_0023.jpg" imageWidth="1972" imageHeight="3672">
        <ReadingOrder>
            <OrderedGroup id="ro_1711825854465" caption="Regions reading order">
                <RegionRefIndexed index="0" regionRef="tr_2"/>
                <RegionRefIndexed index="1" regionRef="tr_1"/>
            </OrderedGroup>
        </ReadingOrder>
        <TextRegion id="tr_2" custom="readingOrder {index:0;}">
            <Coords points="274,764 1792,764 1792,1864 274,1864"/>
            <TextLine id="tr_2_tl_1" custom="readingOrder {index:0;}">
                <Coords points="264,823 316,832 361,818 391,832 469,818 542,837 578,820 602,835 608,757 540,769 512,752 460,752 444,769 422,760 372,783 325,754 262,755"/>
                <Baseline points="274,818 304,818 334,816 364,816 394,814 424,814 454,818 484,820 514,822 544,826 574,828 604,824 614,822"/>
                <TextEquiv>
                    <Unicode>tischer</Unicode>
                </TextEquiv>
            </TextLine>
            <TextLine id="tr_2_tl_2" custom="readingOrder {index:1;}">
                <Coords points="917,835 1026,847 1045,833 1090,837 1120,825 1155,846 1196,825 1222,844 1264,842 1285,832 1283,754 1212,769 1179,759 1144,783 1052,773 1031,787 988,759 969,767 958,757 915,778"/>
                <Baseline points="926,820 956,820 986,820 1016,820 1046,820 1076,824 1106,822 1136,826 1166,826 1196,824 1226,824 1256,824 1286,822 1290,822"/>
                <TextEquiv>
                    <Unicode>Reigen</Unicode>
                </TextEquiv>
            </TextLine>
            <TextLine id="tr_2_tl_3" custom="readingOrder {index:2;}">
                <Coords points="1380,912 1415,889 1488,906 1531,898 1601,922 1639,922 1655,908 1703,938 1738,917 1788,934 1785,870 1705,844 1651,856 1587,820 1533,846 1479,823 1377,839"/>
                <Baseline points="1390,900 1420,900 1450,898 1480,892 1510,892 1540,894 1570,896 1600,900 1630,898 1660,902 1690,906 1720,906 1750,912 1780,916 1792,914"/>
                <TextEquiv>
                    <Unicode>of rellestion</Unicode>
                </TextEquiv>
            </TextLine>
            <TextLine id="tr_2_tl_4" custom="readingOrder {index:3;}">
                <Coords points="1224,927 1240,927 1247,924 1248,920 1261,927 1271,924 1274,927 1283,927 1280,875 1267,873 1254,875 1248,882 1245,880 1241,882 1233,891 1229,887 1221,887"/>
                <Baseline points="1232,914 1262,916 1284,918"/>
                <TextEquiv>
                    <Unicode>4.</Unicode>
                </TextEquiv>
            </TextLine>
            <TextLine id="tr_2_tl_5" custom="readingOrder {index:4;}">
                <Coords points="778,941 943,967 1043,936 1198,995 1254,969 1328,984 1490,957 1488,901 1450,892 1354,931 1281,899 1254,924 1188,925 1052,873 993,891 929,861 870,880 833,861 776,892"/>
                <Baseline points="788,924 818,926 848,928 878,928 908,926 938,926 968,926 998,926 1028,924 1058,922 1088,922 1118,920 1148,922 1178,934 1208,944 1238,946 1268,948 1298,948 1328,948 1358,948 1388,948 1418,948 1448,950 1478,952 1492,954"/>
                <TextEquiv>
                    <Unicode>Theur 14.11.1918.</Unicode>
                </TextEquiv>
            </TextLine>
            <TextLine id="tr_2_tl_6" custom="readingOrder {index:5;}">
                <Coords points="342,1116 385,1132 417,1116 462,1130 497,1111 719,1127 715,1042 648,1035 611,1054 453,1033 340,1043"/>
                <Baseline points="352,1104 382,1104 412,1106 442,1104 472,1106 502,1106 532,1110 562,1110 592,1110 622,1108 652,1110 682,1110 712,1114 722,1114"/>
                <TextEquiv>
                    <Unicode>Lieber Freund,</Unicode>
                </TextEquiv>
            </TextLine>
            <TextLine id="tr_2_tl_7" custom="readingOrder {index:6;}">
                <Coords points="738,1257 884,1257 938,1280 962,1261 1273,1255 1366,1295 1436,1273 1420,1193 736,1177"/>
                <Baseline points="748,1246 778,1248 808,1250 838,1252 868,1252 898,1252 928,1254 958,1254 988,1256 1018,1256 1048,1256 1078,1258 1108,1258 1138,1260 1168,1260 1198,1260 1228,1262 1258,1262 1288,1264 1318,1266 1348,1270 1378,1270 1408,1268 1438,1270 1440,1270"/>
                <TextEquiv>
                    <Unicode>Beigeschlossen die Antwort</Unicode>
                </TextEquiv>
            </TextLine>
            <TextLine id="tr_2_tl_8" custom="readingOrder {index:7;}">
                <Coords points="1479,1269 1582,1276 1585,1205 1568,1198 1545,1203 1535,1200 1526,1205 1509,1196 1483,1198"/>
                <Baseline points="1488,1274 1494,1274 1524,1272 1554,1270 1584,1270"/>
                <TextEquiv>
                    <Unicode>von</Unicode>
                </TextEquiv>
            </TextLine>
            <TextLine id="tr_2_tl_9" custom="readingOrder {index:8;}">
                <Coords points="337,1288 1387,1325 1386,1294 1304,1259 934,1278 656,1215 335,1214"/>
                <Baseline points="346,1282 376,1282 406,1282 436,1282 466,1284 496,1286 526,1288 556,1288 586,1288 616,1290 646,1290 676,1292 706,1294 736,1294 766,1294 796,1294 826,1296 856,1298 886,1298 916,1298 946,1298 976,1300 1006,1302 1036,1302 1066,1302 1096,1304 1126,1304 1156,1306 1186,1306 1216,1306 1246,1306 1276,1306 1306,1308 1336,1306 1366,1306 1392,1306"/>
                <TextEquiv>
                    <Unicode>die vor einigen Tagen an mich gelangt</Unicode>
                </TextEquiv>
            </TextLine>
            <TextLine id="tr_2_tl_10" custom="readingOrder {index:9;}">
                <Coords points="333,1333 1698,1372 1698,1328 1585,1316 332,1287"/>
                <Baseline points="342,1328 372,1330 402,1330 432,1328 462,1328 492,1330 522,1330 552,1332 582,1332 612,1334 642,1334 672,1336 702,1336 732,1338 762,1338 792,1340 822,1340 852,1342 882,1342 912,1344 942,1344 972,1346 1002,1346 1032,1348 1062,1348 1092,1348 1122,1348 1152,1348 1182,1350 1212,1352 1242,1352 1272,1352 1302,1350 1332,1352 1362,1352 1392,1354 1422,1354 1452,1354 1482,1356 1512,1356 1542,1358 1572,1358 1602,1360 1632,1360 1662,1360 1692,1360 1702,1362"/>
                <TextEquiv>
                    <Unicode>deren Rücksendung ich sehr bitte. Das Wesentliche</Unicode>
                </TextEquiv>
            </TextLine>
            <TextLine id="tr_2_tl_11" custom="readingOrder {index:10;}">
                <Coords points="340,1382 1724,1420 1710,1365 339,1330"/>
                <Baseline points="348,1374 378,1372 408,1374 438,1374 468,1374 498,1376 528,1378 558,1378 588,1380 618,1380 648,1382 678,1382 708,1386 738,1384 768,1384 798,1384 828,1386 858,1386 888,1388 918,1388 948,1388 978,1390 1008,1392 1038,1394 1068,1394 1098,1392 1128,1394 1158,1394 1188,1394 1218,1396 1248,1396 1278,1398 1308,1400 1338,1400 1368,1400 1398,1400 1428,1400 1458,1404 1488,1404 1518,1402 1548,1404 1578,1402 1608,1404 1638,1406 1668,1406 1698,1408 1728,1408"/>
                <TextEquiv>
                    <Unicode>erscheint mir, dass wie er schreibt, heute plötzlich</Unicode>
                </TextEquiv>
            </TextLine>
            <TextLine id="tr_2_tl_12" custom="readingOrder {index:11;}">
                <Coords points="332,1431 1582,1453 1568,1405 330,1384"/>
                <Baseline points="342,1418 372,1418 402,1418 432,1420 462,1420 492,1420 522,1422 552,1422 582,1424 612,1424 642,1426 672,1426 702,1426 732,1428 762,1428 792,1430 822,1428 852,1430 882,1430 912,1434 942,1432 972,1434 1002,1436 1032,1436 1062,1436 1092,1436 1122,1438 1152,1440 1182,1442 1212,1442 1242,1442 1272,1444 1302,1444 1332,1442 1362,1442 1392,1442 1422,1444 1452,1446 1482,1448 1512,1446 1542,1446 1572,1446 1584,1446"/>
                <TextEquiv>
                    <Unicode>nicht mehr ganz 4000 Exemplare vorhanden sind</Unicode>
                </TextEquiv>
            </TextLine>
            <TextLine id="tr_2_tl_13" custom="readingOrder {index:12;}">
                <Coords points="330,1474 1582,1497 1559,1450 328,1431"/>
                <Baseline points="340,1464 370,1462 400,1464 430,1466 460,1466 490,1466 520,1470 550,1470 580,1470 610,1472 640,1474 670,1474 700,1476 730,1476 760,1478 790,1478 820,1478 850,1478 880,1478 910,1478 940,1480 970,1482 1000,1482 1030,1482 1060,1482 1090,1482 1120,1484 1150,1484 1180,1486 1210,1484 1240,1484 1270,1484 1300,1486 1330,1488 1360,1486 1390,1488 1420,1488 1450,1488 1480,1490 1510,1490 1540,1492 1570,1492 1586,1492"/>
                <TextEquiv>
                    <Unicode>nachdem vor einem halben Jahr etwa noch 4521</Unicode>
                </TextEquiv>
            </TextLine>
            <TextLine id="tr_2_tl_14" custom="readingOrder {index:13;}">
                <Coords points="332,1509 1642,1547 1589,1488 330,1474"/>
                <Baseline points="342,1508 372,1506 402,1508 432,1510 462,1510 492,1510 522,1512 552,1512 582,1514 612,1514 642,1516 672,1518 702,1518 732,1518 762,1520 792,1518 822,1518 852,1520 882,1520 912,1522 942,1522 972,1524 1002,1524 1032,1526 1062,1526 1092,1526 1122,1528 1152,1528 1182,1530 1212,1534 1242,1532 1272,1534 1302,1534 1332,1532 1362,1534 1392,1534 1422,1534 1452,1534 1482,1536 1512,1538 1542,1538 1572,1538 1602,1540 1632,1540 1644,1542"/>
                <TextEquiv>
                    <Unicode>da waren und xxx im Laufe von 1½ Jahren ungefähr</Unicode>
                </TextEquiv>
            </TextLine>
            <TextLine id="tr_2_tl_15" custom="readingOrder {index:14;}">
                <Coords points="328,1557 1658,1592 1656,1538 328,1507"/>
                <Baseline points="338,1550 368,1552 398,1552 428,1554 458,1554 488,1556 518,1558 548,1558 578,1558 608,1560 638,1562 668,1560 698,1562 728,1562 758,1562 788,1564 818,1564 848,1566 878,1568 908,1568 938,1570 968,1570 998,1570 1028,1570 1058,1570 1088,1570 1118,1574 1148,1576 1178,1576 1208,1578 1238,1576 1268,1578 1298,1578 1328,1580 1358,1582 1388,1582 1418,1582 1448,1582 1478,1584 1508,1586 1538,1586 1568,1584 1598,1586 1628,1586 1658,1590 1662,1590"/>
                <TextEquiv>
                    <Unicode>kein einziges Exemplar verkauft worden war, d.h.</Unicode>
                </TextEquiv>
            </TextLine>
            <TextLine id="tr_2_tl_16" custom="readingOrder {index:15;}">
                <Coords points="325,1606 1691,1637 1689,1596 1632,1590 323,1563"/>
                <Baseline points="334,1596 364,1596 394,1598 424,1598 454,1602 484,1600 514,1602 544,1602 574,1602 604,1604 634,1604 664,1604 694,1606 724,1608 754,1608 784,1608 814,1610 844,1612 874,1612 904,1614 934,1612 964,1614 994,1614 1024,1616 1054,1616 1084,1616 1114,1616 1144,1618 1174,1618 1204,1618 1234,1620 1264,1620 1294,1622 1324,1622 1354,1622 1384,1622 1414,1622 1444,1624 1474,1624 1504,1626 1534,1626 1564,1626 1594,1626 1624,1628 1654,1632 1684,1632 1694,1630"/>
                <TextEquiv>
                    <Unicode>also, dass Herr Harz ganz nach seinem Belieben die</Unicode>
                </TextEquiv>
            </TextLine>
            <TextLine id="tr_2_tl_17" custom="readingOrder {index:16;}">
                <Coords points="323,1651 1695,1686 1672,1637 323,1599"/>
                <Baseline points="332,1640 362,1640 392,1642 422,1644 452,1646 482,1646 512,1646 542,1646 572,1646 602,1648 632,1648 662,1650 692,1650 722,1652 752,1652 782,1654 812,1652 842,1654 872,1656 902,1656 932,1658 962,1658 992,1658 1022,1660 1052,1660 1082,1662 1112,1662 1142,1662 1172,1662 1202,1664 1232,1664 1262,1666 1292,1666 1322,1668 1352,1668 1382,1670 1412,1668 1442,1668 1472,1670 1502,1672 1532,1672 1562,1672 1592,1674 1622,1676 1652,1678 1682,1678 1698,1682"/>
                <TextEquiv>
                    <Unicode>Exemplare zurückhalten oder verkaufen kann. Jetzt</Unicode>
                </TextEquiv>
            </TextLine>
            <TextLine id="tr_2_tl_18" custom="readingOrder {index:17;}">
                <Coords points="332,1703 1667,1728 1667,1691 1544,1675 330,1649"/>
                <Baseline points="342,1686 372,1686 402,1688 432,1690 462,1690 492,1690 522,1690 552,1692 582,1694 612,1694 642,1694 672,1694 702,1696 732,1698 762,1698 792,1700 822,1700 852,1698 882,1702 912,1702 942,1704 972,1704 1002,1704 1032,1706 1062,1706 1092,1708 1122,1708 1152,1710 1182,1710 1212,1710 1242,1710 1272,1710 1302,1712 1332,1712 1362,1712 1392,1714 1422,1716 1452,1712 1482,1714 1512,1718 1542,1718 1572,1716 1602,1718 1632,1718 1662,1720 1670,1722"/>
                <TextEquiv>
                    <Unicode>wo er eine Gefahr nahen sieht, bringt er das Buch</Unicode>
                </TextEquiv>
            </TextLine>
            <TextLine id="tr_2_tl_19" custom="readingOrder {index:18;}">
                <Coords points="328,1741 1509,1783 1507,1722 1429,1715 326,1705"/>
                <Baseline points="338,1732 368,1732 398,1734 428,1734 458,1736 488,1736 518,1738 548,1740 578,1738 608,1738 638,1740 668,1742 698,1742 728,1744 758,1744 788,1744 818,1744 848,1744 878,1746 908,1746 938,1746 968,1748 998,1748 1028,1750 1058,1750 1088,1752 1118,1752 1148,1754 1178,1754 1208,1754 1238,1756 1268,1756 1298,1756 1328,1756 1358,1760 1388,1760 1418,1758 1448,1758 1478,1760 1508,1762 1512,1762"/>
                <TextEquiv>
                    <Unicode>in den Handel, lässt man ihn in Ruhe,so wie</Unicode>
                </TextEquiv>
            </TextLine>
            <TextLine id="tr_2_tl_20" custom="readingOrder {index:19;}">
                <Coords points="326,1787 1450,1811 1438,1774 1267,1757 325,1740"/>
                <Baseline points="334,1780 364,1778 394,1780 424,1778 454,1778 484,1780 514,1782 544,1782 574,1782 604,1784 634,1784 664,1784 694,1786 724,1788 754,1788 784,1790 814,1790 844,1790 874,1792 904,1792 934,1792 964,1794 994,1794 1024,1794 1054,1796 1084,1796 1114,1798 1144,1800 1174,1800 1204,1798 1234,1800 1264,1800 1294,1798 1324,1802 1354,1802 1384,1804 1414,1802 1444,1804 1454,1804"/>
                <TextEquiv>
                    <Unicode>er sich um das Buch wieder nicht kümmern.</Unicode>
                </TextEquiv>
            </TextLine>
            <TextLine id="tr_2_tl_21" custom="readingOrder {index:20;}">
                <Coords points="1495,1846 1516,1851 1550,1840 1580,1849 1618,1823 1710,1828 1741,1820 1740,1768 1715,1762 1696,1768 1688,1759 1611,1787 1544,1769 1493,1776"/>
                <Baseline points="1504,1806 1534,1808 1564,1810 1594,1812 1624,1812 1654,1812 1684,1812 1714,1812 1744,1812 1746,1812"/>
                <TextEquiv>
                    <Unicode>Was also</Unicode>
                </TextEquiv>
            </TextLine>
            <TextLine id="tr_2_tl_22" custom="readingOrder {index:21;}">
                <Coords points="323,1858 901,1840 1394,1879 1450,1866 1450,1820 321,1785"/>
                <Baseline points="330,1824 360,1822 390,1822 420,1824 450,1824 480,1826 510,1826 540,1826 570,1828 600,1828 630,1828 660,1830 690,1832 720,1832 750,1834 780,1834 810,1836 840,1838 870,1838 900,1838 930,1838 960,1840 990,1840 1020,1842 1050,1842 1080,1842 1110,1846 1140,1846 1170,1846 1200,1846 1230,1846 1260,1846 1290,1848 1320,1848 1350,1848 1380,1850 1410,1850 1440,1852 1454,1854"/>
                <TextEquiv>
                    <Unicode>tun? Ich habe ihm noch nicht geschrieben.</Unicode>
                </TextEquiv>
            </TextLine>
        </TextRegion>
        <TextRegion id="tr_1" custom="readingOrder {index:1;}">
            <Coords points="296,1870 1740,1870 1740,2880 296,2880"/>
            <TextLine id="tr_1_tl_1" custom="readingOrder {index:0;}">
                <Coords points="731,1927 1738,1965 1736,1882 1656,1898 1594,1863 1540,1896 1061,1854 960,1887 879,1858 729,1875"/>
                <Baseline points="740,1920 770,1922 800,1924 830,1926 860,1926 890,1928 920,1928 950,1930 980,1930 1010,1932 1040,1934 1070,1934 1100,1936 1130,1938 1160,1940 1190,1940 1220,1940 1250,1940 1280,1940 1310,1940 1340,1940 1370,1942 1400,1942 1430,1944 1460,1946 1490,1948 1520,1948 1550,1950 1580,1950 1610,1952 1640,1952 1670,1952 1700,1950 1730,1952 1740,1954"/>
                <TextEquiv>
                    <Unicode>Bei Prof. Brecka handelt es sich wohl</Unicode>
                </TextEquiv>
            </TextLine>
            <TextLine id="tr_1_tl_2" custom="readingOrder {index:1;}">
                <Coords points="314,1971 1686,1997 1660,1953 314,1922"/>
                <Baseline points="324,1962 354,1962 384,1962 414,1962 444,1964 474,1964 504,1964 534,1964 564,1964 594,1966 624,1966 654,1966 684,1966 714,1966 744,1968 774,1970 804,1970 834,1970 864,1972 894,1972 924,1972 954,1972 984,1974 1014,1976 1044,1976 1074,1976 1104,1978 1134,1978 1164,1980 1194,1980 1224,1982 1254,1982 1284,1982 1314,1986 1344,1986 1374,1986 1404,1986 1434,1986 1464,1984 1494,1986 1524,1986 1554,1990 1584,1990 1614,1990 1644,1992 1674,1992 1688,1992"/>
                <TextEquiv>
                    <Unicode>um eine Uebersetzung ins Csechische, nicht ins Pol</Unicode>
                </TextEquiv>
            </TextLine>
            <TextLine id="tr_1_tl_3" custom="readingOrder {index:2;}">
                <Coords points="311,2011 1675,2066 1674,1997 1589,1988 309,1969"/>
                <Baseline points="320,2004 350,2002 380,2004 410,2006 440,2006 470,2006 500,2008 530,2010 560,2008 590,2010 620,2010 650,2012 680,2012 710,2012 740,2012 770,2012 800,2012 830,2014 860,2016 890,2016 920,2018 950,2018 980,2020 1010,2020 1040,2022 1070,2024 1100,2022 1130,2022 1160,2024 1190,2024 1220,2026 1250,2026 1280,2026 1310,2026 1340,2026 1370,2028 1400,2028 1430,2030 1460,2030 1490,2032 1520,2032 1550,2034 1580,2036 1610,2038 1640,2040 1670,2040 1678,2036"/>
                <TextEquiv>
                    <Unicode>nische (ein Versehen in dem Brief vom 30½ Oktober)</Unicode>
                </TextEquiv>
            </TextLine>
            <TextLine id="tr_1_tl_4" custom="readingOrder {index:3;}">
                <Coords points="309,2056 1597,2090 1597,2044 1478,2033 1222,2056 307,2007"/>
                <Baseline points="316,2046 346,2046 376,2046 406,2048 436,2050 466,2050 496,2050 526,2052 556,2052 586,2054 616,2054 646,2056 676,2056 706,2058 736,2058 766,2060 796,2062 826,2060 856,2062 886,2062 916,2062 946,2064 976,2066 1006,2066 1036,2068 1066,2068 1096,2070 1126,2070 1156,2072 1186,2070 1216,2072 1246,2072 1276,2072 1306,2072 1336,2074 1366,2074 1396,2074 1426,2078 1456,2078 1486,2078 1516,2080 1546,2082 1576,2082 1602,2084"/>
                <TextEquiv>
                    <Unicode>Mit 10% Tantieme könnte man sich wohl begnügen</Unicode>
                </TextEquiv>
            </TextLine>
            <TextLine id="tr_1_tl_5" custom="readingOrder {index:4;}">
                <Coords points="316,2097 1702,2130 1688,2077 314,2052"/>
                <Baseline points="326,2090 356,2092 386,2092 416,2094 446,2098 476,2100 506,2100 536,2100 566,2102 596,2104 626,2104 656,2104 686,2106 716,2110 746,2108 776,2108 806,2110 836,2110 866,2108 896,2110 926,2108 956,2112 986,2112 1016,2114 1046,2112 1076,2114 1106,2116 1136,2118 1166,2116 1196,2116 1226,2118 1256,2118 1286,2120 1316,2118 1346,2120 1376,2120 1406,2120 1436,2120 1466,2122 1496,2122 1526,2124 1556,2126 1586,2126 1616,2128 1646,2128 1676,2126 1706,2122"/>
                <TextEquiv>
                    <Unicode>eine Anzahlung von 1000 c.K., die wohl wahrschein-</Unicode>
                </TextEquiv>
            </TextLine>
            <TextLine id="tr_1_tl_6" custom="readingOrder {index:5;}">
                <Coords points="307,2148 1700,2186 1698,2134 306,2106"/>
                <Baseline points="316,2140 346,2138 376,2138 406,2140 436,2140 466,2142 496,2140 526,2140 556,2142 562,2144 578,2142 608,2144 638,2146 668,2146 698,2148 728,2150 758,2150 788,2150 818,2150 848,2152 878,2152 908,2152 938,2156 968,2156 998,2162 1028,2158 1058,2158 1088,2158 1118,2160 1148,2160 1178,2160 1208,2162 1238,2162 1268,2164 1298,2164 1328,2166 1358,2166 1388,2168 1418,2168 1448,2170 1478,2170 1508,2170 1538,2172 1568,2174 1598,2174 1628,2174 1658,2172 1688,2172 1704,2170"/>
                <TextEquiv>
                    <Unicode>lich für "Fräulein Eise" geleistet wurde,erscheint</Unicode>
                </TextEquiv>
            </TextLine>
            <TextLine id="tr_1_tl_7" custom="readingOrder {index:6;}">
                <Coords points="304,2188 425,2191 460,2210 533,2193 571,2214 672,2207 708,2226 776,2210 774,2174 663,2163 649,2149 439,2139 304,2153"/>
                <Baseline points="314,2182 344,2182 374,2184 404,2184 434,2184 464,2184 494,2184 524,2188 554,2186 584,2186 614,2184 644,2188 674,2190 704,2192 734,2190 764,2190 778,2196"/>
                <TextEquiv>
                    <Unicode>mir für Therese</Unicode>
                </TextEquiv>
            </TextLine>
            <TextLine id="tr_1_tl_8" custom="readingOrder {index:7;}">
                <Coords points="905,2214 1519,2238 1519,2174 1259,2163 1179,2179 1064,2160 1024,2177 983,2158 936,2179 905,2163"/>
                <Baseline points="914,2204 944,2204 974,2202 1004,2204 1034,2206 1064,2204 1094,2206 1124,2208 1154,2208 1184,2210 1214,2212 1244,2210 1274,2210 1304,2210 1334,2212 1364,2212 1394,2210 1424,2210 1454,2210 1484,2210 1514,2214 1524,2212"/>
                <TextEquiv>
                    <Unicode>l zu gering.unter 3000F</Unicode>
                </TextEquiv>
            </TextLine>
            <TextLine id="tr_1_tl_9" custom="readingOrder {index:8;}">
                <Coords points="313,2243 1250,2283 1248,2224 1155,2210 686,2224 311,2184"/>
                <Baseline points="320,2230 350,2228 380,2228 410,2228 440,2230 470,2234 500,2232 530,2232 560,2234 590,2236 620,2234 650,2236 680,2238 710,2238 740,2238 770,2240 800,2240 830,2240 860,2242 890,2244 920,2248 950,2246 980,2248 1010,2248 1040,2248 1070,2250 1100,2252 1130,2252 1160,2252 1190,2252 1220,2254 1250,2254 1252,2254"/>
                <TextEquiv>
                    <Unicode>bitte das Recht nicht zu vergeben.</Unicode>
                </TextEquiv>
            </TextLine>
            <TextLine id="tr_1_tl_10" custom="readingOrder {index:9;}">
                <Coords points="740,2347 764,2335 1120,2339 1217,2370 1214,2268 1037,2280 1012,2266 910,2299 738,2276"/>
                <Baseline points="750,2330 780,2328 810,2330 840,2332 870,2334 900,2336 930,2336 960,2336 990,2336 1020,2336 1050,2338 1080,2342 1110,2340 1140,2342 1170,2342 1200,2346 1222,2346"/>
                <TextEquiv>
                    <Unicode>Wurde mit der Age</Unicode>
                </TextEquiv>
            </TextLine>
            <TextLine id="tr_1_tl_11" custom="readingOrder {index:10;}">
                <Coords points="302,2367 1193,2393 1181,2342 844,2353 681,2304 569,2299 498,2335 425,2304 382,2328 300,2306"/>
                <Baseline points="312,2364 342,2364 372,2366 402,2364 432,2366 462,2366 492,2368 522,2370 552,2370 582,2372 612,2372 642,2372 672,2372 702,2372 732,2374 762,2374 792,2376 822,2376 852,2378 882,2380 912,2380 942,2380 972,2382 1002,2382 1032,2384 1062,2386 1092,2386 1122,2388 1152,2388 1182,2388 1198,2390"/>
                <TextEquiv>
                    <Unicode>in Hinsicht auf das französische</Unicode>
                </TextEquiv>
            </TextLine>
            <TextLine id="tr_1_tl_12" custom="readingOrder {index:11;}">
                <Coords points="415,2479 514,2485 594,2446 783,2476 1089,2434 1195,2457 1193,2394 411,2375"/>
                <Baseline points="422,2410 452,2410 482,2412 512,2412 542,2412 572,2414 602,2414 632,2418 662,2422 692,2422 722,2420 752,2420 782,2420 812,2422 842,2424 872,2424 902,2426 932,2426 962,2428 992,2430 1022,2430 1052,2430 1082,2430 1112,2430 1142,2432 1172,2432 1198,2426"/>
                <TextEquiv>
                    <Unicode>"Therese" weiter verhandelt?</Unicode>
                </TextEquiv>
            </TextLine>
            <TextLine id="tr_1_tl_13" custom="readingOrder {index:12;}">
                <Coords points="800,2521 852,2512 894,2540 948,2518 1193,2544 1274,2526 1349,2540 1347,2459 1307,2453 1233,2472 1080,2438 991,2460 936,2445 887,2476 799,2472"/>
                <Baseline points="810,2514 840,2516 870,2516 900,2516 930,2518 960,2518 990,2520 1020,2520 1050,2522 1080,2522 1110,2524 1140,2524 1170,2524 1200,2524 1230,2526 1260,2526 1282,2528 1296,2528 1326,2526 1354,2530"/>
                <TextEquiv>
                    <Unicode>nur die freundliche Umständen</Unicode>
                </TextEquiv>
            </TextLine>
            <TextLine id="tr_1_tl_14" custom="readingOrder {index:13;}">
                <Coords points="1580,2542 1596,2540 1613,2552 1636,2549 1632,2488 1623,2488 1618,2493 1604,2492 1601,2488 1594,2495 1578,2498"/>
                <Baseline points="1590,2534 1618,2538 1640,2536"/>
                <TextEquiv>
                    <Unicode>ng</Unicode>
                </TextEquiv>
            </TextLine>
            <TextLine id="tr_1_tl_15" custom="readingOrder {index:14;}">
                <Coords points="335,2551 389,2557 408,2547 457,2559 538,2556 537,2486 521,2488 488,2474 453,2483 408,2474 382,2495 333,2488"/>
                <Baseline points="344,2542 374,2548 404,2546 434,2546 464,2548 494,2548 524,2550 542,2550"/>
                <TextEquiv>
                    <Unicode>des Artils</Unicode>
                </TextEquiv>
            </TextLine>
            <TextLine id="tr_1_tl_16" custom="readingOrder {index:15;}">
                <Coords points="585,2557 1613,2582 1613,2544 1571,2538 941,2518 898,2542 583,2492"/>
                <Baseline points="594,2552 624,2556 654,2558 684,2556 714,2556 744,2558 774,2560 804,2558 834,2560 864,2562 894,2562 924,2562 954,2564 984,2564 1014,2564 1044,2566 1074,2568 1104,2570 1134,2570 1164,2570 1194,2570 1224,2570 1254,2570 1284,2572 1314,2572 1344,2574 1374,2576 1404,2578 1434,2576 1464,2578 1494,2580 1524,2580 1554,2578 1584,2580 1614,2582 1618,2582"/>
                <TextEquiv>
                    <Unicode>le von Frau Nettesheim danke ich best</Unicode>
                </TextEquiv>
            </TextLine>
            <TextLine id="tr_1_tl_17" custom="readingOrder {index:16;}">
                <Coords points="297,2604 1656,2641 1656,2596 1582,2584 297,2554"/>
                <Baseline points="306,2588 336,2588 366,2592 396,2592 426,2592 456,2594 486,2594 516,2596 546,2598 576,2600 606,2600 636,2600 666,2602 696,2602 726,2602 756,2604 786,2606 816,2608 846,2610 876,2610 906,2612 936,2614 966,2614 996,2616 1026,2608 1056,2608 1086,2612 1116,2614 1146,2614 1176,2614 1206,2616 1236,2618 1242,2622 1260,2622 1290,2620 1320,2620 1350,2622 1380,2620 1410,2622 1440,2624 1470,2624 1500,2626 1530,2626 1560,2628 1590,2628 1620,2628 1650,2630 1660,2630"/>
                <TextEquiv>
                    <Unicode>Die Dame überschätst die „Therese“ in mancher Hin</Unicode>
                </TextEquiv>
            </TextLine>
            <TextLine id="tr_1_tl_18" custom="readingOrder {index:17;}">
                <Coords points="286,2651 1649,2688 1608,2629 285,2615"/>
                <Baseline points="296,2638 326,2638 356,2638 386,2638 416,2640 446,2640 476,2640 506,2642 536,2642 566,2644 596,2646 626,2648 656,2648 686,2648 716,2650 746,2650 776,2650 806,2650 836,2652 866,2654 896,2654 926,2654 956,2656 986,2658 1016,2658 1046,2658 1076,2660 1106,2660 1136,2662 1166,2662 1196,2662 1226,2666 1256,2668 1286,2664 1316,2664 1346,2668 1376,2668 1406,2672 1436,2672 1466,2672 1496,2670 1526,2672 1556,2672 1586,2674 1616,2674 1646,2676 1652,2676"/>
                <TextEquiv>
                    <Unicode>sicht und dass hier ein grossartiger Beginn sich</Unicode>
                </TextEquiv>
            </TextLine>
            <TextLine id="tr_1_tl_19" custom="readingOrder {index:18;}">
                <Coords points="290,2683 1375,2724 1373,2676 1300,2669 288,2646"/>
                <Baseline points="300,2682 330,2684 360,2684 390,2684 420,2686 450,2686 480,2690 510,2690 540,2690 570,2692 600,2694 630,2694 660,2694 690,2696 720,2698 750,2698 780,2698 810,2700 840,2700 870,2700 900,2700 930,2700 960,2702 990,2702 1020,2704 1050,2706 1080,2706 1110,2708 1140,2708 1170,2710 1200,2708 1230,2710 1260,2710 1290,2712 1320,2712 1350,2712 1378,2714"/>
                <TextEquiv>
                    <Unicode>kündet", ist ein liebenswürdiger Irrtum,</Unicode>
                </TextEquiv>
            </TextLine>
            <TextLine id="tr_1_tl_20" custom="readingOrder {index:19;}">
                <Coords points="288,2738 1274,2768 1262,2715 286,2688"/>
                <Baseline points="298,2726 328,2728 358,2730 388,2734 418,2732 448,2732 478,2734 508,2736 538,2738 568,2742 598,2744 628,2742 658,2742 688,2742 718,2742 748,2744 778,2744 808,2746 838,2746 868,2746 898,2748 928,2748 958,2750 988,2752 1018,2754 1048,2754 1078,2754 1108,2756 1138,2758 1168,2756 1198,2756 1228,2758 1258,2758 1278,2758"/>
                <TextEquiv>
                    <Unicode>Entstehung, wie mich dünkt, der jetzt</Unicode>
                </TextEquiv>
            </TextLine>
            <TextLine id="tr_1_tl_21" custom="readingOrder {index:20;}">
                <Coords points="297,2792 498,2827 616,2794 965,2841 1149,2806 1361,2827 1359,2773 1294,2761 295,2736"/>
                <Baseline points="306,2778 336,2778 366,2778 396,2778 426,2780 456,2782 486,2786 516,2786 546,2788 576,2788 606,2790 636,2790 666,2790 696,2790 726,2792 756,2792 786,2794 816,2794 846,2794 876,2796 906,2796 936,2798 966,2798 996,2800 1026,2800 1056,2800 1086,2802 1116,2804 1146,2802 1176,2802 1206,2804 1236,2806 1266,2808 1296,2808 1326,2810 1356,2814 1366,2818"/>
                <TextEquiv>
                    <Unicode>lichen, sagen wir sozialpolitischen Ein=</Unicode>
                </TextEquiv>
            </TextLine>
            <TextLine id="tr_1_tl_22" custom="readingOrder {index:21;}">
                <Coords points="332,2880 573,2900 729,2894 773,2870 1068,2880 1068,2827 741,2837 662,2808 590,2825 537,2806 498,2827 332,2806"/>
                <Baseline points="342,2858 372,2860 402,2860 432,2860 462,2862 492,2862 522,2862 552,2862 582,2864 612,2866 642,2866 672,2866 702,2866 732,2866 762,2866 792,2868 822,2868 852,2866 882,2866 912,2868 942,2868 972,2866 1002,2868 1032,2868 1062,2870 1070,2870"/>
                <TextEquiv>
                    <Unicode>sthetischer Betrachtungswei###</Unicode>
                </TextEquiv>
            </TextLine>
            <TextLine id="tr_1_tl_23" custom="readingOrder {index:22;}">
                <Coords points="1120,2872 1132,2872 1139,2868 1155,2882 1165,2884 1181,2868 1191,2868 1193,2816 1174,2814 1170,2811 1165,2814 1153,2806 1144,2813 1122,2813"/>
                <Baseline points="1130,2870 1160,2868 1190,2868 1196,2870"/>
                <TextEquiv>
                    <Unicode>I re</Unicode>
                </TextEquiv>
            </TextLine>
        </TextRegion>
    </Page>
</PcGts>
