<?xml version="1.0" encoding="UTF-8" standalone="yes"?>
<PcGts xmlns="http://schema.primaresearch.org/PAGE/gts/pagecontent/2013-07-15" xmlns:xsi="http://www.w3.org/2001/XMLSchema-instance" xsi:schemaLocation="http://schema.primaresearch.org/PAGE/gts/pagecontent/2013-07-15 http://schema.primaresearch.org/PAGE/gts/pagecontent/2013-07-15/pagecontent.xsd">
    <Metadata>
        <Creator>prov=READ-COOP:name=TrHtr:version=2.1.0:model_id=51170:date=25_07_2023_01:49</Creator>
        <Created>2023-05-02T08:17:04.524+02:00</Created>
        <LastChange>2023-07-25T01:49:59.973+02:00</LastChange>
        <TranskribusMetadata docId="1416747" pageId="54953923" pageNr="55" tsid="130580283" status="IN_PROGRESS" userId="64420" imgUrl="https://files.transkribus.eu/Get?id=QBLXRSAUCIZOPAVHTGZAVYSO&amp;fileType=view" xmlUrl="https://files.transkribus.eu/Get?id=SVGILRMJWFRZVKMNDDMWJNDW" imageId="44457648"/>
    </Metadata>
    <Page imageFilename="1416747_0055.jpg" imageWidth="1957" imageHeight="3639">
        <ReadingOrder>
            <OrderedGroup id="ro_1711825878881" caption="Regions reading order">
                <RegionRefIndexed index="0" regionRef="tr_3"/>
                <RegionRefIndexed index="1" regionRef="tr_2"/>
                <RegionRefIndexed index="2" regionRef="tr_1"/>
            </OrderedGroup>
        </ReadingOrder>
        <TextRegion id="tr_3" custom="readingOrder {index:0;}">
            <Coords points="263,799 1681,799 1681,1307 263,1307"/>
            <TextLine id="tr_3_tl_1" custom="readingOrder {index:0;}">
                <Coords points="254,904 1552,863 1578,784 255,830"/>
                <Baseline points="263,887 291,889 321,887 351,885 381,885 411,885 441,883 471,883 501,883 531,881 561,881 591,881 621,879 651,877 681,877 711,877 741,875 771,875 801,875 831,873 861,871 891,871 921,871 951,873 981,869 1011,867 1041,867 1071,865 1101,865 1131,865 1161,863 1191,861 1221,859 1251,859 1281,859 1311,859 1341,859 1371,857 1401,857 1431,855 1461,853 1491,851 1521,849 1551,851 1581,853"/>
                <TextEquiv>
                    <Unicode>((Auf diesen Brief erfolgte bis heute 26.9.1928)</Unicode>
                </TextEquiv>
            </TextLine>
            <TextLine id="tr_3_tl_2" custom="readingOrder {index:1;}">
                <Coords points="268,933 1516,912 1589,904 1590,867 269,898"/>
                <Baseline points="279,933 303,933 333,931 363,931 393,929 423,929 453,929 483,927 513,927 543,925 573,925 603,925 633,923 663,923 693,923 723,921 753,919 783,919 813,917 843,917 873,915 903,915 933,915 963,913 993,915 1023,913 1053,911 1083,909 1113,909 1143,909 1173,911 1203,909 1233,909 1263,909 1293,907 1323,907 1353,905 1383,905 1413,901 1443,897 1473,897 1503,895 1533,893 1563,891 1593,889"/>
                <TextEquiv>
                    <Unicode>trotz wiederholter Mahnung keine Antwort. Anläss</Unicode>
                </TextEquiv>
            </TextLine>
            <TextLine id="tr_3_tl_3" custom="readingOrder {index:2;}">
                <Coords points="268,985 1502,955 1601,949 1603,907 269,933"/>
                <Baseline points="277,979 285,979 315,979 345,979 375,977 405,977 435,975 465,973 495,973 525,973 555,973 585,973 615,971 645,971 675,969 705,967 735,965 765,965 795,965 825,965 855,963 885,961 915,961 945,959 975,959 1005,957 1035,957 1065,955 1095,955 1125,953 1155,953 1185,951 1215,951 1245,949 1275,949 1305,949 1335,947 1365,947 1395,945 1425,943 1455,943 1485,943 1515,943 1545,939 1575,937 1605,939"/>
                <TextEquiv>
                    <Unicode>lich einer Begegnung mit Dr. Maril bestand H. da-</Unicode>
                </TextEquiv>
            </TextLine>
            <TextLine id="tr_3_tl_4" custom="readingOrder {index:3;}">
                <Coords points="266,1029 1254,1016 1562,993 1564,949 268,986"/>
                <Baseline points="275,1025 277,1025 307,1023 337,1023 367,1023 397,1025 427,1023 457,1023 487,1021 517,1021 547,1021 577,1019 607,1017 637,1017 667,1015 697,1015 727,1015 757,1009 787,1007 817,1007 847,1005 877,1005 907,1003 937,1001 967,1001 997,1001 1027,1001 1057,1001 1087,1001 1117,999 1147,997 1177,995 1207,995 1237,995 1267,993 1297,993 1327,991 1357,991 1387,989 1417,987 1447,987 1477,987 1507,987 1537,985 1567,985"/>
                <TextEquiv>
                    <Unicode>rauf, dass er das Recht auch von der 101. Auflage</Unicode>
                </TextEquiv>
            </TextLine>
            <TextLine id="tr_3_tl_5" custom="readingOrder {index:4;}">
                <Coords points="268,1085 1585,1048 1636,985 269,1029"/>
                <Baseline points="277,1069 291,1069 321,1067 351,1067 381,1065 411,1065 441,1065 471,1063 501,1063 531,1063 561,1061 591,1059 621,1059 651,1059 681,1057 711,1057 741,1057 771,1055 801,1053 831,1051 861,1051 891,1049 921,1051 951,1049 981,1047 1011,1045 1041,1047 1071,1045 1101,1045 1131,1045 1161,1043 1191,1043 1221,1041 1251,1039 1281,1037 1311,1037 1341,1039 1371,1037 1401,1035 1431,1033 1461,1033 1491,1031 1521,1031 1551,1031 1581,1031 1611,1027 1641,1025"/>
                <TextEquiv>
                    <Unicode>an weiter besitze und den Reigen zu einem billige-</Unicode>
                </TextEquiv>
            </TextLine>
            <TextLine id="tr_3_tl_6" custom="readingOrder {index:5;}">
                <Coords points="266,1125 1657,1094 1678,1025 268,1081"/>
                <Baseline points="275,1117 301,1115 331,1111 361,1111 391,1109 421,1109 451,1109 481,1107 511,1107 541,1107 571,1105 601,1105 631,1105 661,1105 691,1103 721,1101 751,1101 781,1099 811,1099 841,1099 871,1097 901,1097 931,1095 961,1095 991,1093 1021,1093 1051,1093 1081,1091 1111,1091 1141,1091 1171,1089 1201,1087 1231,1085 1261,1085 1291,1085 1321,1085 1351,1083 1381,1081 1411,1081 1441,1077 1471,1079 1501,1079 1531,1077 1561,1079 1591,1079 1621,1079 1651,1077 1681,1077"/>
                <TextEquiv>
                    <Unicode>ren Preise an einen neuen Verlag nicht zu verkaufen</Unicode>
                </TextEquiv>
            </TextLine>
            <TextLine id="tr_3_tl_7" custom="readingOrder {index:6;}">
                <Coords points="266,1175 1643,1140 1645,1095 268,1127"/>
                <Baseline points="275,1169 297,1165 327,1165 357,1163 387,1161 417,1161 447,1161 477,1161 507,1159 537,1157 567,1157 597,1155 627,1155 657,1153 687,1153 717,1151 747,1149 777,1149 807,1149 837,1147 867,1147 897,1147 927,1145 957,1143 987,1139 1017,1139 1047,1139 1077,1137 1107,1135 1137,1135 1167,1135 1197,1133 1227,1133 1257,1131 1287,1131 1317,1129 1347,1127 1377,1129 1407,1127 1437,1125 1467,1125 1497,1125 1527,1123 1557,1123 1587,1121 1617,1121 1647,1127"/>
                <TextEquiv>
                    <Unicode>gedenke, aber nicht einen Process anstrengen werde,</Unicode>
                </TextEquiv>
            </TextLine>
            <TextLine id="tr_3_tl_8" custom="readingOrder {index:7;}">
                <Coords points="268,1219 1619,1184 1634,1140 269,1175"/>
                <Baseline points="277,1209 287,1207 317,1205 347,1203 377,1201 407,1203 437,1201 467,1201 497,1199 527,1199 557,1197 587,1197 617,1197 647,1195 677,1193 707,1193 737,1191 767,1193 797,1189 827,1189 857,1187 887,1187 917,1187 947,1185 977,1185 1007,1185 1037,1183 1067,1183 1097,1183 1127,1181 1157,1179 1187,1179 1217,1177 1247,1177 1277,1175 1307,1175 1337,1175 1367,1173 1397,1173 1427,1171 1457,1171 1487,1171 1517,1169 1547,1167 1577,1165 1607,1165 1637,1163"/>
                <TextEquiv>
                    <Unicode>sondern nur seine Bestände weiter verkaufen,-nach-</Unicode>
                </TextEquiv>
            </TextLine>
            <TextLine id="tr_3_tl_9" custom="readingOrder {index:8;}">
                <Coords points="268,1258 1559,1261 1582,1185 269,1221"/>
                <Baseline points="277,1251 295,1251 325,1249 355,1249 385,1249 415,1249 445,1247 475,1247 505,1245 535,1243 565,1241 595,1241 625,1241 655,1239 685,1239 715,1239 745,1239 775,1239 805,1239 835,1237 865,1235 895,1235 925,1235 955,1235 985,1235 1015,1233 1045,1231 1075,1231 1105,1229 1135,1227 1165,1227 1195,1225 1225,1225 1255,1223 1285,1223 1315,1223 1345,1223 1375,1223 1405,1221 1435,1219 1465,1217 1495,1215 1525,1215 1555,1215 1585,1217"/>
                <TextEquiv>
                    <Unicode>dem er sie durch 1£ Jahre „siehe Vorhergehendes,</Unicode>
                </TextEquiv>
            </TextLine>
            <TextLine id="tr_3_tl_10" custom="readingOrder {index:9;}">
                <Coords points="268,1309 317,1300 347,1319 433,1324 574,1309 639,1323 750,1317 752,1252 368,1250 268,1270"/>
                <Baseline points="277,1297 307,1295 337,1295 367,1293 397,1293 427,1291 457,1291 487,1291 517,1289 547,1289 577,1289 607,1287 637,1287 667,1287 697,1287 727,1285 757,1287"/>
                <TextEquiv>
                    <Unicode>zurückgehalten)(.</Unicode>
                </TextEquiv>
            </TextLine>
        </TextRegion>
        <TextRegion id="tr_2" custom="readingOrder {index:1;}">
            <Coords points="277,1303 1659,1303 1659,2019 277,2019"/>
            <TextLine id="tr_2_tl_1" custom="readingOrder {index:0;}">
                <Coords points="273,1386 1425,1386 1534,1361 1536,1291 490,1337 366,1310 273,1354"/>
                <Baseline points="283,1385 309,1383 339,1383 369,1383 399,1383 429,1381 459,1381 489,1381 519,1381 549,1379 579,1379 609,1379 639,1377 669,1375 699,1375 729,1373 759,1375 789,1371 819,1371 849,1371 879,1371 909,1369 939,1369 969,1367 999,1367 1029,1367 1059,1365 1089,1363 1119,1363 1149,1363 1179,1361 1209,1361 1239,1361 1269,1359 1299,1361 1329,1361 1359,1361 1389,1361 1419,1359 1449,1357 1479,1357 1509,1355 1539,1353"/>
                <TextEquiv>
                    <Unicode>Am 14.7.1928. auf Vorschlag Fischers Anfrage am</Unicode>
                </TextEquiv>
            </TextLine>
            <TextLine id="tr_2_tl_2" custom="readingOrder {index:1;}">
                <Coords points="268,1458 1506,1448 1568,1405 1652,1432 1654,1358 269,1384"/>
                <Baseline points="277,1431 307,1431 337,1429 367,1429 397,1429 427,1427 457,1429 487,1429 517,1431 547,1431 577,1429 607,1429 637,1427 667,1427 697,1425 727,1423 757,1421 787,1423 817,1421 847,1417 877,1417 907,1415 937,1413 967,1413 997,1411 1027,1411 1057,1411 1087,1411 1117,1409 1147,1407 1177,1407 1207,1407 1237,1407 1267,1405 1297,1403 1327,1403 1357,1403 1387,1403 1417,1401 1447,1397 1477,1397 1507,1395 1537,1395 1567,1395 1597,1395 1627,1395 1657,1397"/>
                <TextEquiv>
                    <Unicode>Fritz Engel,ob ein Verbot des Reigen noch bestehe.</Unicode>
                </TextEquiv>
            </TextLine>
            <TextLine id="tr_2_tl_3" custom="readingOrder {index:2;}">
                <Coords points="271,1531 1529,1502 1545,1434 273,1478"/>
                <Baseline points="283,1519 289,1521 319,1521 349,1521 379,1521 409,1519 439,1517 469,1515 499,1513 529,1515 559,1513 589,1511 619,1511 649,1509 679,1509 709,1509 739,1509 769,1507 799,1507 829,1507 859,1507 889,1505 919,1505 949,1503 979,1503 1009,1501 1039,1499 1069,1499 1099,1499 1129,1497 1159,1497 1189,1495 1219,1497 1249,1495 1279,1493 1309,1493 1339,1493 1369,1491 1399,1489 1429,1487 1459,1487 1489,1483 1519,1481 1549,1481"/>
                <TextEquiv>
                    <Unicode>14.7.1928. An Fischer:...Da ich Sie mit meinem</Unicode>
                </TextEquiv>
            </TextLine>
            <TextLine id="tr_2_tl_4" custom="readingOrder {index:3;}">
                <Coords points="289,1568 1501,1590 1575,1566 1578,1488 291,1525"/>
                <Baseline points="299,1569 321,1569 351,1567 381,1567 411,1567 441,1565 471,1563 501,1561 531,1561 561,1563 591,1559 621,1555 651,1555 681,1555 711,1555 741,1553 771,1553 801,1553 831,1551 861,1549 891,1549 921,1549 951,1547 981,1549 1011,1547 1041,1547 1071,1545 1101,1541 1131,1541 1161,1541 1191,1541 1221,1541 1251,1539 1281,1539 1311,1539 1341,1537 1371,1537 1401,1535 1431,1533 1461,1531 1491,1531 1521,1531 1551,1531 1581,1533"/>
                <TextEquiv>
                    <Unicode>Entwurf des Briefes an Harz einverstanden weiss</Unicode>
                </TextEquiv>
            </TextLine>
            <TextLine id="tr_2_tl_5" custom="readingOrder {index:4;}">
                <Coords points="280,1619 329,1636 414,1610 497,1624 625,1603 879,1608 879,1559 833,1553 449,1564 410,1592 382,1571 282,1575"/>
                <Baseline points="289,1611 313,1611 343,1611 373,1611 403,1609 433,1607 463,1607 493,1607 523,1607 553,1603 583,1601 613,1599 643,1599 673,1599 703,1599 733,1599 763,1597 793,1595 823,1593 853,1595 883,1595"/>
                <TextEquiv>
                    <Unicode>will ich ihn absenden.</Unicode>
                </TextEquiv>
            </TextLine>
            <TextLine id="tr_2_tl_6" custom="readingOrder {index:5;}">
                <Coords points="574,1641 594,1641 599,1638 616,1645 632,1640 646,1647 652,1641 666,1643 668,1612 650,1612 643,1603 627,1603 615,1612 609,1610 599,1619 594,1619 588,1612 576,1612"/>
                <Baseline points="583,1633 611,1633 641,1629 671,1629"/>
                <TextEquiv>
                    <Unicode>G. A.</Unicode>
                </TextEquiv>
            </TextLine>
            <TextLine id="tr_2_tl_7" custom="readingOrder {index:6;}">
                <Coords points="819,1645 831,1647 842,1643 874,1650 881,1645 891,1650 893,1647 904,1650 905,1647 916,1647 916,1606 898,1610 888,1608 884,1612 877,1604 874,1608 863,1604 856,1610 845,1612 837,1604 828,1610 819,1610"/>
                <Baseline points="829,1637 859,1639 889,1639 919,1639 921,1639"/>
                <TextEquiv>
                    <Unicode>von</Unicode>
                </TextEquiv>
            </TextLine>
            <TextLine id="tr_2_tl_8" custom="readingOrder {index:7;}">
                <Coords points="269,1717 1545,1687 1627,1668 1627,1622 271,1656"/>
                <Baseline points="279,1699 295,1699 325,1699 355,1699 385,1699 415,1699 445,1697 475,1697 505,1695 535,1693 565,1691 595,1691 625,1691 655,1691 685,1691 715,1691 745,1691 775,1691 805,1691 835,1689 865,1689 895,1687 925,1687 955,1685 985,1685 1015,1683 1045,1681 1075,1681 1105,1679 1135,1679 1165,1677 1195,1679 1225,1677 1255,1677 1285,1675 1315,1673 1345,1673 1375,1673 1405,1675 1435,1671 1465,1671 1495,1671 1525,1671 1531,1671 1541,1669 1571,1667 1601,1663 1631,1661"/>
                <TextEquiv>
                    <Unicode>Am 18.7.1928 Antwort an Fritz Engel, dass nach sei</Unicode>
                </TextEquiv>
            </TextLine>
            <TextLine id="tr_2_tl_9" custom="readingOrder {index:8;}">
                <Coords points="277,1747 977,1745 1099,1781 1353,1731 1451,1770 1631,1756 1634,1670 278,1712"/>
                <Baseline points="287,1747 315,1747 345,1747 375,1745 405,1743 435,1743 465,1743 495,1741 525,1741 555,1739 585,1737 615,1737 645,1737 675,1737 705,1735 735,1733 765,1733 795,1733 825,1731 855,1731 885,1731 915,1731 945,1729 975,1727 1005,1727 1035,1733 1065,1731 1095,1729 1125,1727 1155,1723 1185,1721 1215,1721 1245,1719 1275,1719 1305,1719 1335,1719 1365,1715 1395,1715 1425,1713 1455,1709 1485,1711 1515,1711 1545,1711 1575,1711 1605,1707 1635,1707"/>
                <TextEquiv>
                    <Unicode>ner Information einem neuen rscheinen des Reigen</Unicode>
                </TextEquiv>
            </TextLine>
            <TextLine id="tr_2_tl_10" custom="readingOrder {index:9;}">
                <Coords points="273,1823 358,1798 874,1786 886,1751 764,1740 564,1770 500,1752 350,1768 277,1749"/>
                <Baseline points="285,1795 289,1793 319,1791 349,1793 379,1791 409,1789 439,1789 469,1789 499,1787 529,1787 559,1785 589,1785 619,1785 649,1785 679,1785 709,1783 739,1781 769,1779 799,1779 829,1777 859,1779 889,1777"/>
                <TextEquiv>
                    <Unicode>nichts im Wege stünde.</Unicode>
                </TextEquiv>
            </TextLine>
            <TextLine id="tr_2_tl_11" custom="readingOrder {index:10;}">
                <Coords points="284,1895 1631,1855 1631,1804 1522,1779 1326,1825 1097,1779 817,1835 285,1826"/>
                <Baseline points="293,1881 315,1881 345,1881 375,1881 405,1879 435,1877 465,1875 495,1875 525,1873 555,1875 585,1873 615,1871 645,1869 675,1869 705,1869 735,1869 765,1869 795,1867 825,1867 855,1867 885,1865 915,1865 945,1863 975,1863 1005,1861 1035,1861 1065,1861 1095,1859 1125,1859 1155,1857 1185,1855 1215,1857 1245,1855 1275,1853 1305,1853 1335,1851 1365,1851 1395,1851 1425,1849 1455,1849 1485,1847 1515,1847 1545,1845 1575,1845 1605,1843 1635,1843"/>
                <TextEquiv>
                    <Unicode>21.7.1928. Än Fischer:..Beigeschlossen der Brief</Unicode>
                </TextEquiv>
            </TextLine>
            <TextLine id="tr_2_tl_12" custom="readingOrder {index:11;}">
                <Coords points="284,1927 1177,1909 1626,1948 1654,1849 284,1893"/>
                <Baseline points="293,1925 309,1925 339,1925 369,1925 399,1925 429,1921 459,1921 489,1921 519,1919 549,1919 579,1921 609,1921 639,1923 669,1921 699,1921 729,1919 759,1917 789,1917 819,1917 849,1915 879,1915 909,1913 939,1913 969,1913 999,1911 1029,1911 1059,1909 1089,1909 1119,1909 1149,1911 1179,1909 1209,1907 1239,1905 1269,1905 1299,1905 1329,1903 1359,1901 1389,1901 1419,1899 1449,1899 1479,1897 1509,1897 1539,1897 1569,1897 1599,1895 1629,1893 1659,1893"/>
                <TextEquiv>
                    <Unicode>von Fritz Engel, der nach dieser Hinsicht wohl alle</Unicode>
                </TextEquiv>
            </TextLine>
            <TextLine id="tr_2_tl_13" custom="readingOrder {index:12;}">
                <Coords points="277,1974 435,1997 521,1971 572,1987 622,1967 660,1990 689,1967 793,1980 823,1962 863,1987 914,1967 916,1934 823,1916 338,1941 278,1923"/>
                <Baseline points="287,1971 289,1971 319,1969 349,1971 379,1971 409,1969 439,1967 469,1967 499,1965 529,1965 559,1963 589,1963 619,1963 649,1961 679,1961 709,1961 739,1959 769,1959 799,1957 829,1957 859,1957 889,1957 919,1957"/>
                <TextEquiv>
                    <Unicode>Bedenken beschwichtigt.</Unicode>
                </TextEquiv>
            </TextLine>
            <TextLine id="tr_2_tl_14" custom="readingOrder {index:13;}">
                <Coords points="675,2011 692,2008 710,2017 757,2022 791,2011 808,2020 826,2017 826,1964 814,1962 794,1976 775,1981 768,1974 759,1981 747,1981 734,1969 719,1973 710,1966 690,1974 675,1971"/>
                <Baseline points="685,2007 715,2007 745,2009 775,2009 805,2007 831,2009"/>
                <TextEquiv>
                    <Unicode>Mevi</Unicode>
                </TextEquiv>
            </TextLine>
        </TextRegion>
        <TextRegion id="tr_1" custom="readingOrder {index:2;}">
            <Coords points="287,1975 1701,1975 1701,2711 287,2711"/>
            <TextLine id="tr_1_tl_1" custom="readingOrder {index:0;}">
                <Coords points="280,2069 1594,2047 1594,1994 1340,1971 1249,2008 1161,1973 759,2022 632,1973 280,2031"/>
                <Baseline points="289,2061 309,2063 339,2061 369,2061 399,2059 429,2059 459,2059 489,2057 519,2055 549,2053 579,2055 609,2055 639,2051 669,2051 699,2049 729,2049 759,2049 789,2049 819,2047 849,2045 879,2045 909,2045 939,2045 969,2043 999,2041 1029,2043 1059,2041 1089,2041 1119,2039 1149,2039 1179,2037 1209,2037 1239,2039 1269,2039 1299,2037 1329,2037 1359,2037 1389,2037 1419,2037 1449,2033 1479,2031 1509,2029 1539,2027 1569,2025 1599,2027"/>
                <TextEquiv>
                    <Unicode>13.9.1928. An Fischer:..Mir hat H.auf meine An-</Unicode>
                </TextEquiv>
            </TextLine>
            <TextLine id="tr_1_tl_2" custom="readingOrder {index:1;}">
                <Coords points="285,2114 1550,2089 1624,2054 285,2078"/>
                <Baseline points="295,2107 307,2107 337,2107 367,2107 397,2105 427,2105 457,2103 487,2101 517,2101 547,2101 577,2099 607,2099 637,2097 667,2095 697,2095 727,2095 757,2095 787,2093 817,2091 847,2091 877,2091 907,2089 937,2089 967,2089 997,2089 1027,2087 1057,2087 1087,2085 1117,2085 1147,2083 1177,2083 1207,2083 1237,2081 1267,2081 1297,2079 1327,2077 1357,2075 1387,2075 1417,2075 1447,2075 1477,2075 1507,2073 1537,2075 1567,2075 1597,2073 1627,2071"/>
                <TextEquiv>
                    <Unicode>frage vom 14.Juli überhaupt nicht geantwortet...</Unicode>
                </TextEquiv>
            </TextLine>
            <TextLine id="tr_1_tl_3" custom="readingOrder {index:2;}">
                <Coords points="282,2161 1460,2140 1559,2124 1560,2087 284,2115"/>
                <Baseline points="291,2151 303,2151 333,2151 363,2153 393,2151 423,2149 453,2147 483,2147 513,2147 543,2145 573,2145 603,2145 633,2143 663,2141 693,2141 723,2139 753,2139 783,2139 813,2139 843,2139 873,2137 903,2135 933,2135 963,2133 993,2133 1023,2133 1053,2131 1083,2131 1113,2129 1143,2129 1173,2127 1203,2125 1233,2125 1263,2125 1293,2123 1323,2121 1353,2123 1383,2121 1413,2119 1443,2119 1473,2119 1503,2119 1533,2117 1563,2115"/>
                <TextEquiv>
                    <Unicode>Die letzten Bedenken waren durch den Brief von</Unicode>
                </TextEquiv>
            </TextLine>
            <TextLine id="tr_1_tl_4" custom="readingOrder {index:3;}">
                <Coords points="284,2205 1515,2165 1615,2200 1617,2110 285,2163"/>
                <Baseline points="293,2195 299,2195 329,2195 359,2195 389,2195 419,2195 449,2193 479,2193 509,2193 539,2193 569,2191 599,2189 629,2189 659,2189 689,2187 719,2187 749,2187 779,2187 809,2185 839,2183 869,2185 899,2185 929,2183 959,2183 989,2181 1019,2179 1049,2177 1079,2175 1109,2175 1139,2173 1169,2175 1199,2171 1229,2171 1259,2169 1289,2169 1319,2169 1349,2169 1379,2167 1409,2167 1439,2167 1469,2167 1499,2167 1529,2163 1559,2163 1589,2161 1619,2163"/>
                <TextEquiv>
                    <Unicode>Fritz Engel völlig aus der Welt geschafft... Har</Unicode>
                </TextEquiv>
            </TextLine>
            <TextLine id="tr_1_tl_5" custom="readingOrder {index:4;}">
                <Coords points="287,2258 1467,2230 1548,2224 1550,2166 289,2214"/>
                <Baseline points="297,2247 323,2243 353,2243 383,2243 413,2243 443,2241 473,2239 503,2239 533,2239 563,2239 593,2235 623,2235 653,2235 683,2235 713,2235 743,2233 773,2233 803,2231 833,2229 863,2227 893,2227 923,2227 953,2225 983,2225 1013,2223 1043,2221 1073,2219 1103,2223 1133,2219 1163,2219 1193,2217 1223,2217 1253,2215 1283,2215 1313,2215 1343,2215 1373,2213 1403,2211 1433,2211 1463,2209 1493,2207 1523,2207 1553,2209"/>
                <TextEquiv>
                    <Unicode>zens gesprächsweise Bemerkung zu Ihnen (Maril)</Unicode>
                </TextEquiv>
            </TextLine>
            <TextLine id="tr_1_tl_6" custom="readingOrder {index:5;}">
                <Coords points="291,2295 1636,2281 1649,2214 292,2256"/>
                <Baseline points="301,2291 329,2287 359,2287 389,2287 419,2285 449,2283 479,2283 509,2283 539,2283 569,2281 599,2281 629,2281 659,2279 689,2277 719,2275 749,2275 779,2275 809,2275 839,2275 869,2271 899,2271 929,2271 959,2271 989,2269 1019,2269 1049,2267 1079,2267 1109,2267 1139,2265 1169,2263 1199,2263 1229,2261 1259,2261 1289,2259 1319,2259 1349,2261 1379,2261 1409,2261 1439,2257 1469,2257 1499,2253 1529,2253 1559,2253 1589,2253 1619,2251 1649,2249"/>
                <TextEquiv>
                    <Unicode>ist ein juridischer Unsinn. Seine Zusage,er werde</Unicode>
                </TextEquiv>
            </TextLine>
            <TextLine id="tr_1_tl_7" custom="readingOrder {index:6;}">
                <Coords points="289,2344 1495,2325 1587,2305 1587,2265 291,2298"/>
                <Baseline points="299,2333 301,2333 331,2333 361,2333 391,2331 421,2329 451,2329 481,2327 511,2327 541,2325 571,2325 601,2325 631,2325 661,2325 691,2325 721,2323 751,2321 781,2319 811,2319 841,2319 871,2319 901,2319 931,2317 961,2317 991,2315 1021,2315 1051,2313 1081,2313 1111,2311 1141,2309 1171,2309 1201,2307 1231,2307 1261,2307 1291,2307 1321,2305 1351,2305 1381,2303 1411,2303 1441,2301 1471,2301 1501,2299 1531,2299 1561,2297 1591,2299"/>
                <TextEquiv>
                    <Unicode>keinen Prozess anstrengen eine Ueberheblichkeit</Unicode>
                </TextEquiv>
            </TextLine>
            <TextLine id="tr_1_tl_8" custom="readingOrder {index:7;}">
                <Coords points="284,2385 1686,2365 1698,2304 285,2342"/>
                <Baseline points="293,2377 321,2379 351,2379 381,2377 411,2377 441,2375 471,2373 501,2373 531,2373 561,2371 591,2371 621,2371 651,2373 681,2371 711,2369 741,2367 771,2367 801,2365 831,2365 861,2363 891,2363 921,2363 951,2361 981,2361 1011,2361 1041,2359 1071,2357 1101,2355 1131,2355 1161,2355 1191,2355 1221,2353 1251,2353 1281,2353 1311,2351 1341,2351 1371,2349 1401,2349 1431,2349 1461,2351 1491,2347 1521,2345 1551,2345 1581,2345 1611,2343 1641,2343 1671,2343 1701,2341"/>
                <TextEquiv>
                    <Unicode>seine Drohung,er werde seine Vorräte billig auf den</Unicode>
                </TextEquiv>
            </TextLine>
            <TextLine id="tr_1_tl_9" custom="readingOrder {index:8;}">
                <Coords points="282,2425 1560,2413 1622,2406 1622,2346 284,2386"/>
                <Baseline points="291,2423 307,2423 337,2423 367,2423 397,2423 427,2421 457,2421 487,2419 517,2419 547,2419 577,2417 607,2417 637,2417 667,2415 697,2413 727,2411 757,2413 787,2413 817,2411 847,2411 877,2409 907,2409 937,2407 967,2409 997,2407 1027,2407 1057,2405 1087,2405 1117,2403 1147,2403 1177,2403 1207,2401 1237,2403 1267,2401 1297,2397 1327,2395 1357,2395 1387,2395 1417,2393 1447,2393 1477,2393 1507,2391 1537,2391 1567,2393 1597,2389 1627,2389"/>
                <TextEquiv>
                    <Unicode>Markt werfen umso bichtiger, als er ja damit zuge-</Unicode>
                </TextEquiv>
            </TextLine>
            <TextLine id="tr_1_tl_10" custom="readingOrder {index:9;}">
                <Coords points="285,2480 583,2503 645,2466 1583,2448 1610,2406 287,2434"/>
                <Baseline points="295,2473 323,2471 353,2471 383,2471 413,2471 443,2471 473,2471 503,2469 533,2469 563,2471 593,2469 623,2463 653,2461 683,2459 713,2459 743,2459 773,2457 803,2457 833,2455 863,2455 893,2455 923,2453 953,2453 983,2453 1013,2453 1043,2451 1073,2449 1103,2449 1133,2449 1163,2449 1193,2447 1223,2451 1253,2449 1283,2445 1313,2445 1343,2443 1373,2443 1403,2443 1433,2439 1463,2439 1493,2439 1523,2439 1553,2437 1583,2435 1613,2437"/>
                <TextEquiv>
                    <Unicode>stände mein Buch in doloser Weise zurückgehalten</Unicode>
                </TextEquiv>
            </TextLine>
            <TextLine id="tr_1_tl_11" custom="readingOrder {index:10;}">
                <Coords points="277,2522 1636,2510 1638,2438 277,2480"/>
                <Baseline points="287,2517 293,2517 323,2515 353,2513 383,2513 413,2511 443,2509 473,2507 503,2507 533,2507 563,2507 593,2507 623,2505 653,2503 683,2501 713,2501 743,2499 773,2499 803,2499 833,2497 863,2495 893,2495 923,2493 953,2491 983,2491 1013,2491 1043,2493 1073,2491 1103,2489 1133,2487 1163,2487 1193,2487 1223,2487 1253,2487 1283,2489 1313,2487 1343,2483 1373,2481 1403,2481 1433,2483 1463,2481 1493,2479 1523,2481 1553,2479 1583,2477 1613,2475 1643,2475"/>
                <TextEquiv>
                    <Unicode>zu haben. Wir haben also die Wahl a) ohne weitere</Unicode>
                </TextEquiv>
            </TextLine>
            <TextLine id="tr_1_tl_12" custom="readingOrder {index:11;}">
                <Coords points="282,2564 1420,2543 1546,2531 1548,2497 284,2520"/>
                <Baseline points="291,2559 321,2555 351,2557 381,2557 411,2557 441,2555 471,2557 501,2553 531,2553 561,2551 591,2549 621,2547 651,2549 681,2549 711,2547 741,2547 771,2545 801,2545 831,2543 861,2541 891,2541 921,2541 951,2539 981,2539 1011,2537 1041,2535 1071,2535 1101,2535 1131,2531 1161,2529 1191,2529 1221,2531 1251,2529 1281,2529 1311,2527 1341,2527 1371,2527 1401,2525 1431,2525 1461,2523 1491,2523 1521,2523 1551,2521"/>
                <TextEquiv>
                    <Unicode>Rücksichte auf H. einfach den Reigen in einer</Unicode>
                </TextEquiv>
            </TextLine>
            <TextLine id="tr_1_tl_13" custom="readingOrder {index:12;}">
                <Coords points="278,2619 1647,2600 1677,2534 280,2566"/>
                <Baseline points="289,2603 299,2603 329,2603 359,2605 389,2605 419,2603 449,2601 479,2599 509,2599 539,2597 569,2597 599,2595 629,2595 659,2593 689,2593 719,2591 749,2591 779,2591 809,2593 839,2589 869,2587 899,2589 929,2587 959,2585 989,2585 1019,2583 1049,2583 1079,2581 1109,2581 1139,2579 1169,2579 1199,2579 1229,2577 1259,2577 1289,2577 1319,2579 1349,2579 1379,2577 1409,2575 1439,2573 1469,2571 1499,2571 1529,2571 1559,2569 1589,2569 1619,2569 1649,2567 1679,2569"/>
                <TextEquiv>
                    <Unicode>möglichst hübschen Ausgabe zu drucken.... b) Herrn</Unicode>
                </TextEquiv>
            </TextLine>
            <TextLine id="tr_1_tl_14" custom="readingOrder {index:13;}">
                <Coords points="280,2661 1550,2637 1612,2584 282,2619"/>
                <Baseline points="289,2649 295,2649 325,2649 355,2649 385,2651 415,2649 445,2647 475,2647 505,2647 535,2647 565,2643 595,2643 625,2643 655,2643 685,2641 715,2641 745,2641 775,2641 805,2639 835,2637 865,2637 895,2637 925,2637 955,2637 985,2635 1015,2633 1045,2631 1075,2629 1105,2629 1135,2627 1165,2629 1195,2629 1225,2627 1255,2625 1285,2623 1315,2623 1345,2621 1375,2621 1405,2621 1435,2619 1465,2619 1495,2617 1525,2617 1555,2617 1585,2615 1615,2615"/>
                <TextEquiv>
                    <Unicode>Hars noch einmal entgegenzukommen, indem wir eine</Unicode>
                </TextEquiv>
            </TextLine>
            <TextLine id="tr_1_tl_15" custom="readingOrder {index:14;}">
                <Coords points="284,2728 1641,2696 1678,2628 285,2659"/>
                <Baseline points="293,2701 303,2701 333,2697 363,2697 393,2695 423,2695 453,2693 483,2691 513,2691 543,2691 573,2691 603,2691 633,2691 663,2689 693,2691 723,2689 753,2691 783,2689 813,2687 843,2685 873,2685 903,2685 933,2683 963,2681 993,2681 1023,2679 1053,2679 1083,2679 1113,2679 1143,2677 1173,2677 1203,2677 1233,2675 1263,2673 1293,2673 1323,2675 1353,2673 1383,2671 1413,2671 1443,2667 1473,2667 1503,2667 1533,2667 1563,2667 1593,2669 1623,2667 1653,2665 1683,2667"/>
                <TextEquiv>
                    <Unicode>fixe Summe nennen, die wir bei sofortiger Herausgabe</Unicode>
                </TextEquiv>
            </TextLine>
        </TextRegion>
    </Page>
</PcGts>
