2581 3655
518 748 1568 889 Abschrift Brief Benjamin Harz, Verlag,
1315 876 1968 996 Berlin, 26. September 23.
508 999 1279 1112 Herrn Dr. Arthur Schnitzler.
1655 1010 1810 1115 wien.
1724 1101 1863 1170 G.C.P.
527 1120 1252 1247 Sehr geehrter Herr Doktor,
885 1160 1836 1256 Ihr Schreiben vom 14. Juli habe ich
540 1201 1920 1318 sehr prompt beantwortet und wundere mich sehr, dass
536 1261 1906 1366 Sie eine Beantwortung reklamieren. Anbei gebe ich
533 1315 1851 1402 Ihnen nochmals den Inhalt meines Schreibens vom
536 1396 780 1482 17. Juli.
951 1416 1926 1530 Es stimmt vollständig, dass nach un-
549 1491 1908 1589 serem Vertrag das Verlagsrecht Ihres „Reigen bei
549 1528 1881 1633 Verahstaltung einer neuen Auflage an Sie zurück-
554 1562 1933 1680 fällt. So lange jedoch Bestände vorhanden sind, ist
549 1626 1908 1726 die Veranstaltung einer neuen Auflage unzulässig.
549 1674 1835 1767 Die versprochene genaue Aufstellung der in den
549 1717 1858 1815 letzten Jahren durch mich abgesetzten Exemplare
561 1749 1917 1860 ist nicht so einfach zu machen und arbeiten meine
559 1812 1901 1902 Leute daran schon sehr lange. Es handelt sich um
561 1856 1910 1950 Absatz von 1-2 Exemplaren und da darüber kein be-
563 1886 1933 1995 sonderes Buch geführt wurde,muss das erst von den
566 1933 1974 2045 Rechnungen und von sämtlichen Orten zusammengesucht
570 1990 1924 2086 werden. Da meine Leute die laufende Beschäftigung
572 2018 2004 2130 erst machen müssen, so wird das nur dann gemacht, wenn
572 2084 1899 2175 dafür übrige Zeit bleibt. Deswegen dauert das so
572 2125 1872 2218 lange. Es ist sehr möglich, dass innerhalb eines
574 2162 1908 2264 Jahres vielleicht 50 oder 80 oder 100 Stück ver-
570 2207 1929 2316 kauft werden. Ich habe für das Buch das getan, was
575 2257 1936 2358 man unter diesen Umständen tun kann und da ich es
584 2301 1888 2405 im Preise nicht herabsetzen xxxx darf,so lässt
579 2358 1888 2460 sich bei gewissen Büchern nicht viel erreichen.
964 2417 1965 2512 Für Ihren liebenswürdigen Vorschlag.
584 2481 1897 2585 die vorhandenen Exemplare zum Makulaturpreis zu
590 2538 1974 2629 übernehmen.danke ich Ihnen sehr.bedauere aber, den-
597 2588 1876 2675 selben nicht akzeptieren zu können, da mich die
595 2626 1949 2740 vorhandenen Exemplare ca. 3500.-M. nur allein Ho-
957 2788 1135 2905 Thun 24
