1957 3639
1290 798 1614 894 räglich, dass
257 807 1272 919 recht, aber ich finde es einfach unertheilen,
263 889 1190 970 ein Verleger, sei es aus schlechten
268 928 1570 999 aus dem Grunde kommerzieller Missstände dauernd
266 974 1598 1052 in der Lage bleiben sollte den Autor xxxx
268 1016 1566 1098 um die Vertriebs- und Ertragsmöglichkeiten eine
344 1071 1545 1169 erkes zu bringen, wie es hier ganz offenbar de
284 1133 525 1213 Fall ist.
270 1174 1664 1295 2.7.1928. An Fischer.... Hier lege ich den Entwurf
278 1247 1705 1321 eines Schreibens an Benjamin Harz, abgefasst im Sinne
273 1291 1552 1364 Ihres letzten Vorschlages bei, will aber diesen
271 1321 1673 1415 Brief nicht abschicken, bevor ich Ihres Einverständ-
268 1398 917 1479 nisses ganz sicher bin.
275 1430 1609 1547 14.7.1928. An Harz: (Dieser Brief lag S.Fischer
278 1518 1568 1591 vor). Nach unserem Vertrag fällt das Verlags-
277 1554 1627 1637 recht meiner Szenenreihe Reigen mit der 101. Auf-
277 1614 1616 1685 lage wieder an mich zurück. Ich habe Sie etliche
273 1662 1479 1728 male um gefällige genaue Aufstellung der im
278 1690 1568 1767 Laufe der letzten Jahre durch Sie abgesetzten
273 1744 1554 1816 Exemplare ersucht. Eine solche Aufstellung ist
273 1784 1667 1873 bei mir nicht eingetroffen. Bei genauer Durchsicht
277 1838 1540 1919 unserer Korrespondenz ergibt sich nun, dass am
286 1882 1644 1951 12.1926 (Brief des Dr.Rosenberger) nach Prüfung
284 1928 1642 1997 der Lagerbestände sich noch 4521 Exemplare der ge
286 1964 1644 2038 wöhnlichen Ausgabe auf Lager befanden, und dass am
291 2011 1641 2095 5. März 1928 44000 Exemplara noch vorhanden waren.
372 2061 1642 2127 Ist also Innerhalb 51/4 Jahren durch Sie über-
967 2097 1628 2178 kunft worden und die Wahr¬
284 2121 802 2198 haupt kein Exemplar
1087 2141 1642 2215 gering, dass im Laufe
287 2175 828 2237 scheinlichkeit ver
1087 2183 1699 2279 durch Sie noch verkauft
394 2208 789 2285 nächsten Zeit
397 2256 724 2322 en sollten.
378 2258 1534 2373 besteht also für mich keinerlei Grund eine
333 2317 1674 2411 neuausgabe des Reigen noch weiter hinauszuschieben
598 2372 1657 2448 denke von meinem freien Verfügungsrecht
323 2403 378 2462 und
587 2402 1701 2505 ernächsten Zeit Gebrauch zu machen. Immer
1082 2466 1650 2558 in Ihrem Besitze be-
458 2481 839 2551 re ich bereit.
956 2531 1440 2583 Makulaturpreis zu
851 2540 937 2581 zu
413 2536 646 2602 lichen Erzug.
1625 2544 1699 2620 aux
431 2552 1570 2634 nehmen, wie ich aber gleich bemerken will
747 2613 1701 2693 diesen Vorrateinstampfen zu lassen.
514 2623 692 2685 wecke.
369 2669 1548 2760 freie Bahn für die Neuausgabe zu gewinnen.
