1972 3672
1100 812 1426 916 25.10.1928.
122 815 538 906 Tivischer
269 1056 676 1176 Lieber Freund.
646 1167 1641 1270 Hier ist der Brief in Abschrift den
283 1240 1553 1337 ich an Herrn Harz abzusenden gedenke. Im Sinne
287 1274 1636 1380 unserer letzten Unterredung halte ich Sie nun für
290 1318 1631 1420 absolut entschlossen für den Fall, dass Harz meine
290 1367 1564 1480 Vorschlag nicht ohneweiters akzeptieren sollte
294 1411 1564 1512 eventuell noch bis zu einer Kaufsumme von 3000
288 1449 1569 1560 Mark zu gehen, für den Fall aber, dass Harz sich
299 1488 1659 1604 auch damit nicht zufrieden geben sollte, ohne jede
304 1549 1564 1657 weitere Rücksicht eine Neuausgabe des "Reigen
301 1610 1210 1726 in Ihrem Verlage zu veranstalten.
900 1679 962 1717 G.C.F.P
669 1638 1664 1763 Sie werden es gewiss begreifen, wenn
306 1721 1728 1832 ich diesen Ausdruck Ihrer absolten Entschlossenheitt
313 1771 1633 1885 gern mit zwei Worten schriftlich von Ihnen bestä
315 1817 1615 1924 tigt haben möchte; denn wenn nicht alles weiter
317 1855 1633 1974 so erfolgt, wie es im Sinne dieses meines Briefes
320 1900 1659 2009 an Harz erfolgen muss, so hätte ich mich mit diese
318 1953 1643 2062 Schreiben nur lächerlich gemacht, was ich begreif
320 2023 1288 2119 licherweise gerne vermeiden möchte.
704 2052 1624 2170 Der Ordnung wegen möchte ich noch
331 2137 1631 2237 einmal hinzusetzen, dass ich auch weiterhin bere
333 2177 1597 2299 bleibe die Hälfte der Ankaufskosten persönlich
322 2268 672 2358 übernehmen.
746 2298 1634 2395 Ueber alles weitere ein nächstes
444 2361 1602 2469 für heute möchte ich Ihnen nur noch einmal
476 2375 1700 2497 herzlichen Dank sagen für alle Freundlichkei-
329 2383 432 2473 Mal
455 2455 1689 2552 Freundschaft, die Sie mir anlässlich meines le
338 2460 458 2519 sehr
338 2505 444 2563 und
347 2508 1503 2623 ten Aufenthaltes in Berlin erwiesen haben.
853 2584 1427 2690 herzlichsten Grüssen
552 2782 865 2881 „Fischer.Ve
1174 2826 1392 2895 ernannt.
