2536 3658
803 792 1194 881 v. Lilienthal.
813 889 2222 1002 chologische Verhalten verschiedener Typen zu schil-
822 952 2181 1046 dern und zwar mit so ausgesprochener Betonung der
822 1003 2094 1100 Herausarbeitung des Typus als solchen, dass die
828 1005 2316 1148 Berechnung auf den Geschlechtsakt seine symptomatische
824 1096 2166 1194 Bedeutung zukommt. Die ganze Art der Darstellung
824 1124 2270 1242 aber ist so künstlerisch rein, dass sie nicht Abscheu
826 1194 2181 1292 und Widerwillen, sondern durchaus aesthetische Be-
831 1213 2260 1329 friedigung auslöst. Das Verbot eines solchen inhalt-
826 1276 2222 1381 lich und formell wertvollen Buches lässt sich nach
826 1329 2162 1422 meiner Ansicht rechtlich nicht begründen und ist
831 1390 2110 1474 im Interesse geistiger Kultur nur zu bedauern.
1222 1440 2012 1555 Mit vorzüglicher Hochachtung
