1971 3639
432 774 1627 854 der Reigen-Hetze am Werke war, gibt meines Erben
434 845 1647 901 achtens das Buch über den Reigen-Prozess, das
451 895 1729 951 "olfgang Heine vor einigen Jahren herausgab und
427 944 1649 1001 das von der sozialdemokratischen Presse kaum
439 985 1475 1051 je mit einem Worte erwähnt worden ist.
1483 1004 1644 1086 G.C.F.P.
1160 1034 1219 1084 G.F.P.
1243 1034 1416 1091 G.C.F.P
711 1029 927 1098 an Mariel
432 1048 1720 1138 7.11.1927. Die entfernte Reigen-Aehnlichkeit
427 1115 1679 1179 der "Maya" erscheint mir für eventuelle Auf¬
432 1167 1715 1217 führungsmöglichkeiten i und Chancen des Reigen
429 1217 1675 1274 völlig gleichgültig..... Wir wissen alle, dass
422 1252 1725 1316 die ganze Hetze gegen den Reigen nichts war als
424 1297 1727 1357 Verlogenheit, Büberei und Dummheit, die von poli-
425 1347 1756 1409 tischen Hetzern geführt oder wenigstens geschürt
427 1393 1743 1461 wurde.... In der ganzen Hetze gegen den "Reigen"
424 1435 1599 1494 auch nur einen Funken Ehrlichkeit vermuten.
420 1471 1758 1549 hiess all diesen Lampen viel zu viel Ehre antun.
424 1528 1670 1584 ....Dass ein rechtsgiltiges Verbot des Reigen
417 1571 1673 1623 noch besteht, glaube ich nicht.jedesfalls er-
413 1618 1687 1677 scheint mir eine Konfiskation des Buches unter
413 1654 1765 1732 den heutigen Umständen so gut wie ausgeschlossen.
413 1711 1705 1786 Mit Harz sprach ich dieser Tage. Er wäre jeder-
1597 1772 1679 1812 XI.
415 1756 1594 1808 zeit ber it die noch vorhandenen Exemplare
410 1803 1687 1855 einem recht billigen Preise herzugeben. Sollte
405 1850 1793 1912 Herr F. sich überhaupt mit der ganzen Frage ernst-
406 1895 1658 1953 licher beschäftigen wollen, so möchte ich eine
413 1936 1691 1998 Unterhaltung darüber bis zu einem persönlichen
401 1981 1141 2047 Zusammensein aufschieben
401 2069 1687 2147 9.1.1928. An Fischer:...Vielleicht teilen Sie
401 2123 1623 2192 mir gelegentlich auch mit,ob Sie die Reigen-
422 2164 1665 2235 Sache nach allen Seiten hin überlegt haben und
411 2209 1525 2291 zu irgend einem Entschluss gekommen sind
410 2268 1696 2358 22.1.1928..An.Fischer:...Ich hatte das Vergnü¬
408 2344 1642 2413 gen mit Dr. Maril über die Reigenausgabe zu sich
408 2394 1630 2441 chen... ich möchte nur zusammenfassend bemer
398 2436 1603 2491 ken, dass ich mich bereit erklärt habe mich
403 2484 1603 2540 dem Rückkauf der noch in Händen von Harz be
408 2529 1577 2586 findlichen Exemplare zur Hälfte zu beteilt.
411 2571 1561 2626 Ich glaube es wird ohneweiteres möglich sei
437 2619 1566 2680 se Exemplare in den Handel zu bringen. Frei
444 2661 1433 2731 würde es sich empfehlen auch schon in
