1971 3639
401 839 1761 912 Exemplaren die Verlagsbezeichnung zu ändern. Dazu
401 892 1715 983 könnte eventuell Neudruck eines Bogens notwendig
403 940 607 999 werden.
394 1000 1749 1096 2.2.1928. An Fischer:...Was nun den Reigen anbe-
388 1080 1815 1137 langt, so sind nur zwei Fälle möglich. Dass er be-
396 1128 1742 1176 schlagnahmt ist oder nicht. Es gibt, es muss eine
396 1171 1564 1222 Behörde geben, bei der man weiss, ob die Be-
397 1213 1729 1277 schlagnahme noch zurecht besteht oder ob sie, wie
388 1263 1488 1316 ich überzeugt bin, längst aufgehoben ist.
392 1304 1705 1355 Sollte aber - was anzunehmen eigentlich grotesk
392 1352 1731 1405 erscheint - eine Auskunft darüber nicht zu erhal-
392 1392 1756 1458 ten sein, so ist man umso mehr berechtigt das Buch
381 1440 1674 1504 neuerlich herauszugeben, als 1. das Risiko einer
381 1483 1768 1557 solchen Herausgabe absolut Null ist, ja nicht ein-
380 1536 1721 1582 mal anfänglich Kosten verursacht, da ja die Harz-
381 1577 1772 1651 schen Exemplare (siehe vorigen Brief) noch vorhan
378 1628 1735 1682 den sind. Doch halte ich für absolut ausgeschlos-
372 1666 1607 1729 sen, dass irgend eine Behörde sich heute doch
372 1715 1607 1770 mit einer Beschlagnahme des Reigen blamieren
372 1758 1577 1809 könnte, umso mehr, als sich jeder Verlag, auch
372 1799 1669 1870 der Verlag Fischer ohneweiters damit ausweisen
376 1848 1598 1907 dürfte, dass Bücher, gegen die der Reigen eine
369 1891 1699 1955 junge Mädchen-Lektüre ist von behördlichen Mass-
369 1946 1701 1995 nahmen völlig unangefochten geblieben sind. Noch-
364 1992 1694 2038 mals empfehle ich die Lektüre des Reigen-Pr zes-
362 2034 1648 2107 ses und weise insbesondere auf die in dem Werk
364 2074 1612 2139 am Schluss befindlichen Gutachten hin.
360 2114 1667 2199 ich für meinen Teil habe über die Angelegenheit
362 2178 1545 2233 schon so viel geschrieben und gesprochen
362 2219 1738 2286 dass ich hoffe auf weitere theoretische Krörterun-
353 2247 1057 2347 gen verzichten zu dürfen.
351 2325 1692 2412 20.2.19128. An Fischer:.... Nächstens hoffe ich
353 2402 1664 2450 auch von Ihnen zu hören ob, resp. wie die Reigend-
362 2434 1249 2508 Angelegenheit vorwärtsschreitet.
348 2497 1621 2590 3.3.1928. An Harz:...Herr Dr. Maril berichtet
337 2575 1568 2627 mir von seiner Unterredung mit Ihnen, aus der
337 2623 1421 2677 hervorgeht, dass Sie noch 4-44-000 Exempl
328 2661 1456 2739 Reigen, alle aufgebunden, besitzen und das
337 2707 1399 2795 Vorräte per Exemplar mit 1.50-1.80 Mar
332 2751 1387 2836 kaufen könnten, dass aber bei Verkauf
