1972 3672
1154 633 1366 785 nill
616 666 890 769 Calence
169 683 359 793 Hars
1348 767 1567 867 10.1928.
275 951 946 1065 Sehr geehrter Herr Harz.
1321 1076 1614 1160 Briefe vom
663 1100 1308 1171 Sie schreiben in Ihrem
275 1132 1701 1223 26.September d.J.: "Es stimmt vollständig, dass nach
1396 1189 1666 1251 digen bei
279 1193 1137 1264 unserem Vertrag das Verlagsrech
1476 1219 1744 1295 rückfällt.
287 1256 1178 1299 Veranstaltung einer neuen Auflage
1599 1277 1712 1353 Ver-
275 1295 1385 1361 So lange jedoch Bestände vorhanden sind,
287 1327 1372 1411 anstalten einer neuen Auflage unzulässi
664 1418 1731 1489 Sie schreiben ferner: "Die versprochene
287 1465 1683 1537 genaue Aufstellung der in den letzten Jahren durch
283 1519 1777 1588 mich abgesetzten Exemplare ist nicht so einfach zu ma-
290 1560 1742 1627 chen und arbeiten meine Leute daran schon sehr lange.
287 1599 1751 1666 Es handelt sich um Absatz von 1-2 Exemplaren. Einige
292 1640 1651 1722 Zeilen später schreiben sie: "Es ist sehr möglich
294 1705 1571 1764 dass innerhalb eines Jahres vielleicht 50, oder
281 1738 1249 1837 oder 100 Stück verkauft werden.
676 1794 1480 1885 Es steht aktenmässig fest, das
292 1861 1545 1967 Lagerbestände sich am 11.12.1926 4521 Exempla-
1163 1915 1290 1979 (auf)
292 1930 1645 2034 am 5. März 1928 auf 4/2 000 Exemplare beliefen, dass
292 1995 1731 2073 also in fünfeinviertel Jahren allergünstigst gerech-
294 2062 1649 2126 net, 20 Exemplare verkauft wurden. Das ist nur da-
296 2092 1603 2168 durch zu erklären, dass das Buch dem Vertrieb so
302 2118 1729 2215 gut wie entzogen war und ist, Entweder weil der Ver-
296 2189 1709 2260 lag keinerlei Wert darauf legt es weiter zu verkau-
298 2232 1662 2304 fen oder es aus xxx irgend einem Grunde nicht so
302 2276 1701 2345 vertreiben kann, wie er im Interesse des Autors ver-
303 2315 1657 2399 pflichtet wäre. Es ist evident, dass unter gleich-
305 2371 1528 2449 bleibenden Umständen ungefähr zweihundert Ja
305 2407 1623 2516 vergehen müssten bis Sie Ihre Bestände abgesetzt
315 2485 369 2535 be
700 2531 1584 2611 Sie schreiben weiter, dass ich Ihn
303 2596 1662 2671 Auffassung nach, so lange Vorräte vorhanden, eine
296 2643 1649 2717 neue Auflage nicht veranstalten lassen dürfe. Sie
300 2693 1623 2799 setzen freilich hinzu, dass falls ich es doch tun
1478 2736 1608 2803 dies
322 2743 1346 2844 würde (eine neue Auflage veranstalten.)
536 2796 912 2877 3.“ 18oner, ver¬
1053 2820 1498 2894 Das vorwäckt.
