1975 3672
1758 841 1890 906 G.C.P.
526 943 1777 1063 000 Mark zur Verfügung zu stellen,wenn wir die
490 1029 1746 1097 Bücher des "Reigen" vermakulieren dürfen, (dass
533 1077 1779 1141 mir dürfen ist ja selbstverständlich) nehme ich
525 1104 1878 1196 ankend zur Kenntnis; im nächsten Herbst würde wohl
632 1167 1478 1254 geringere Summe notwendig sein.
726 1244 798 1307 Wes.
815 1229 1816 1316 die Anfrage der Firma Beim London be-
540 1294 1837 1362 rifft, so ist „Fräulein Else“ in englischer Ueber-
535 1346 1748 1401 etzung sowohl in London und (in einer anderen
514 1389 1777 1439 ebertragung) in New York erschienen; in London
528 1435 1842 1500 ei Philpot und in New York bei Simon & Schuster).
513 1487 1830 1553 in eine Sammlung von Short stories x gehört diese
528 1524 1495 1611 welle selbstverständlich keineswegs
839 1587 1842 1683 mmen“ ist in London bei Wenner Laurie
576 1627 1822 1712 einem Sammelband erschienen, der "Beale" (unter
511 1707 1844 1770 em Titel "Beatrice") und ohne meine Autorisation,
588 1748 1731 1806 e Novellen des Bandes "Die Frau des Weisen"
482 1781 1798 1873 enthielt. Ich weiss gar nicht mehr, ob ich damals
550 1837 1782 1902 erhaupt ein Honorar erhielt. Schuster & Simon,
560 1883 1818 1958 eigentlich nur das Recht auf "Beate" besassen
519 1926 1775 1991 die in New York als Novelle für sich allein in
485 1965 1767 2037 einem Band erschien), haben damals mit Philpot
480 2016 1794 2076 unterhandelt. Ich weiss nichts mehr Näheres darü-
485 2062 1856 2131 ber und müsste komplizierte Nachforschungen anstel-
487 2103 1786 2175 len. Jedenfalls wird nicht das Geringste dawider
475 2155 1798 2223 einzuwenden sein, wenndie Firma Ben in ihre Samm-
475 2192 1743 2262 lung von "Kurzen Geschichten" die "Blumen" auf-
477 2245 1705 2298 nehmen wolite, ich wünschte nur, dass sie etwas
480 2283 1787 2353 Charakteristisches von mir wählten. Längere No-
477 2336 1336 2423 vellen kommen nicht in Betracht.
733 2408 1804 2476 Das Bulletin des declaration über "Ein-
523 2452 723 2526 men Weg
740 2450 1917 2544 habe pion längst an die Sooiété des auteurs
501 2522 1671 2602 geschickt, es ist aber nichts weiter erfolgt.
709 2577 1781 2662 Möchten Sie wohl so freundlich sein mir
653 2645 1810 2707 lare „Traumnoverle“ und wenn möglich 3 von
525 2691 1816 2756 in illustrierten Exemplaren "Casanovas Heimfahrt"
521 2739 1564 2826 senden zu lassen?- Herzlichst grüssend
1162 2785 1256 2860 Ihr
