1972 3672
427 880 1746 977 es nicht in der Hand hat mich auf Lebenszeit un-
314 957 1744 1043 mein Autorrecht am Reigen zu bringen. Ich wiederhole
316 1003 1746 1071 auch zum letzten Mal auch, dass ich mich, wenn Sie den
314 1053 1688 1136 Reigen in Verlag übernehmen, zur Hälfte am Kauf der
316 1096 1162 1154 Harz'schen Bestände beteilige.
320 1112 1756 1200 Ich wiederhole ferner, dass es mir persönlich eine Ge-
1780 1132 1857 1224 K
318 1174 1756 1241 nugtuung wäre, wenn gerade dieses Buch in meinem ange-
318 1226 1772 1285 stammten Verlage endlich erschiene, und sich damit der
197 1208 280 1293 Nul
318 1261 1817 1341 Verlag zu diesem so blädsinnig verleumderisch-infam an-
324 1319 1740 1386 gegriffenen Werke bekennen würde. Ich mache auch aus
193 1341 292 1410 Esqrte
320 1359 1740 1420 meiner Ansicht kein Hehl, dass der Verlag Fischer, der
199 1400 274 1440 ant
334 1396 1714 1468 in der Zwischenzeit und auch wieder zuletzt manches
181 1416 308 1480 & by
326 1422 1809 1512 Werk herausgebracht hat, das selbst wenn man einen Sitt-
195 1466 304 1555 (sub
318 1492 1794 1559 lichkeitsstandpunkt in der Kunst überhaupt gelten las-
320 1533 1784 1603 sen will, an Gefahren für die Jugend unendlich Mal rei-
324 1575 1804 1649 cher sein dürfte als es der Reigen jemals war und sein
328 1623 1724 1686 wird (wobei ich die literarischen Qualitäten keinem
332 1657 1792 1728 Vergleich unterziehe). Ich wiederhole aber ganz beson-
324 1698 1823 1782 ders, dass ich, falls Sie diese Empfindung nicht teilen,
322 1756 1831 1837 nicht weiter xxxx auf der Uebernahme des Reigen durch
326 1780 1921 1875 Ihren Verlag insistieren möchte und die Angelegenheit
328 1845 1827 1915 als endgültig erledigt betrachte. (Ich mache-zum Schluss
322 1887 1772 1966 nur noch darauf aufmerksam, dass die Gefahr einer Be¬
322 1933 1831 2020 schlagnahmung, wenn Sie das überhaupt eine Gefahr nennen
328 1982 1369 2044 wollen, als ausgeschlossen gelten kann."
330 2012 1776 2090 Was ich wünsche ist daher keineswegs eine zustimmende
342 2044 1815 2133 antwort, ich bin auch nicht geneigt mich mit einer
1800 2078 1915 2169 4.6
346 2107 1772 2179 ntwort zu begnügen, die Vorbehälte enthält. Für mein
324 2149 1857 2233 Gesamtwerk, wie für die Lebensarbeit des Verlages Fisch or
334 2213 1873 2272 spielt eine Neuausgabe des Reigen wahrhaftig keine Rolle
332 2239 1712 2318 Wenn Sie also in dem Beharren auf meinen Standpunkt
324 2262 1835 2370 nichts anderes sehen sollten als Rechthaberei (und-nicht
203 2272 298 2358 i. w.
330 2324 1756 2427 genau—spüren sollten, xxx was es hier geht)se sprechen
209 2336 310 2405 3/4
338 2391 1508 2445 ie Ihr endgültiges Nein.
217 2395 302 2465 not
330 2399 1829 2485 In dem einen wie in dem anderen Falle - das brauche ich
218 2453 292 2525 1m
330 2481 1821 2556 wohl nicht erst zu wiederholen - bleiben wir die Alten.
1591 2505 1670 2554 P.M.
514 2530 624 2586 im
1668 2534 1788 2596 3330
1468 2538 1551 2598 D.F.P.
1263 2578 1780 2648 bads xxxxix. Jgelxov
1090 2590 1178 2646 où
802 2628 1792 2709 sollte, immerte mich;
1090 2673 1895 2765 welche wiederholt werden möchte.
918 2675 1023 2751 at
518 2685 612 2749 wth
540 2731 1740 2838 zu Stall, daß H. auch — & Thür v. 4 M. M.
665 2801 1645 2896 well... but... Ilje weit Rücken.
594 2854 872 2938 in that & in
