1972 3672
1753 853 1825 921 m
493 968 1766 1067 3000 Mark zur Verfügung zu stellen,wenn wir die
477 1050 1740 1114 Bücher des "Reigen" vermakulieren dürfen, (dass
477 1087 1767 1158 wir dürfen ist ja selbstverständlich) nehme ich
474 1135 1874 1193 dankend zur Kenntnis; im nächsten Herbst würde wohl
507 1181 1466 1268 ine geringere Summe notwendig sein.
714 1259 1814 1327 Was die Anfrage der Firma Bem London be-
514 1306 905 1374 rifft, so ist “E
923 1313 1828 1374 räulein Else“ in englischer Ueber¬
479 1362 1741 1409 setzung sowohl in London und (in einer anderen
477 1407 1771 1464 Uebertragung) in New York erschienen; in London
482 1430 1834 1504 bei Philpot und in New York bei Simon & Schuster).
493 1492 1818 1544 In eine Sammlung von Short stories x gehört diese
491 1539 1522 1625 ovelle selbstverständlich keineswegs.
740 1614 951 1686 "Blumen"
1003 1604 1854 1706 at in London bei Wenner Laurie
561 1666 1809 1734 einem Sammelband erschienen, der "Beate" (unter
533 1713 1837 1790 am Titel "Beatrice") und ohne meine Autorisation,
536 1766 1722 1825 le Novellen des Bandes "Die Frau des Weisen"
482 1809 1785 1882 enthielt. Ich weiss gar nicht mehr, ob ich damals
477 1854 1764 1908 überhaupt ein Honorar erhielt. Schuster & Simon
484 1901 1809 1966 die eigentlich nur das Recht auf "Beate“ besassen
491 1941 1769 2001 die in New York als Novelle für sich allein in
467 1982 1757 2056 einem Band erschien), haben damals mit Philpot
465 2032 1797 2095 unterhandelt. Ich weiss nichts mehr Näheres darü-
465 2074 1841 2140 ber und müsste komplizierte Nachforschungen anstel
486 2124 1781 2177 len. Jedenfalls wird nicht das Geringste dawider
463 2173 1793 2231 einzuwenden sein, wenndie Firma Ben in ihre Samm-
468 2215 1757 2288 lung von "Kurzen Geschichten" die „Blumen“ auf-
458 2264 1694 2328 nehmen wollte, ich wünschte nur, dass sie etwas
461 2293 1767 2379 Charakteristisches von mir wählten. Längere No-
477 2352 1322 2429 vellen kommen nicht in Betracht,
728 2434 1809 2499 Das Bulletin des déclaration über "Ein-
536 2476 1901 2560 gen Weg“ habe bieh längst an die Société des auteu-
512 2532 1663 2624 geschickt, es ist aber nichts weiter erfolgt.
724 2598 1778 2676 möchten Sie wohl so freundlich sein mir
811 2668 1797 2720 "Traumnovelle" und wenn möglich 3 von
937 2713 1814 2772 Exemplaren "Casanovas Heimfahrt
1132 2756 1564 2835 lichst grüssend
1163 2800 1242 2875 Ihr
