1957 3639
382 799 1599 923 seiner Vorräte ihm zahlen wollen,sagen wir 2
1099 879 1647 952 e) oder uns geschlo¬
384 901 1078 969 2500 Mark zahlen wollen
375 932 1745 1012 zu geben....Kapitulation,die wir wieder ethisch
380 981 1669 1049 noch praktisch zu rechtfertigen imstande wären.
375 1003 1747 1095 Noch werde ich mich erst weiter äussern, enn sich
374 1065 1715 1140 Herr Fischer und wie ich hoffen möchte definitiv
382 1112 1658 1215 zu der Angelegenheit ausgesprochen haben wird.
380 1189 1664 1287 Darauf am 21. September 1928 Vorschlag Fischers
396 1258 1705 1324 ..... dass ich Harz daraufhin verklagen müsste
386 1304 1614 1367 dass ihm ein Verlagsrecht auf das Buch nicht
382 1350 1614 1413 mehr zustehen kann, weil der Vertrieb und der
382 1382 1551 1484 Verkauf seit Jahren vollkommen lahm liegt.
474 1466 1609 1631 An 22 9. A. f. beiges sloriere Bue
539 1599 966 1715 is. May I in
551 1658 1626 1821 Entwurf meine Antwort
