1971 3639
312 822 1623 905 Verwunderung, dass in den letzten Jahren vom Rei¬
312 878 1527 946 gen sehr wenig verkauft wurde, möchte aber um
312 909 1667 983 nähere Daten bitten. Sehr wenig, das kann heis-
312 973 1571 1061 sen 50, oder auch 20 in einem halben Jahr oder
314 1023 583 1093 auch 300.
1631 1032 1697 1110 P.
307 1076 1658 1170 19.5.1928.An Fischer:....Zum Falle Harz lege ich
314 1150 1562 1214 meinen Brief vom 7.4., owie seine Antwort vom
314 1201 1626 1267 11.4.bei....Die in seinem Brief erwähnte Zusam-
316 1243 1530 1309 menstellung ist bisher nicht eingetroffen...
317 1305 1635 1365 Natürlich wäre es mir sehr erwünscht, wenn wir
319 1336 1275 1405 endlich zu einem Resultat kämen.
316 1405 1604 1484 31.5.1928. An Fischer:...Was Harz anbelangt so
317 1469 1603 1528 stehen wir wieder einmal genau dort, wo wir ge-
317 1518 1537 1572 standen sind. Es handelt sich eben darum und
319 1560 1586 1613 wie mir scheint eben nur darum, ob wir die Vor-
316 1603 1647 1679 räte übernehmen oder nicht...Auch die Einstam-
345 1647 1586 1721 pfung schiene mir kein starkes geschäftliches
350 1699 1631 1761 isiko. Denn zweifellos würde eine neue und vor-
319 1736 1614 1795 nehm ausgestattete usgabe des Reigen im Verlag
321 1783 1562 1844 fischer sich in einer nicht allzu fernen Zeit
316 1836 1533 1891 rentieren....Der jetzt zu beschreitende Weg
326 1863 1645 1937 (wenn le überhaupt einen Weg beschreiten wollen
328 1920 1628 1986 wäre also der Herrn Harz eine bestimmte Summe
323 1967 1589 2023 sagen wir 3000 Mark zu bieten.man könnte even-
324 2013 1628 2075 tuell bis 4000 gehen, sofort zahlbar bei soforti
324 2060 1616 2138 ger Lieferung, wobei ich nochmals meine Bereitwie¬
317 2102 1550 2158 ligkeit erkläre die halben Kosten zu tragen.
326 2155 1650 2206 Im übrigen hat Harz das Urheberrecht nur bis zur
324 2197 1657 2251 100 Fr. Auflage und ich wüsste nicht, durch welches
328 2239 1648 2297 Gesetz ich verhindert sein sollte bei einem ande
323 2287 1623 2341 Verleger neue Auflagen erscheinen zu lassen, ins
326 2330 1611 2385 besondere wenn es sich zeigt, dass Herr Harz die
317 2376 1628 2437 Restbestände nicht verkaufen kann oder nicht ve-
324 2423 1601 2476 kaufen will und mich somit wissentlich oder un-
316 2466 1565 2531 ix wissentlich in der Ausübung meiner Autoren
1420 2506 1599 2592 ich als
312 2516 1334 2599 rechte schädigt. (Mir ist beinahe als
319 2562 976 2636 das schon gesagt hätte,
324 2633 1468 2731 7.6.1928. An Harz: Noch immer erwarte ich
