1972 3672
1512 812 1602 886 auch vorzurichten und sehr vielmehr schloßen
1392 799 1477 886 bes
278 808 1333 909 norar kosten, während der Makulaturprekte
278 880 1634 938 M.120.- einbringen kann. Ich bin keinesfalls ver-
1517 909 1649 978 vegen.
287 931 1466 988 pflichtet, mein gut investiertes Geld nur de
292 947 1703 1053 vollständig zu verlieren, um ausschliesslich Andere
290 1010 1427 1088 vor vermeintlichen Schaden zu schützen. I
281 1055 1463 1117 mich vielmehr bemühen, mein investiertes Kap
283 1111 1544 1180 meine Arbeit und die Zinsen, die mich daskoste
287 1153 1389 1225 nigstens einigermassen herauszubringen.
566 1210 1690 1299 Ich kann die Exemplare entgegenkommender
345 1273 1647 1351 ise nur zu meinen Selbstkosten zurückgeben, zum
292 1340 1510 1407 Verlieren habe ich gar keine Veranlassung
590 1387 1654 1477 Wie ich schon eingangs erwähnte, dürfen
399 1441 1778 1540 nach meiner Auffassung,so lange Vorräte vorhanden
290 1452 384 1537 Sie
290 1517 1650 1575 sind, eine neue Auflage nicht veranstalten lassen.
290 1558 1737 1618 Ich nehme aber an, dass, falle Sie es doch tun würden,
296 1607 1688 1665 ich dieserhalb mit Ihnen keinen Prozess führe. Das
290 1643 1688 1706 Einzige, was ich in diesem Fall tun kann, um zu mei-
404 1699 1631 1757 Geld zu kommen, ist, dass ich die Exemplare zu
292 1706 390 1759 nem
294 1719 1672 1800 dem herabgesetzten Preis von etwa M.2.- an das Pu-
296 1791 1656 1847 blikum absetzen werde. So lange eine neue Auflage
292 1838 1605 1894 nicht erscheint, sehe ich keine Veranlassung, das
287 1860 1703 1935 Buch unter dem Preis anzubieten. Ist das geschehen
381 1916 1759 1999 werde ich auf diese Weise meine Interessen wahren.
648 1990 1108 2082 Ich begrüsse Sie
649 2054 1025 2137 Ihr ergebener
