2536 3658
1138 741 1769 843 Berlin-Dahlem, 17.4.14.
1137 824 1635 908 Miquelstrasse 86.
541 931 1118 1019 Sehr geehrte Herren.
902 990 1997 1093 Schnitzlers "Reigen" habe ich immer für
552 1036 1997 1150 ein Werk von hohem Kunstwerte gehalten; ein geradezu
556 1087 1999 1197 klassisches Beispiel dafür, wie sehr ein Dichter auch
558 1131 2008 1247 den heikelsten Stoff durch die Erhebung ins rein Psy-
558 1182 1989 1296 chologische adeln kann. Ich würde dieses Werk nicht
560 1211 2022 1336 gerade Halbwüchsigen in die Hand geben, denen übrigens
562 1283 2014 1392 genau so gut vieles schädlich werden könnte, was unan-
565 1314 2033 1432 gefochten auf den Markt gebracht werden darf. Da aber
571 1367 1978 1470 die Rücksicht auf die Minderjährigen nie und nimmer
567 1405 2098 1521 zum Kriterium für die Grenzen künstlerischer und wissen-
571 1451 2090 1561 schaftlicher Freiheit gemacht werden darf, halte ich das
573 1498 2033 1597 Verbot für gänzlich ungerechtfertigt. Dieses Buch ist
571 1536 2090 1658 von aller Pornographie durch eine Welt getrennt; es ist
573 1592 2081 1706 übrigens nicht darnach angetan, Lüsternheit zu erwecken,
571 1635 2064 1755 sondern infolge seiner herben, grausamen Wahrhaftigkeit
577 1681 2064 1793 eher geeignet, den Illusionismus der Geschlechtlichkeit
577 1782 1001 1864 herabzustimmen.
980 1841 1462 1909 Hochachtungsvoll
1422 1902 1812 2007 Ludwig Fulda.
