2536 3658
1349 758 1712 868 Berlin W.10.
726 865 1870 980 Geh.Ræk Med.Rat Prof.Dr.Albert Eulenburg.
739 979 2212 1100 Arthur Schnitzlers als „Reigen“ perlschnurartig aufge-
743 1021 2245 1139 reihte Dialogenfolge ist mir schon beim ersten Erschei-
739 1085 2098 1193 nen nicht entgangen und gleich damals ihrer hohen
747 1110 2221 1243 sexualpsychologischen Eigenartigkeit entsprechend ein-
747 1164 2241 1293 geschätzt worden. Gewisse Bedenklichkeiten des Stoffes
755 1208 2256 1332 verkenne ich auch meinerseits nicht - aber wenn irgend-
751 1274 2104 1380 wo so werden wir auch hier durch die meisterhafte
757 1314 2208 1432 psychologische Beherrschung im Verein mit der vollen-
753 1361 2187 1473 deten künstlerischen Fassung spielend über diese Be-
758 1411 2206 1511 denklichkeiten hinweggetragen und in die sphäre unge-
768 1459 2192 1563 trübten ästhetisch-literarischen Geniessens erhoben.
766 1505 2142 1615 So sollte und könnte es wenigstens sein; natürlich
768 1534 2279 1654 muss man wohl zugeben, dass es auch Leute gibt und geben
772 1588 2268 1696 wird, sogar xxx soi-disant "Kritiker", die in diesem Rei-
768 1635 2198 1754 gen "das gewagteste Buch unserer heutigen Literatur"
780 1677 2258 1797 ein "frivoles" Machwerk und in seinem Erfolg nur einen
776 1735 2179 1861 "Pikanterie"-Erfolg erblicken und ihrer Veranlagung
774 1776 2227 1886 nach erblicken missen. Das ist nicht zu ändern - aber
782 1822 2227 1936 kann das wirklich ein ausreichender Grund sein, um auf
780 1876 2227 1978 die Dauer der grossen Oeffentlichkeit ein Buch vorzu-
787 1913 2235 2026 enthalten, das einen wahrlich sehr ernsten, die höchste
791 1963 2243 2067 Beachtung und Würdigung erheischenden Gegenstand, wenn
782 2017 2237 2113 auch scheinbarctändelnd und mit der dem Wesen des Au-
786 2061 2200 2165 tors untrennbar anhaftenden feinsinnigen Ironie und
791 2096 2243 2210 Skepsis behandelt und aus dem sich über diesen Gegen-
787 2142 2274 2254 stand über das Geschlechtsleben unserer Zeit, auf weni-
795 2208 2221 2312 gen Seiten mehr lebendige Anschauung gewinnen lässt,
795 2245 2227 2360 als aus manchen, diesen Decktitel tragenden halb-oder
801 2291 2169 2399 ganzwissenschaftlichen dickleibigen Folianten? Die
795 2333 2285 2443 Frage nur aufwerfen heisst auch schon sie entscheiden.
795 2385 2154 2490 Und vor allem: ein Werk Arthur Schnitzlers gehört
799 2440 2270 2532 der Nation, die ein unnehmbares Recht darauf hat, einen
799 2465 2351 2580 ihrer feinsten und besten Geister auf allen Entwicklungs-
795 2530 2316 2634 wegen und meinetwegen auch Neben- und Seitenwegen seines
809 2573 2301 2677 Talentes zu begleiten und völlig kennen zu lernen. Man
801 2629 2127 2729 lasse ihr also dieses Recht fortan unverkümmert!
1776 2675 2137 2752 A.Eulenburg.
