2268 3623
394 825 1751 942 die erstere aus irgendwelchen Gründen für diesmal
396 893 1832 1047 auszuschalten wäre.Also selbst, wenn der Medordus als
399 997 1756 1109 ein Stück, das sich vorzugsweise für Ihr Deutsches
399 1079 1894 1213 Theater eignet, zugleich das erste und einzige wäre, das
414 1183 1811 1304 Ich Ihnen jeraIs angeboten hätte, hätten Sie absolut
401 1287 1836 1399 he inen Grund dies als verletzend zu empfinden; urmois-
407 1366 1870 1482 viel weniger angebracht muss mir hun aber Ton und In¬
407 1444 1923 1565 halt Ihres Telegramms erscheinen, als die Tatsachen leh-
409 1525 1930 1641 ren, dass wir schon zu öfteren Malen nicht nur in künst¬
416 1618 1858 1745 lerischer Verbindung gestanden sind, sondern dass Sie
416 1726 1794 1821 ebenso oft oder noch öfter die Gelegenheit solcher
426 1802 1802 1923 Verbindung mit dem Aufwand grössern oder geringern
431 1913 1342 2027 Taktes haben vorübergehen lassen.
530 1968 1811 2086 Dem Umstand, dass Sie den Grünen Kakadu und Ab¬
428 2059 1845 2178 schiessouper im kleinen Theater, die Liebelei in den
426 2131 1889 2275 Kamerspielen aufgeführt haben, soll hier keine Bedou¬
437 2220 1892 2358 tung beigelegt werden, da sie vorher von andern Berli-
431 2318 1841 2445 ner Bühnen gebracht worden waren. Auch die Urauffüh¬
443 2422 1923 2540 rung des Tapfern Casstan will nicht viel besagen. Eben¬
437 2496 1872 2657 so wenig will ich auf dem Haus Delorme verweilen, das
441 2576 1923 2742 Ihnen von der Zeneur verboten wurde. Die einaktige Ko¬
443 2674 1838 2803 mödie Zum grossen Wurstl lag Ihnen vor, Sie wollten
751 2827 939 2937 Ce soirante
