4089 3703
2188 705 2494 851 21.10.05
2610 741 2720 849 r
2149 926 2476 1022 21.10.1909.
1590 1151 2317 1267 Sehr geehrter Herr Kahane!
2228 1200 2403 1276 G.C.H.F.P.
1418 1322 2502 1437 Da Sie mich fragen, ob ich Ihr Telegramm
2224 1365 2566 1451 cʼest eu de ses amis.
1293 1425 2634 1545 vom 24. September erhalten habe,sehe ich mich ge-
1290 1497 2615 1631 nötigt die Gegenfrage an Sie zu richten,ob Ihnen
1434 1519 1700 1586 lʼautre avec les mêmes
1298 1602 2552 1730 denn meine Antwort vom 25. Septemper dem Tage
1696 1662 2267 1734 cʼest avec les mêmes, comme elle lʼauteur avec le
1302 1689 2588 1814 darauf zugekommen ist, die am Schluss den Passus
1303 1768 2602 1950 enthielt... "schliessen uir dann,wie es in sol¬
1345 1871 2609 1993 chen Fällen üblich ist, einen bindenden Vertrag
1310 1924 2609 2084 mit Termin und Konpentionalstrafe, so werden Sie
1321 2041 2590 2175 mich ohne Verzug bereit finden Ihrer freundli¬
1333 2125 2621 2260 chen Anfrage wegen des meiten Stückes, das ganz
1333 2214 2603 2341 vollendet ist,mit dem ich bisher nichts unter¬
1333 2305 2619 2434 nommen und mit dem ich bis zum 15. Oktober d.J.
1339 2392 2514 2523 nach keiner Richtung hin etwas unternehmen
1348 2494 2257 2626 werde, ernsthaft näher zu treten.“
1459 2569 2655 2699 Der 15. Oktober###ist verstrichen.unternommen
1720 2653 2205 2723 Ce nouvelle ettämme ee
1350 2663 2708 2807 habe ich wohl noch immer nichts, bemerke aber heu-
1357 2741 2737 2891 te, dass ich mir die "reihett meiner Entschliessun-
