4095 3704
546 899 2112 1108 uns für die tägliche Arbeit so viel zu tun
560 1040 2062 1256 Nachters schienen Duvel die muneren Erkram¬
533 1133 2034 1385 Rung der Sorma in diesem speciellen Falle
562 1244 2021 1480 alle uns vom Dispositionen plötzlich auf
562 1383 2073 1591 die Kopf gestellt; so daß der Steuer mit
562 1502 2062 1757 Früher schreiben wollten und Könnten,
556 1622 2094 1866 als fös auch die Litiatärs einigermann
554 1763 1978 1961 geklärt hat. Nun ist die durch
554 1848 2112 2058 Die Feldnur so ziemlich der Fall nur
574 1941 2120 2160 alle, die der heufigen Kakaden-Proter¬
554 2108 2102 2311 bei wohnten, er ähnen sie soll ganz
601 2265 1037 2422 formes sien.
736 2337 1986 2515 Ich frem und mich, Ein bald erwar¬
554 2443 2100 2654 Zusehen und verbleibe mit den Torgenden
560 2627 2098 2811 sten früßen. Der aufrichtig ergebener
1126 2722 2112 2937 Arthn Kanome
