4085 3705
1607 799 1732 908 G.C.F.P.
459 950 1945 1194 daß der Z. = B. = C. die genennen Notiz bringen.
2189 981 3613 1184 Mit der herztimmten Grüßen der
455 1057 1921 1263 würde. Dann hat das Tugeblatt
2223 1116 3774 1353 Verehrung an Sie mir Ihre Frau Gemässig
443 1182 1877 1385 in einer nicht unangeachnete Weise
473 1301 1955 1534 Ihre Erklärung aus Wienen Blättom
2545 1341 3526 1494 Ihr zur gebene
2696 1476 3633 1663 by Mr Kahane
461 1522 902 1681 abgedruckt.
606 1508 2030 1808 Das Kleine Journal Lage an Ihnen
425 1673 1923 1891 bei, nur bemerke nur, daß dies das
429 1778 2056 2076 verte Blatt war, das das lässpische Gerücht¬
447 2006 957 2241 gebracht hat
586 2129 1861 2366 Am Übrigen ist der Kakaden gut
1377 2195 2032 2366 11/ undt Januar Wirkung
383 2267 1927 2533 besucht, Sonntag ganz v. Englick,
391 2404 2000 2700 und wird der Kassain gedesmal lebhaft
403 2666 953 2845 applaudiert.
