4488 3641
3454 359 3544 481 7e
2808 387 3003 571 18.04.
1456 528 2070 633 Kleines Theater. Neues Theater
2656 565 3088 740 19.8.1904
1670 592 1863 659 zu Berlin
1442 599 2588 740 Direktion und Bureau: Schilibauerdamm 40.5. Geben auch Rügen den
1630 693 1918 753 Fernsprecher: III, 1141.
2085 684 2517 772 Villa Thim Kehr
1514 851 2348 1020 Hochrichter Herr Doctor,
1752 947 2958 1217 Gestatten Sie mir nur, Ihnen in
1424 1095 2889 1341 sehr Worten einige Freude auszudrücken,
1439 1187 2992 1465 daß sie sich entwertigenen wollen, nur Stücke von
1444 1292 3007 1570 steren zu geben. Ich habe ja seit vom Einlau¬
1431 1401 3086 1675 fen Ihres letzten Briefes mit Reinhardt, der gegen¬
1418 1540 3037 1837 würdig in Berlin (Villa Vierta) ist mir dort bei
1405 1645 3063 1923 stwa zum 2. b. bleiben dürfte, muss gespro¬
1435 1754 3110 2008 chen, aber ich weiss es, wie es sich schon über
1429 1856 3097 2128 Dr. blos. Hoffnung gefreut hat und mit wel¬
1431 1983 3138 2237 ehr laut und Energiegen die Inscenirrung gehen
1446 2120 3093 2346 wird. Es ist wol noch Genz unentschieden.
1450 2201 3022 2472 welche Wahl wir treffen werden: Rein hardt
1471 2293 3193 2629 haf immer eher viele für den grönen Kerkadü¬
1463 2423 3185 2783 übrig gehabt: besondere schrieb mir Fräulein
