2268 3623
357 795 1813 937 eine Gelegenheit zur Aufführung abwarten, die indessen
353 914 1794 1044 nicht erschienen ist. Den Schleter der Beatrice haben
357 1010 1775 1133 Sie zu einer Zeit erbeten, da Ihnen als Direktor des
349 1086 1851 1228 Kleinen Theaters mit noch nicht ausreichendem Material
365 1194 1813 1313 die Aufführung xxx noch hätte gelingen können.
359 1279 1755 1407 Ich überliess das Stück Brahm zu einer Zeit, da Sie
366 1366 1836 1492 das Deutsche Theater noch nicht leiteten, später liess
376 1451 1828 1577 Ich durch Bahr bet Ihnen an fragen, ob Sie den Schleter
366 1539 1813 1651 nicht am Deutschen Theater bringen wollten, Sie haben
346 1647 1264 1770 geglaubt davon absehen zu müssen.
478 1709 1862 1845 Aber in allen diesen Fällen handelte es sich teils
378 1819 1834 1934 um in Berlin schon gespielte, teils um kleinere Werke.
374 1887 1883 2006 und ich will lieber gleich zu einem Fall übergehen, dem
382 1964 1823 2121 grössere Beweiskraft innehnt als den bisherigen. Im
374 2081 1792 2195 Jahre 1905 waren zwel Stücke von mir vollendet:Zui¬
382 2161 1802 2283 schenspiel und Huf des Lebens. Ich liess Sie auch in
389 2231 1879 2378 persönlichem Gaspräche, wenn ich nicht irre mit Hollän-
391 2346 1772 2463 der, wissen, dass ich beabsichtigte eines von diesen
387 2418 1906 2569 Stücken Ihnen und das andere Brahm zu überlassen. Länge¬
391 2514 1787 2650 re Zeit schwankte ich hinstehtlich des richtigsten
399 2599 1787 2742 Verteilungsmodus. Endlich, insbesondere mit Hinblick
395 2695 1791 2803 auf die damals bei Ihnen engagierte Sorma, die eine
399 2776 1857 2956 mundervolle Cäcilie gewesen wäre, entschloss ich mich
