3808 3705
174 996 1666 1105 zahlen. Wir möchten dazu bemerken, dass die Herren
178 1099 1645 1212 Gerhart Hauptmann, v. Hofmannsthal, Sternheim, Voll-
176 1182 1586 1279 moeller, Schmidtbonn, Beer-Hofmann etc. etc. uns
186 1256 1532 1394 stets ihre Stücke ohne jede Garantieforderung
178 1379 523 1494 überlassen.
326 1473 1645 1582 Dagegen haben wir Ihnen die aussergewöhnlich
184 1542 1672 1639 hohe Conventionalstrafe vom M. 3000.- (Dreitausdnd
172 1655 1643 1758 Mark) consediert, obwohl wir im Allgemeinen keine
190 1743 1589 1844 höhere Conventionalstrafe als 500.- Mark zu be-
190 1833 699 1944 willigen pflegen.
329 1852 1666 2034 Auf alle übrigen Punkte konnten wir eingehen,
180 2005 1720 2093 müssen Sie aber noch bitten, von einer vertraglichen
178 2078 1672 2221 Festlegung der Regie von Professor Reinhardt abzu¬
193 2198 1645 2308 sehen, da wir eine derartige Zusicherung vertrag-
186 2262 1672 2388 lich nicht geben können. Professor Reinhardt inte-
190 2377 1622 2470 ressiert sich aber ganz ausserordentlich für Ihr
193 2438 1676 2534 Werk und es ist infolge dessen mit Sicherheit an-
180 2507 1319 2604 zunehmen, dass er es inszenieren wird.
326 2593 1622 2731 Was die Besetzungsfrage betrifft, so werden
180 2708 1633 2807 wir uns mit Ihnen in Verbindung setzen bevor die
2099 959 3430 1099 Rollen endgiltig ausgeteilt werden. Wir sind
2105 1065 3474 1214 überzeugt, dass wir unter unserem Personal für
2118 1185 3307 1298 sämtliche Rollen ideale Gertreter haben.
2250 1264 3506 1381 Wollen Sie die Güte haben, uns den Vertrag
2108 1356 3537 1480 mit Ihrer Unterschrift versehen zukommen zu las-
2124 1465 3531 1563 sen - Sie erhalten dann sofort den unterzeichne-
2114 1543 3127 1668 ten und gestempelten Gegenvertrag.
2511 1693 3357 1831 Mit vorzüglicher Hochachtung
2752 1808 3269 1990 ergebenst
3005 2097 3357 2281 Reip
