4112 3704
1145 1013 2542 1178 mir ganz unzutreffend. Niemand fände ein Miss trau-
1147 1129 2540 1246 en meinerseits gegen Sie darin, wenn ich den Medar-
1149 1205 2518 1310 dus, der sich so hervorragend für Sie eignet, Ihnen
1160 1283 2597 1429 und ein anderes Stück, das sich für ein Anderes Thea-
1160 1382 2544 1495 ter besser eignet, Jenem andern übergäbe (ins beson¬
1163 1457 2449 1577 dere,wenn es ein Theater wäre, mit dem ich seit
1162 1542 2572 1663 Jahren in den engsten Beziehungen stehe). Ich weiss
1163 1631 2526 1760 nichts davon, dass Sie bisher von den Autoren,de-
1176 1706 2527 1864 ren stilisierte Stüche "je aufgeführt haben, immer
1171 1825 2544 1941 gleich ein modernes als Zugabe bekommen haben. Dass
1176 1902 2526 2033 der Medardus viel Geld, Zeit und Arbeit erfordert,
1178 1975 2536 2129 ist mir nicht unbekannt.Venn Sie einen Erfolg für
1181 2052 2569 2228 unwahrseheimlich halten, so müssen Sie ja das Stück
1179 2173 2492 2293 nicht geben. Ich habe mich bisher mit einer fast
1188 2221 2551 2377 betonten Absichtlichkeit davon fern gehalten Ihre
1185 2321 2558 2465 wiederholten Bereitschaftserklärungen auch nur im
1181 2427 2527 2547 Entferntesten als bindend anzusehen. Umse weniger
2224 2472 2789 2569 Une Bertrie monsilassé
1199 2529 2642 2648 bin ich in der Lage mich auf irgend ###
2319 2590 2687 2680 to die with
1251 2590 2187 2685 die sie an die bezeit da tied. Amst
2264 2617 2379 2716 S. A. C.
1201 2639 2095 2739 sen, und auch nur im Gebind xxx
1196 2716 1545 2769 aber selbst bericht
1203 2705 2513 2855 ähnlich sieht man aber, so anregend diese Korres¬
1205 2795 2563 2941 pendenz auch sein mag, ich finde, wir fangen an uns
