4095 3695
2357 634 2599 752 18.0.08
2699 663 2875 797 . I
2314 809 2816 956 8. September 1908
1182 773 1313 972 R
1423 760 1523 981 F
1244 952 1829 1074 Deutsches Theater zu Berlin
1344 1040 1733 1117 Direktion Max Reinhardt
1260 1335 1441 1437 Herrn
1262 1419 2080 1537 Dr. Arthur Schnitzler,
2057 1474 2292 1576 Wien.
1774 1560 2424 1641 .................................,,9,40/3/4-8/4
1227 1647 2022 1739 Sehr verehrter Herr Doktor,
1272 1715 2805 1825 Zwie ausserordentlich grosse Arbeitsüberlastung, die die
1276 1808 2811 1947 bisherigen Premieren, insbesondere die grosse Arbeit zu
1280 1894 2891 2002 König Leer verursacht hat, verhinderte mich leider bis heu-
1280 1988 2881 2100 te, auf die Tantiemenangelegenheit "Liebelei" zurückzukom¬
1278 2045 2915 2218 men. Ich möchte nun in dieser Sache noch folgendes bemerken:
1282 2153 2877 2267 Sie sind der Ansicht, dass mir bei dem Vertragsabschlusse
1303 2234 2907 2371 die Herabsetzung des Tantiemensatzes aufgefallen sein dürf-
1311 2328 2922 2438 te und ich mich über den Sachverhalt bei Ihnen hätte infor-
1307 2410 2907 2542 mieran müssen. Ich habe jedoch mehrfach darauf hingewiesen
1319 2510 2924 2634 und an der Hand des Ihnen überreichten Material erläutert,
1323 2616 2846 2724 dass das Vigszinhasz, nicht ich, ebenso wie über andere
1578 2693 1880 2746 ̃ ̃̃-̃ - -̃ * - - - * -
1315 2699 2936 2840 Stücke auch über "Liebelei" die Verträge abgeschlossen hat.
