4112 3704
2246 582 2562 739 10.11.09
2157 800 2743 935 den 10. November 190
1133 907 1723 1034 Deutsches Theater zu Berlin
1334 1153 1517 1231 Herrn
1533 1210 2131 1339 Dr. Arthur Schnitzler
2298 1290 2708 1386 W i e n XVIII
2162 1358 2727 1458 .................................  =================
2161 1437 2598 1555 Spoettelgasse 7
1491 1583 2234 1697 Sehr verehrter Herr Doktor,
1498 1688 2698 1826 Ich möchte nicht unterlassen Ihnen mitzutei-
1350 1798 2670 1901 len, dass Ihr letzter Brief sowie Ihr Telegramm
1357 1908 2642 1995 deshalb bis heute unerwidert blieben, weil ich
1362 1993 2743 2084 einen so wichtigen Brief nicht beantworten möchte,
1362 2045 2741 2164 ohne mit Reinhardt darüber gesprochen zu haben und
1358 2138 2703 2274 dieser in all diesen letzten Tagen täglich bis 5
1367 2235 2769 2340 Uhr Don Carlos-Proben hat; sobald die Première vor-
1355 2335 2392 2433 über ist erhalten Sie unsere Antwort.
1491 2429 2703 2544 Mit dem Ausdruck vorzüglichster Hochachtung
1620 2521 2115 2713 Nr aprenne
1850 2689 2453 2835 Arten Kahan
