4089 3703
1027 693 1506 947 Reinhardt
1817 898 2165 1020 25.9.1909.
1383 1062 2173 1223 Verehrter Herr Direktor!
1405 1207 2418 1356 Vor allem müsste ich natürlich die
1187 1330 2523 1501 Striche hemen, die Sie machen wollen, deren Ak¬
1200 1437 2661 1570 zeptierung durch mich, wie mir ja schon bekannt war,
1211 1490 2581 1652 die Vorbedingung der Annahme des “Medardus“ wäre.
1202 1594 2594 1748 Ich ersuche daher um möglichst rasche Einsendung
1223 1690 2574 1864 der mit Ihren Strichen versehenen Manuscripte, da
1207 1781 2503 1942 ja vorher alle unsere Verhandlungen gewisser-
1221 1875 2526 2020 massen ins Leere gehen. Wir stehen nun ungefähr
1223 1949 2586 2093 dert, wo wir gleich nach meiner Verlesung gestan¬
2566 1969 2655 2100 P.
1232 2042 2623 2176 den sind, denn schon in jener Nacht wurde ja soi-
1234 2120 2419 2265 schen uns verabredet, dass ich in epätestens
1240 2200 2514 2374 14 Tagen Ihre Striche erhalten sollte. Ein ich
1236 2307 2550 2468 mit den von Ihnen vorgeschlagenen Strichen ein-
1245 2403 2526 2543 verstanden, was ich innerhalb weniger Tage nach
1232 2479 2610 2646 Anlangen der Manuscripte erklären wurde, erscheint
1245 2565 2519 2730 nach meinem Einverständnis bis aus Ihrem Tele-
1245 2679 2546 2828 gram hervorgeht, der "Junge Medardus" von Ihnen
1269 2753 2590 2917 angenommen, und schliessen u trädam, wie es in sel¬
