2266 3571
1715 618 1807 714 10
336 689 1745 785 nicht näherzutreten gedenke. Sie wiederholen hierauf
332 780 1820 876 Ihr Telegramm vom 24. September und halten es für mei-
326 868 1795 972 fellos, dass wir uns in Hinsicht auf die Striche voll-
330 962 1332 1071 kommen perstehen und einigen werden.
430 1029 1759 1146 Die Striche liegen Ihnen vor, ich verlange nichts
332 1137 1791 1233 als immer wieder endgiltige Entscheidung über den Me¬
336 1227 1690 1334 dardus. Sie erklären sich am 20. bereit über beide
326 1323 1812 1409 Stücke sofort nach Einsicht in das moderne Stück Ver¬
338 1398 1812 1505 trag zu machen. Ich lehne am 22. die Verquirkung beider
326 1490 1822 1601 Angelegenheiten nochmals auf des Entschiedenste ab und
332 1586 1791 1674 ersuche Sie am 30. Oktober nach einem neuerlichen Ver¬
336 1670 1789 1774 such Ihrerseits mich zu einer Doppelvertrag zu veran¬
336 1749 1732 1845 lassen,mir entweder den Vertrag über Medardus oder
332 1843 1690 1939 das Manuscript zu schicken. Ich teile Ihnen am 10.
330 1937 1797 2028 November neue Streichungs-Vorschläge mit, am 30. Novem-
332 2022 1818 2110 ber wiederhole ich mein Ersuchen um Einsendung des Mc¬
336 2097 1786 2214 nuscriptes oder des Vertrages,am 7.Dezember kommt Ihr
336 2208 1747 2296 Telegramm: Ihr Entschluss meine dramatische Historie
328 2287 1789 2408 zu spielen sei unverändert,wenn ich Ihnen im Vertrage
336 2360 1795 2479 Vorrecht auf mein modernes Werk einräume; darauf ver¬
330 2456 1772 2563 lange ich mein Manuscript zurück und die Beleidigten
336 2565 1882 2669 sind Sie. In München dachten Sie noch gar nicht dran oder
