4089 3703
1903 679 2291 832 zu 22.10.08
2450 808 2592 947 - 3 -
1249 1004 2560 1148 gerade dieses Stück (ganz abgesehen von meinen
1242 1109 2691 1253 persönlichen herzlichen Beziehungen zu Brahm) wieder
1256 1186 2614 1319 auf das lessingtheater hinweist. Keineswegs hätte
1267 1283 2596 1415 ich mir je erlaubt, Ihnen sozusagen die Bedingen
1264 1381 2592 1487 eines Doublevent zu stellen, so wenig ich in der
1262 1476 2578 1577 Lage wäre, eine solche Bedingung von Ihnenxxx
1274 1546 2637 1665 oder sonst irgend wem anzunehmen. Zur Verhandlung
1283 1660 2700 1751 steht nicht das moderne Stück, das Sie nicht kennen,
1283 1737 2612 1861 sondern der Ihnen wohlbekannte Medardus, den ich
1287 1827 2536 1931 Ihnen in München vorgelesen habe, über dessen
1287 1901 2651 2027 Striche wir uns einigen sollten und wie aus Ihrem
1292 2003 2574 2128 letzten Brief hervorgeht, sogar schon geeinigt
1291 2095 2551 2205 haben. Glauben Sie an ihn und wollen Sie ihn
1301 2173 2599 2309 spielen, so werden Sie selbstverständlich nicht
1307 2257 2637 2403 länger anstehen, wie das in der ganzen Welt zwi-
1285 2351 2614 2491 schen Direktion und Autor üblich ist (auch wenn
1316 2437 2621 2581 sie intim befreundet sind) mir einen, uns beide
1316 2529 2619 2651 bindenden Vertrag mit Termin und Konventional-
1316 2623 2646 2745 strafe, vorzulegen. Glauben Sie nicht an ihn, so
1325 2702 2621 2876 werden Sie es ebenso selbstverständlich bleiben
