4112 3704
1202 936 2638 1102 bedeuten, was gewissermassen zu meinem Metier gehört.
1232 1041 2569 1206 Fragen Sie sich doch salbst Lahnn ich sofort ent¬
1242 1120 2533 1275 schlossen gewesen wäre Ihnen das neue Stück zur
1465 1232 1766 1309 n'en bussut
1234 1240 2671 1372 Lehtüre zu übersenden. Ges in aller Welt hätte mich
1985 1299 2097 1360 the
1244 1309 2630 1476 veranlassen sollen Ihnen nicht mehr zu er¬
1252 1398 2667 1561 widern, als dass ich nach Vertragsabschluss über den
1258 1504 2582 1626 "Medardus" Ihrer Anfrage über das moderne Stück.
1246 1603 2494 1711 mit dem ich bis zum 15. Oktober weiter nichts
1258 1683 2596 1823 unternehme wolle, nähertreten wurde. Nach dem 15.
1262 1760 2584 1912 Oktober, den Sie ruhty haben verstreichen lassen,
1260 1831 2630 1989 wäre ich ja nicht einmal zu einer weiteren Beach-
1268 1932 2647 2101 tung Ihrer Anfrage irgendwie verpflichtet gewesen.
1258 2028 2606 2172 Dass ich trotzdem mit jenem Stücke nichts unter¬
1269 2107 2628 2253 nommen, welche Gründe nach wie vor für die Kammer¬
1271 2204 2710 2340 spiele, welche für das lessingstheater sprechen, resp.
1268 2275 2630 2448 dass sovohl die einen wie die anderen Gründe wei¬
1725 2379 1853 2436 Mr
1281 2352 2866 2498 ter existieren, ### Sie aus meinem letzten Brief###
1281 2468 2612 2653 Aufgenommen von xxx
2304 2569 2600 2673 durch die
1285 2586 2015 2722 seiten weiter Stück zu Wochen.
1271 2628 2685 2803 Leit xxx. Ihre Auffassung es müss-
1299 2720 2687 2874 te Ihnen nach Lussen dasan geh gen sein ausser dem
1301 2829 2718 2977 Medardus nach ein anderes Stück zu bekommen, scheint
