2266 3571
1649 624 1739 692 12
1479 658 1847 741 näher zu treten
372 690 1798 796 bis zum 15. Oktober nichts unternehmen würde,so bald
366 794 1832 900 Sie mir einen bindenden Vertrag über den Medardus go-
366 875 1745 968 sandt hätten. Sie haben natürlich diesen 15.Oktober
366 987 1847 1079 verstreichen lassen und ich war somit jeder Verpflich-
372 1056 1873 1141 tung enthoben auch nur Ihrer Frage näherzutreten. Trotz¬
357 1136 1871 1232 dem war toh auch noch lange nach dem 15.Oktober, selbst¬
357 1232 1815 1332 verständlich aber nur nach Erhalt eines Vertrags über
326 1324 1781 1428 den Medardus,wie ausdrücklich in jenem Brief vom 25
990 1388 1117 1456 bereif
347 1398 1813 1500 September zu lesen stand, nicht etua Ihnen das moderne
347 1490 1788 1592 Stück zur Lektüre zu senden, pas mir nach meinen Zwi¬
347 1573 1813 1684 schenspiel-Erfahrungen unklug erschienen wäre, sondern
341 1675 1783 1771 nach Berlin zu fahren und Ihnen dieses moderne Stück
715 1739 1260 1796 Wollen etwa versuchen das
345 1767 1750 1862 vorzulesen. Sie versuchendas zu bezweifeln. Ich will
341 1858 1726 1932 kein ethisches Moment herbeiziehen, um Ihnen das zu
332 1954 1832 2018 verbieten, sondern appelltere einfach an Ihren gesunden
326 2015 1777 2124 Menschenverstand. Ueberlegen Sie doch nur: Was hätte
330 2120 1711 2199 mich veranlassen sollen ein fertiges Stilck, für das
326 2197 1760 2313 mir ausser Ihrem Theater immerhin noch einige andere
336 2303 1764 2399 zur Verfügung standen, im Pulte zurückzubehalten, wenn
336 2358 1749 2482 es nicht die xyz selbstverständlich immer
326 2465 1818 2575 nach Erledigung der Medardus-Angelegenheit — mit Ihnen
336 2563 1824 2650 darüber zu verhandeln? Ja sogar bis in die letzte Zeit
317 2643 1726 2778 habe ich neben verschiedenen anderen Eigenschaften
