4112 3704
1756 815 2202 976 hätten heten Kirnveri
1157 926 2536 1041 in die Oeffentlichkeit getreten wären. Ihre Bemer-
1145 1011 2513 1166 kun, „Sie drängen darauf auch wegen des neu¬
1162 1103 2480 1215 en Stüches Klarheit zu schaffen, weil Sie bereits
1152 1194 2489 1328 mit zwei früheren Werken, die ich Ihnen ursprüng¬
1187 1282 2580 1409 lich zugedacht habe, eine bittere Erfahrung gemacht
1159 1376 2496 1502 hätten" kann in dieser Fassung und in diesem Zu¬
1166 1457 2459 1603 sammenhang nur als den xxx gedeutet werden,
1145 1553 2559 1668 mich als nicht ganz verlässlich hinzustellen, was ja
1166 1624 2559 1795 kein übler Spass, aber keiner nach meinem Geschmack
1171 1731 2452 1877 ist. Und noch eine xxxeite "nhaltbarheit steckt
1177 1809 2501 1955 in Ihrem oben zitierten Satze: Als wenn ich näm¬
1177 1920 2510 2041 lich mit jenem modernen Stücke auch nur die let-
1178 2011 2538 2129 sése Spur einer Verpflichtung Ihnen gegenüber auf
1182 2075 2482 2191 mich genommen hätte. Sie bedanken sich in Ihrem
1184 2182 2490 2311 letzten Brief, dass ich Sie auf den sprachlichen
1194 2251 2529 2408 Unterzehted zwischen "Häher treten" und "Ueberge-
1199 2350 2571 2506 ben" aufmerksam mache. (Sie me inen damit der Anfra¬
1198 2450 2533 2584 ge xxx eines neuen Stückes nähertreten und ein
1203 2540 2571 2682 Stück "übergeben") und fragen an, was Sie in jenem
1212 2621 2608 2753 Fall unter Nähertreten hätten verstehen sollen. Er¬
1214 2725 2556 2825 lauben Sie mir zu bemerken, dass bei mir sprachli¬
1212 2760 2600 2964 che Untersehtede stets auch Unterschiede des Sinns
