2266 3571
327 690 1796 782 sprachen es wenigstens nicht aus, dass Sie die Annahme
336 805 1831 881 des Medardus von der Ueberlassung eines zweiten Stückes
333 888 1811 1004 (wenn auch nur zur Lektür(abhängig machen wollten und
329 985 1811 1068 unsere Verhandlungen enden damit, dass Sie auf die Auf
329 1060 1830 1179 führung des Medordus, die zuerst ausschliesslich von un-
329 1151 1835 1259 serer Ueereinstimmung hinsichtlich der Striche abhängig
329 1244 1813 1334 schien, nach Erzielung dieser Uebereinstimmung verzich¬
329 1329 1756 1425 ten, weil ich Ihnen nicht vertragsmässig ein Vorrecht
323 1425 1786 1497 über ein zeeites Stück einrüume. Die Sache ist nur ein
323 1518 1780 1582 klein wenig zu verdriesslich, um nicht ausschliesslich.
327 1586 1754 1686 komisch zu sein.Nur der Ordnung wegen und um auch an
321 1692 1775 1773 diesen Fall Ihren charakteristischen Verhandlungsstil
323 1775 1769 1845 aufsusetgen, habe ich dies alles rekapituliert. Was mir
321 1847 1803 1943 übrig bleibt, um nach heinerlei Richtung auch nur die
314 1960 1833 2043 gerings te Unklarheit bestehen zu lassen,sind einige Wer¬
321 2030 1675 2130 te über die Absichten, die ich mit meinem modernen
308 2109 1714 2209 Stücke gehabt habe. In meinem Brief vom 25.September
314 2228 1797 2302 d.J. - es erscheint notwendig dies noch einmal zu wie¬
314 2306 1720 2383 derholen - habe ich ausdrücklich erklärt Sie würden
312 2402 1699 2500 mich ohne Veraug bereit finden Ihrer Anfrage wegen
318 2480 1754 2589 des modernen Stückes, das ganz vollendet wäre, mit dem
318 2561 1697 2691 Ich bisher nichts unternommen und mit dem ich auch
