<?xml version="1.0" encoding="UTF-8" standalone="yes"?>
<PcGts xmlns="http://schema.primaresearch.org/PAGE/gts/pagecontent/2013-07-15" xmlns:xsi="http://www.w3.org/2001/XMLSchema-instance" xsi:schemaLocation="http://schema.primaresearch.org/PAGE/gts/pagecontent/2013-07-15 http://schema.primaresearch.org/PAGE/gts/pagecontent/2013-07-15/pagecontent.xsd">
    <Metadata>
        <Creator>prov=READ-COOP:name=TrHtr:version=2.1.0:model_id=51170:date=25_07_2023_14:42</Creator>
        <Created>2023-05-01T22:06:14.041+02:00</Created>
        <LastChange>2023-07-25T14:42:35.102+02:00</LastChange>
        <TranskribusMetadata docId="1416472" pageId="54948363" pageNr="86" tsid="130683172" status="IN_PROGRESS" userId="64420" imgUrl="https://files.transkribus.eu/Get?id=MQFRSSNQSSBWQKYUPEIHISRZ&amp;fileType=view" xmlUrl="https://files.transkribus.eu/Get?id=CLHGREYLQRCGNTGDPJLFKEJN" imageId="44452399"/>
    </Metadata>
    <Page imageFilename="1416472_0086.jpg" imageWidth="4101" imageHeight="3704">
        <ReadingOrder>
            <OrderedGroup id="ro_1711830051861" caption="Regions reading order">
                <RegionRefIndexed index="0" regionRef="tr_1"/>
            </OrderedGroup>
        </ReadingOrder>
        <TextRegion id="tr_1" custom="readingOrder {index:0;}">
            <Coords points="1307,693 2760,693 2760,2890 1307,2890"/>
            <TextLine id="tr_1_tl_1" custom="readingOrder {index:0;}">
                <Coords points="2280,783 2301,774 2335,781 2363,764 2389,783 2413,779 2431,799 2502,809 2513,627 2440,636 2412,650 2382,636 2357,636 2340,652 2328,643 2289,647"/>
                <Baseline points="2292,758 2331,758 2375,755 2420,755 2465,752 2510,743"/>
                <TextEquiv>
                    <Unicode>11.00</Unicode>
                </TextEquiv>
            </TextLine>
            <TextLine id="tr_1_tl_2" custom="readingOrder {index:1;}">
                <Coords points="2279,921 2322,942 2392,930 2445,954 2522,954 2536,968 2592,949 2621,961 2626,862 2585,830 2543,830 2483,869 2455,848 2415,863 2370,839 2317,865 2282,851"/>
                <Baseline points="2289,916 2316,919 2360,919 2405,919 2450,916 2495,913 2539,910 2584,907 2629,895"/>
                <TextEquiv>
                    <Unicode>30.11.1909.</Unicode>
                </TextEquiv>
            </TextLine>
            <TextLine id="tr_1_tl_3" custom="readingOrder {index:2;}">
                <Coords points="1630,1139 1814,1139 1893,1164 1975,1150 2034,1108 2329,1124 2349,1052 2092,1038 1877,1080 1634,1071"/>
                <Baseline points="1641,1119 1680,1116 1725,1116 1769,1116 1814,1113 1859,1110 1904,1110 1949,1107 1993,1107 2038,1104 2083,1104 2128,1101 2172,1101 2217,1098 2262,1095 2307,1095 2351,1089"/>
                <TextEquiv>
                    <Unicode>Sehr geehrter Herr Kahane!</Unicode>
                </TextEquiv>
            </TextLine>
            <TextLine id="tr_1_tl_4" custom="readingOrder {index:3;}">
                <Coords points="2233,1206 2244,1206 2270,1220 2282,1213 2296,1213 2307,1202 2314,1208 2338,1202 2342,1124 2328,1127 2322,1122 2293,1120 2282,1129 2267,1118 2258,1120 2246,1131 2237,1131"/>
                <Baseline points="2244,1161 2256,1161 2301,1158 2345,1158"/>
                <TextEquiv>
                    <Unicode>G.C.F.P.</Unicode>
                </TextEquiv>
            </TextLine>
            <TextLine id="tr_1_tl_5" custom="readingOrder {index:4;}">
                <Coords points="1583,1363 2487,1326 2537,1360 2623,1346 2626,1255 2487,1227 2326,1284 2052,1291 1999,1260 1585,1290"/>
                <Baseline points="1593,1340 1599,1343 1644,1340 1689,1337 1734,1334 1778,1334 1823,1334 1868,1331 1913,1328 1957,1328 2002,1325 2047,1325 2092,1322 2137,1322 2181,1319 2226,1316 2271,1316 2316,1313 2360,1313 2405,1310 2450,1310 2495,1307 2539,1307 2584,1307 2629,1307"/>
                <TextEquiv>
                    <Unicode>Am 30. Oktober, heute vor einem Monat,</Unicode>
                </TextEquiv>
            </TextLine>
            <TextLine id="tr_1_tl_6" custom="readingOrder {index:5;}">
                <Coords points="1295,1456 1685,1475 2099,1419 2282,1449 2682,1410 2686,1339 2284,1328 1700,1403 1526,1354 1298,1405"/>
                <Baseline points="1307,1444 1346,1444 1390,1444 1435,1441 1480,1441 1525,1438 1569,1438 1614,1435 1659,1435 1704,1432 1749,1429 1793,1426 1838,1426 1883,1423 1928,1420 1972,1420 2017,1420 2062,1417 2107,1414 2151,1414 2196,1411 2241,1408 2286,1405 2331,1405 2375,1405 2420,1402 2465,1399 2510,1399 2554,1396 2599,1393 2644,1393 2689,1390"/>
                <TextEquiv>
                    <Unicode>nach einer längeren Korrespondenz ersuchte ich die</Unicode>
                </TextEquiv>
            </TextLine>
            <TextLine id="tr_1_tl_7" custom="readingOrder {index:6;}">
                <Coords points="1346,1541 1823,1517 1994,1559 2275,1499 2544,1533 2604,1524 2607,1435 1718,1456 1347,1510"/>
                <Baseline points="1355,1528 1358,1528 1402,1528 1447,1528 1492,1525 1537,1525 1581,1522 1626,1519 1671,1519 1716,1516 1760,1513 1805,1510 1850,1510 1895,1507 1940,1507 1984,1504 2029,1501 2074,1501 2119,1498 2163,1498 2208,1495 2253,1492 2298,1492 2342,1489 2387,1486 2432,1483 2477,1483 2522,1480 2566,1477 2611,1474"/>
                <TextEquiv>
                    <Unicode>Direktion des Deutschen Theaters mir entweder</Unicode>
                </TextEquiv>
            </TextLine>
            <TextLine id="tr_1_tl_8" custom="readingOrder {index:7;}">
                <Coords points="1337,1653 2637,1594 2695,1573 2698,1506 2253,1506 1679,1585 1340,1569"/>
                <Baseline points="1349,1623 1355,1620 1399,1623 1444,1620 1489,1617 1534,1614 1578,1611 1623,1611 1668,1608 1713,1605 1757,1605 1802,1605 1847,1602 1892,1602 1937,1599 1981,1596 2026,1593 2071,1590 2116,1590 2160,1590 2205,1587 2250,1584 2295,1581 2339,1578 2384,1578 2429,1575 2474,1572 2519,1572 2563,1569 2608,1569 2653,1566 2698,1563"/>
                <TextEquiv>
                    <Unicode>einen Vertrag oder das Manuscript des Medardus zu</Unicode>
                </TextEquiv>
            </TextLine>
            <TextLine id="tr_1_tl_9" custom="readingOrder {index:8;}">
                <Coords points="1997,1644 2532,1636 2593,1620 2597,1574 2329,1588 2256,1613 2176,1595 2137,1618 2001,1604"/>
                <Baseline points="2008,1641 2017,1641 2062,1641 2107,1638 2151,1638 2196,1635 2241,1635 2286,1632 2331,1629 2375,1623 2420,1617 2465,1614 2510,1608 2554,1608 2599,1602"/>
                <TextEquiv>
                    <Unicode>lʼhonneur de lʼannée, mais elle nʼentrai-</Unicode>
                </TextEquiv>
            </TextLine>
            <TextLine id="tr_1_tl_10" custom="readingOrder {index:9;}">
                <Coords points="1550,1657 1576,1657 1595,1667 1606,1662 1613,1671 1630,1660 1643,1664 1662,1655 1679,1665 1695,1658 1706,1660 1709,1620 1672,1622 1662,1616 1639,1625 1602,1623 1597,1629 1587,1620 1552,1623"/>
                <Baseline points="1560,1650 1575,1650 1620,1650 1665,1644 1710,1641"/>
                <TextEquiv>
                    <Unicode>M r</Unicode>
                </TextEquiv>
            </TextLine>
            <TextLine id="tr_1_tl_11" custom="readingOrder {index:10;}">
                <Coords points="1316,1732 2457,1669 2618,1695 2682,1688 2686,1594 2293,1653 1319,1660"/>
                <Baseline points="1328,1710 1346,1713 1390,1710 1435,1707 1480,1707 1525,1704 1569,1701 1614,1698 1659,1695 1704,1695 1749,1689 1793,1689 1838,1686 1883,1686 1928,1683 1972,1680 2017,1680 2062,1680 2107,1677 2151,1677 2196,1671 2241,1671 2286,1671 2331,1668 2375,1665 2420,1662 2465,1662 2510,1659 2554,1659 2599,1656 2644,1653 2689,1650"/>
                <TextEquiv>
                    <Unicode>senden. Ich habe Ihnen vorgeschlagen sich die Sache</Unicode>
                </TextEquiv>
            </TextLine>
            <TextLine id="tr_1_tl_12" custom="readingOrder {index:11;}">
                <Coords points="1333,1807 2097,1812 2345,1760 2586,1803 2688,1775 2691,1718 2581,1681 2314,1734 1760,1761 1693,1723 1335,1765"/>
                <Baseline points="1343,1796 1349,1796 1393,1799 1438,1796 1483,1793 1528,1790 1572,1790 1617,1787 1662,1784 1707,1784 1752,1781 1796,1781 1841,1778 1886,1778 1931,1775 1975,1775 2020,1772 2065,1769 2110,1766 2154,1763 2199,1763 2244,1760 2289,1757 2334,1754 2378,1754 2423,1752 2468,1752 2513,1749 2557,1746 2602,1746 2647,1743 2692,1737"/>
                <TextEquiv>
                    <Unicode>noch acht Tage zu überlegen, nun sind seither bei-</Unicode>
                </TextEquiv>
            </TextLine>
            <TextLine id="tr_1_tl_13" custom="readingOrder {index:12;}">
                <Coords points="1342,1905 2223,1907 2343,1851 2567,1889 2588,1802 2340,1788 2212,1828 2146,1793 1856,1838 1765,1810 1344,1858"/>
                <Baseline points="1352,1886 1381,1886 1426,1883 1471,1883 1516,1880 1560,1877 1605,1877 1650,1874 1695,1874 1740,1871 1784,1871 1829,1868 1874,1865 1919,1862 1963,1865 2008,1862 2053,1859 2098,1856 2143,1853 2187,1853 2232,1847 2277,1847 2322,1844 2366,1844 2411,1841 2456,1841 2501,1838 2545,1838 2590,1832"/>
                <TextEquiv>
                    <Unicode>nahe fünf Wochen vergangen, seit der Vorlesung</Unicode>
                </TextEquiv>
            </TextLine>
            <TextLine id="tr_1_tl_14" custom="readingOrder {index:13;}">
                <Coords points="1344,2003 2342,1943 2592,1975 2640,1968 2644,1887 2287,1873 2155,1919 1831,1898 1347,1950"/>
                <Baseline points="1355,1972 1393,1975 1438,1972 1483,1969 1528,1969 1572,1966 1617,1966 1662,1963 1707,1960 1752,1957 1796,1957 1841,1957 1886,1954 1931,1954 1975,1951 2020,1951 2065,1949 2110,1946 2154,1943 2199,1940 2244,1940 2289,1937 2334,1934 2378,1934 2423,1931 2468,1928 2513,1928 2557,1928 2602,1925 2647,1925"/>
                <TextEquiv>
                    <Unicode>mehr als ein Vierteljahr, und noch immer bin ich</Unicode>
                </TextEquiv>
            </TextLine>
            <TextLine id="tr_1_tl_15" custom="readingOrder {index:14;}">
                <Coords points="1353,2085 2350,2057 2410,2018 2614,2034 2616,1985 2406,1957 1809,2025 1653,1994 1484,2041 1356,1996"/>
                <Baseline points="1364,2065 1366,2062 1411,2062 1456,2062 1501,2059 1546,2056 1590,2056 1635,2053 1680,2053 1725,2050 1769,2050 1814,2047 1859,2044 1904,2041 1949,2038 1993,2038 2038,2035 2083,2032 2128,2029 2172,2029 2217,2026 2262,2023 2307,2023 2351,2020 2396,2020 2441,2017 2486,2014 2531,2014 2575,2011 2620,2011"/>
                <TextEquiv>
                    <Unicode>ohne Entscheidung. Falls Sie mir einen Vertrag</Unicode>
                </TextEquiv>
            </TextLine>
            <TextLine id="tr_1_tl_16" custom="readingOrder {index:15;}">
                <Coords points="1354,2165 1587,2190 2127,2125 2600,2155 2649,2144 2653,2062 1950,2104 1660,2078 1547,2123 1358,2088"/>
                <Baseline points="1366,2157 1402,2154 1447,2154 1492,2151 1537,2148 1581,2148 1626,2145 1671,2143 1716,2143 1760,2140 1805,2140 1850,2137 1895,2137 1940,2134 1984,2131 2029,2131 2074,2128 2119,2125 2163,2122 2208,2122 2253,2119 2298,2116 2342,2116 2387,2113 2432,2113 2477,2110 2522,2110 2566,2107 2611,2107 2656,2101"/>
                <TextEquiv>
                    <Unicode>senden wollen, möchte ich, um eine neue eventuell</Unicode>
                </TextEquiv>
            </TextLine>
            <TextLine id="tr_1_tl_17" custom="readingOrder {index:16;}">
                <Coords points="1346,2261 1725,2287 2107,2221 2366,2249 2564,2225 2567,2153 2368,2179 2146,2141 1893,2200 1347,2202"/>
                <Baseline points="1355,2247 1361,2247 1405,2244 1450,2244 1495,2241 1540,2238 1584,2238 1629,2235 1674,2235 1719,2232 1763,2232 1808,2229 1853,2226 1898,2223 1943,2223 1987,2220 2032,2217 2077,2217 2122,2214 2166,2211 2211,2211 2256,2208 2301,2205 2345,2205 2390,2202 2435,2199 2480,2199 2525,2196 2569,2193"/>
                <TextEquiv>
                    <Unicode>langwierige Korrespondenz zu vermelden, hier</Unicode>
                </TextEquiv>
            </TextLine>
            <TextLine id="tr_1_tl_18" custom="readingOrder {index:17;}">
                <Coords points="1300,2347 1569,2370 1742,2324 2443,2298 2532,2331 2702,2303 2705,2235 2010,2286 1302,2275"/>
                <Baseline points="1310,2342 1319,2339 1364,2337 1408,2334 1453,2331 1498,2328 1543,2328 1587,2325 1632,2325 1677,2322 1722,2319 1766,2319 1811,2319 1856,2313 1901,2313 1946,2313 1990,2310 2035,2307 2080,2307 2125,2307 2169,2304 2214,2301 2259,2298 2304,2295 2348,2292 2393,2292 2438,2289 2483,2289 2528,2286 2572,2286 2617,2283 2662,2283 2707,2280"/>
                <TextEquiv>
                    <Unicode>gleich die vesentlichsten Bedingungen vermerken, die</Unicode>
                </TextEquiv>
            </TextLine>
            <TextLine id="tr_1_tl_19" custom="readingOrder {index:18;}">
                <Coords points="1358,2433 2251,2440 2408,2382 2668,2377 2689,2336 2263,2310 2003,2370 1360,2387"/>
                <Baseline points="1369,2423 1393,2423 1438,2420 1483,2417 1528,2417 1572,2414 1617,2414 1662,2411 1707,2411 1752,2405 1796,2405 1841,2402 1886,2402 1931,2399 1975,2399 2020,2396 2065,2393 2110,2390 2154,2390 2199,2387 2244,2387 2289,2384 2334,2381 2378,2381 2423,2378 2468,2375 2513,2375 2557,2372 2602,2372 2647,2366 2692,2363"/>
                <TextEquiv>
                    <Unicode>ich darin aufgenommen wünsche: Konventionalstra-</Unicode>
                </TextEquiv>
            </TextLine>
            <TextLine id="tr_1_tl_20" custom="readingOrder {index:19;}">
                <Coords points="2380,2419 2431,2424 2446,2415 2502,2413 2539,2431 2593,2413 2642,2436 2642,2378 2626,2373 2544,2377 2529,2387 2476,2378 2446,2387 2436,2380 2420,2391 2380,2384"/>
                <Baseline points="2390,2405 2435,2405 2480,2405 2525,2405 2536,2405 2551,2405 2557,2405 2602,2402 2647,2399"/>
                <TextEquiv>
                    <Unicode>Monsieur Mlle.</Unicode>
                </TextEquiv>
            </TextLine>
            <TextLine id="tr_1_tl_21" custom="readingOrder {index:20;}">
                <Coords points="1342,2530 2586,2492 2632,2433 2121,2415 1657,2474 1344,2466"/>
                <Baseline points="1352,2516 1381,2510 1426,2507 1471,2504 1516,2504 1560,2504 1605,2501 1650,2498 1695,2498 1740,2495 1784,2492 1829,2492 1874,2489 1919,2486 1963,2486 2008,2483 2053,2483 2098,2480 2143,2477 2187,2477 2232,2474 2277,2471 2322,2468 2366,2465 2411,2465 2456,2462 2501,2462 2545,2462 2590,2459 2635,2453"/>
                <TextEquiv>
                    <Unicode>fe dreitausend Mark (es ist genau die Summe, wie</Unicode>
                </TextEquiv>
            </TextLine>
            <TextLine id="tr_1_tl_22" custom="readingOrder {index:21;}">
                <Coords points="1374,2597 1802,2613 2128,2565 2204,2613 2321,2579 2681,2595 2684,2515 2191,2495 1375,2555"/>
                <Baseline points="1384,2596 1387,2593 1432,2593 1477,2593 1522,2590 1566,2587 1611,2587 1656,2584 1701,2584 1746,2581 1790,2578 1835,2578 1880,2575 1925,2572 1969,2572 2014,2569 2059,2566 2104,2566 2148,2563 2193,2560 2238,2557 2283,2557 2328,2554 2372,2554 2417,2551 2462,2551 2507,2551 2551,2551 2596,2545 2641,2542 2686,2536"/>
                <TextEquiv>
                    <Unicode>ich sie in meinen Verträgen mit Brahm habe). Ter¬</Unicode>
                </TextEquiv>
            </TextLine>
            <TextLine id="tr_1_tl_23" custom="readingOrder {index:22;}">
                <Coords points="1349,2695 1569,2684 1690,2730 2398,2647 2581,2675 2674,2654 2675,2595 1961,2633 1826,2602 1351,2653"/>
                <Baseline points="1358,2683 1381,2683 1426,2683 1471,2680 1516,2677 1560,2674 1605,2674 1650,2671 1695,2671 1740,2668 1784,2665 1829,2665 1874,2662 1919,2659 1963,2659 2008,2659 2053,2656 2098,2653 2143,2653 2187,2650 2232,2647 2277,2647 2322,2647 2366,2644 2411,2644 2456,2644 2501,2641 2545,2638 2590,2635 2635,2632 2680,2629"/>
                <TextEquiv>
                    <Unicode>min Oktober oder November 1910 (da Sie ja in der</Unicode>
                </TextEquiv>
            </TextLine>
            <TextLine id="tr_1_tl_24" custom="readingOrder {index:23;}">
                <Coords points="1372,2724 1398,2726 1415,2737 1433,2730 1443,2737 1459,2723 1471,2731 1487,2724 1498,2735 1519,2730 1548,2735 1552,2688 1527,2684 1513,2693 1449,2688 1435,2698 1419,2691 1403,2698 1391,2689 1374,2689"/>
                <Baseline points="1381,2716 1420,2716 1465,2713 1510,2710 1555,2710"/>
                <TextEquiv>
                    <Unicode>auch der xxx</Unicode>
                </TextEquiv>
            </TextLine>
            <TextLine id="tr_1_tl_25" custom="readingOrder {index:24;}">
                <Coords points="1372,2786 2025,2782 2270,2738 2754,2768 2758,2681 1374,2728"/>
                <Baseline points="1381,2772 1417,2772 1462,2769 1507,2769 1552,2766 1596,2766 1641,2763 1686,2760 1731,2760 1775,2757 1820,2757 1865,2754 1910,2751 1954,2751 1999,2748 2044,2748 2089,2745 2134,2742 2178,2742 2223,2742 2268,2736 2313,2733 2357,2733 2402,2733 2447,2733 2492,2730 2536,2730 2581,2728 2626,2728 2671,2725 2716,2722 2760,2719"/>
                <TextEquiv>
                    <Unicode>heurigen Saisen keinen Platz für das Stück hätten.)</Unicode>
                </TextEquiv>
            </TextLine>
            <TextLine id="tr_1_tl_26" custom="readingOrder {index:25;}">
                <Coords points="1344,2904 2635,2840 2688,2784 2571,2749 2371,2805 2153,2779 1347,2845"/>
                <Baseline points="1355,2880 1390,2880 1435,2880 1480,2877 1525,2874 1569,2871 1614,2868 1659,2865 1704,2865 1749,2859 1793,2859 1838,2859 1883,2856 1928,2853 1972,2850 2017,2847 2062,2844 2107,2841 2151,2841 2196,2841 2241,2835 2286,2832 2331,2829 2375,2829 2420,2826 2465,2823 2510,2823 2554,2820 2599,2817 2644,2814 2689,2811"/>
                <TextEquiv>
                    <Unicode>In spätestens drei Tagen erwarte ich freundliche</Unicode>
                </TextEquiv>
            </TextLine>
        </TextRegion>
    </Page>
</PcGts>
