4085 3705
2510 450 2795 598 18.12.04
1257 585 1491 686 Lahone.
1263 647 1805 733 Kleines Theater « Neues Theater
1442 706 1598 754 zu Berlin
2315 645 2896 793 den 18.12.1904
1214 711 1834 838 Vicektion und Bureau: Schiffbauerdamm 4a-5.
1875 655 2124 811 Bahn,
1247 782 1569 922 Oular
1327 854 2029 1027 Sie vonntr. Herr Doctor
1573 920 2935 1169 Abschiedsonper“ hat wie immer, nur gewirkt
1259 1010 2904 1321 Obwil es ihrlich gestanden, mit Ausnahme von Eltern,
1267 1136 2888 1390 der der bahr u.as feinte Mas bis jetzt war, schlecht
1251 1222 2879 1501 Gespielt würde. Namenterez Bürz als Enatre entfäumte
1277 1339 2912 1610 wie alhie. Wir haben aus diesem Hause vorläufig auch
1273 1419 2797 1721 keine Presse geladen und warten dann’s, bis die
1265 1532 2871 1846 Vorstellungen besser worden. Kakade geht immer
1269 1629 2929 1937 mich gut: leider müssere die Kaken un - Vorstellungen
1316 1725 2922 2054 tragen eines Urlaub der Eysoldt par Tage unterbrochen wer¬
1312 1795 2896 2132 den. Nächste Woche spielt Frau Chümer die Léocendie.
1606 1933 2892 2200 Reinhardt hat das Ludwig Baner’sche Stück
1353 2000 2984 2321 tich nicht gelesen mir wird, wol erst nach der Prunior
1339 2142 2902 2423 des « Charolais» lesen. Marterchig kennt es mir lobt.
1645 2321 2945 2625 heit den herztrensten Haußen an Sie nur Ihre
1351 2417 1824 2551 is sehr warm.
1382 2561 2549 2754 verehrte Erlein, Ihr stets ergebener
2033 2629 2826 2793 Ather Katerne
