2268 3623
479 864 1881 1007 nahme eines Stücks ausschliesslich von der Erwägung
481 961 1928 1061 dürfte leiten lassen, ob das angebotene Stück sich für
479 1072 1859 1197 die Aufführung an eben diesen Theater eignete oder
473 1164 1926 1283 nicht, nicht aber, ob der Autor durch das Anbot seines
473 1249 1928 1377 Stückes zugleich den Entschluss kundgäbe, eine dauern¬
473 1363 1928 1457 de künstlerische Verbindung mit diesem Theater einzu¬
475 1434 1861 1536 gehen. Dass junge Autoren bei Annahme ihres ersten
475 1528 1938 1647 Stückes vonsette eines bestimmten Theaters von diesem
473 1616 1842 1718 manchmal verpflichtet werden ihm auch ihr nächstes
473 1718 1842 1819 oder alle ihre künftigen Stücke vorzulegen, ist mir
469 1796 1925 1888 wohl bekannt.Diese Bedingung widerstrebt mir seit je¬
473 1882 1928 1948 her so sehr, dass ich schon tm Jahre 1893 bei Gelegen¬
467 1972 1806 2080 heit der Annahme meines ersten Stückes durch das
467 2051 1869 2156 Deutsche Volksthepter auf sie einaugehen mich nicht
469 2147 971 2244 veranlasst fühlte.
576 2233 1819 2350 Ltegt nun gar der Fall so, dass ein Autor seit
473 2332 1923 2438 vielen Jahren mit dem Direktor eines bestimmten Thea¬
475 2413 1925 2524 ters künstlerisch und menschlich in herzlicher Bezic¬
469 2484 2009 2608 hung steht, so wird er sich auch bet grösster Hochschätz¬
460 2595 1934 2685 ung, die er einer andern Bühne der gleichen Stadt ent-
473 2668 1904 2802 gegenbrinzt, im allgemeinen nur dann zur Ueberlassung
469 2773 1990 2869 eines Stückes an jene andere Bühne genötigt fühlen, vonn
486 2853 936 2951 arvorte du jour
