2266 3571
1664 609 1750 731 14
354 686 1832 775 Medardus nicht so sehr durch sich selbst, denn als ein
356 788 1854 872 Mittel zur Erlangung eines modernen Bassermann-Stückes
615 844 755 906 wäre
362 857 1815 982 vertröll erscheine. Dies aber, mein lieber Herr Rein -
365 973 1789 1038 hardt, habe ich nicht nötig. Dazu ist mir der Medardus
365 1042 1804 1139 zu schade und ich selbst. Ja, Sie werden es sogar ohne
363 1135 1787 1226 weiters begreiflich finden, dass mir durch diese neu¬
365 1236 1765 1318 este Erfahrung mit den Gepflogenheiten Ihre Bureaux
358 1314 1813 1402 auf linge Zeit hinaus die Lust genommen ist mit Ihnen
363 1407 1836 1480 in künstlerische oder geschäftliche Verbindung zu tre¬
356 1500 1782 1579 ten.Es muss schon wahr sein, Sie haben Pech mit mir.
345 1588 1802 1670 Aber es sollte Ihnen doch zu denken geben, lieber Herr
345 1666 1748 1758 Reinhardt, dass gerade Sie immer mit mir Pech haben.
460 1735 1810 1843 Ich weiss nicht, ob Sie irgend einmal in einer ru¬
349 1845 1717 1946 higen Stunde das Bedürfnis haben werden nicht etwa
345 1933 1778 2030 mir zu er öldern, denn auf Tatsachen jibt es keine Er¬
349 2024 1825 2128 widerung,aber sich ausausprechen. Jedesfalls bleibt es
349 2099 1690 2192 Ihnen überlassen und hat mit jätner fortdauernden
339 2210 1741 2289 Schätzung Ihrer Talente nichts zu tun.Doch sei hier
345 2287 1778 2402 gleich zur Vermeidung fernerer Missverständnisse mit
334 2387 1804 2505 Entschiedenheit vermerkt, dass ich einen Brief von an-
341 2443 1821 2550 derer Seite als von Ihnen, dem mir einzig verantwortli¬
334 2544 1772 2661 chen Direktor des Deutschen Theaters und der Kammer¬
