4085 3705
2480 946 2713 1103 13.5.05.
1192 1103 1746 1211 KLEINES THEATER - NEUÈS THEATER
1355 1188 1585 1271 ZU BERLIN
1241 1266 1689 1349 Gesamtgastspiel im k. k. priv.
1322 1326 1619 1402 Theater a. d. Wien.
1398 1392 2745 1589 Dircktor Max Reinhardt
1266 1532 2974 1782 würde sich freuen, Sie in der heutigen Eröffnungsvorstellung
1266 1669 2847 1867 Elektra“ v. Hugo v. Hofmannsthal
1277 1822 2775 1935 anwesend zu wissen und bittet Sie von der beiliegenden Kasto Gebrauch zu machen.
1495 1945 2176 2104 Wien am 13.V 1905
2700 2087 2862 2179 U. A. w. g.
