3191 3608
1800 547 2289 648 COLONIE GRUNEMWALE
585 587 1026 691 MAX REINHARDT
1861 625 2249 696 FONTANESTRASSE 8.
1621 686 2262 824 31. August 1902
809 1097 1707 1296 Sehr verehrter Herr Doktor
1278 1293 2544 1480 Vor mehreren Tagen bat Dr. Oberland
514 1442 2494 1591 Sie um das Aufführungsrecht ihrer Werke. Der Schleier der
509 1528 2531 1651 Beatrice. Sie antworteten, daß Sie bereits mit einem
517 1641 2531 1727 anderen Theater diesbezeiglich in Unterhandlung stunden.
499 1717 2504 1851 In der Hoffnung, daß diese Verhandlungen noch nicht zu
512 1815 2516 1906 einem definitiven Abschluß geführt haben, möchte./.
489 1909 2443 2007 die Bitte der Dr. Oberländer wiederholen. Ich theile Ihnen
502 1984 2529 2105 zunächst im Vertrauen mit, daß zwischen Herrn Dr. Brahm
519 2083 2529 2171 und mir soeben eine gütliche Vereinbarung zustände kam.
522 2138 2519 2249 wonach ich schon am 1. Januar (noch in dieser Saison) aus dem
504 2246 2483 2332 verbande der deutschen Thealers ausscheide, um mich ganz
519 2322 2511 2423 dem von mir gegründeten kleinen Theater zu widmen
502 2430 2529 2534 Schon jetzt aber hat mir Sr. Brasen volle Freiheit gegeben,
509 2499 2473 2620 die Leitung der Thealers zu übernahmen, das ich bisher
514 2592 2491 2710 nur geitweise und von außen dirigiren konnte.
509 2670 2446 2786 Ich brauche Ihnen wohl nicht erst zu sagen, daß ich bei
502 2751 2509 2887 dasein schweren Schritt ganz und gar von der Hoffnung
504 2839 2519 3005 und Zuversicht erfüllt bin, ein rein kunstbrucher Unter¬
