<?xml version="1.0" encoding="UTF-8" standalone="yes"?>
<PcGts xmlns="http://schema.primaresearch.org/PAGE/gts/pagecontent/2013-07-15" xmlns:xsi="http://www.w3.org/2001/XMLSchema-instance" xsi:schemaLocation="http://schema.primaresearch.org/PAGE/gts/pagecontent/2013-07-15 http://schema.primaresearch.org/PAGE/gts/pagecontent/2013-07-15/pagecontent.xsd">
    <Metadata>
        <Creator>prov=READ-COOP:name=TrHtr:version=2.1.0:model_id=51170:date=25_07_2023_14:41</Creator>
        <Created>2023-05-01T22:06:01.473+02:00</Created>
        <LastChange>2023-07-25T14:41:57.603+02:00</LastChange>
        <TranskribusMetadata docId="1416472" pageId="54948116" pageNr="11" tsid="130682877" status="IN_PROGRESS" userId="64420" imgUrl="https://files.transkribus.eu/Get?id=PQYTTZKFDRWMJDEIPKZESZRK&amp;fileType=view" xmlUrl="https://files.transkribus.eu/Get?id=ACYSTVCUHMOEYBYSAIFNRTPI" imageId="44452160"/>
    </Metadata>
    <Page imageFilename="1416472_0011.jpg" imageWidth="4095" imageHeight="3704">
        <ReadingOrder>
            <OrderedGroup id="ro_1711829994765" caption="Regions reading order">
                <RegionRefIndexed index="0" regionRef="tr_1"/>
            </OrderedGroup>
        </ReadingOrder>
        <TextRegion id="tr_1" custom="readingOrder {index:0;}">
            <Coords points="1393,603 3056,603 3056,2681 1393,2681"/>
            <TextLine id="tr_1_tl_1" custom="readingOrder {index:0;}">
                <Coords points="1497,829 2958,682 2994,611 2541,621 2075,715 1509,682"/>
                <Baseline points="1510,787 1519,787 1563,784 1608,781 1653,779 1698,776 1743,773 1787,767 1832,764 1877,758 1922,758 1966,755 2011,752 2056,746 2101,743 2145,740 2190,734 2235,728 2280,722 2325,716 2369,710 2414,707 2459,701 2504,701 2548,695 2593,695 2638,689 2683,686 2728,680 2772,677 2817,671 2862,665 2907,662 2951,659 2996,653"/>
                <TextEquiv>
                    <Unicode>Von Überhalten ist in dem falle keine Rede:</Unicode>
                </TextEquiv>
            </TextLine>
            <TextLine id="tr_1_tl_2" custom="readingOrder {index:1;}">
                <Coords points="1381,911 1885,864 1981,901 2359,801 2827,803 2953,782 2962,713 2404,713 2100,807 1387,854"/>
                <Baseline points="1393,886 1396,889 1441,886 1486,883 1531,880 1575,880 1620,877 1665,874 1710,871 1754,865 1799,862 1844,856 1889,850 1934,844 1978,841 2023,838 2068,835 2113,829 2157,826 2202,823 2247,817 2292,808 2337,802 2381,799 2426,793 2471,790 2516,787 2560,784 2605,781 2650,776 2695,773 2739,770 2784,764 2829,761 2874,755 2919,752 2963,752"/>
                <TextEquiv>
                    <Unicode>vor hoffen, daß Alles in Rücke Fertag wird.</Unicode>
                </TextEquiv>
            </TextLine>
            <TextLine id="tr_1_tl_3" custom="readingOrder {index:2;}">
                <Coords points="1542,972 1900,999 2390,907 2453,950 2665,868 3021,856 3027,790 2377,811 1836,923 1550,886"/>
                <Baseline points="1555,961 1596,964 1641,964 1686,964 1731,961 1775,955 1820,952 1865,946 1910,943 1954,937 1999,937 2044,934 2089,931 2134,928 2178,919 2223,916 2268,913 2313,907 2357,904 2402,901 2447,895 2492,886 2536,883 2581,877 2626,871 2671,868 2716,865 2760,859 2805,856 2850,853 2895,850 2939,847 2984,844 3029,841"/>
                <TextEquiv>
                    <Unicode>Gewurbenreid haben wir bei jetzt noch nicht</Unicode>
                </TextEquiv>
            </TextLine>
            <TextLine id="tr_1_tl_4" custom="readingOrder {index:3;}">
                <Coords points="1389,1097 1742,1111 2149,1025 2375,1066 2574,968 2984,980 2992,907 2845,858 2447,968 2337,935 1730,1025 1542,970 1397,1027"/>
                <Baseline points="1402,1077 1426,1074 1471,1071 1516,1074 1560,1074 1605,1071 1650,1071 1695,1065 1740,1062 1784,1056 1829,1053 1874,1053 1919,1047 1963,1044 2008,1038 2053,1035 2098,1029 2143,1023 2187,1020 2232,1014 2277,1011 2322,1005 2366,999 2411,990 2456,984 2501,978 2545,967 2590,964 2635,958 2680,952 2725,949 2769,946 2814,943 2859,937 2904,937 2948,934 2993,937"/>
                <TextEquiv>
                    <Unicode>erhalten, glauben aber, daß sich gar keine Gewurz¬</Unicode>
                </TextEquiv>
            </TextLine>
            <TextLine id="tr_1_tl_5" custom="readingOrder {index:4;}">
                <Coords points="1381,1187 1687,1234 2359,1105 2962,1109 3017,1093 3027,999 2782,974 2373,1070 2228,1027 1900,1107 1389,1107"/>
                <Baseline points="1393,1181 1414,1181 1459,1184 1504,1181 1549,1184 1593,1184 1638,1181 1683,1181 1728,1178 1772,1175 1817,1169 1862,1164 1907,1158 1951,1152 1996,1146 2041,1143 2086,1131 2131,1122 2175,1119 2220,1110 2265,1107 2310,1101 2354,1095 2399,1092 2444,1089 2489,1083 2534,1080 2578,1077 2623,1074 2668,1068 2713,1065 2757,1059 2802,1056 2847,1053 2892,1050 2936,1047 2981,1050 3026,1050"/>
                <TextEquiv>
                    <Unicode>keiten gegeben worden, haben übrigens ein so garten</Unicode>
                </TextEquiv>
            </TextLine>
            <TextLine id="tr_1_tl_6" custom="readingOrder {index:5;}">
                <Coords points="1405,1326 1622,1340 2281,1226 2565,1248 2772,1166 3002,1181 3013,1089 2402,1109 2171,1199 1844,1197 1699,1250 1417,1209"/>
                <Baseline points="1420,1301 1465,1295 1510,1292 1555,1289 1599,1286 1644,1283 1689,1280 1734,1280 1778,1274 1823,1268 1868,1262 1913,1256 1957,1250 2002,1244 2047,1241 2092,1238 2137,1232 2181,1229 2226,1220 2253,1214 2295,1205 2339,1202 2384,1199 2429,1196 2474,1193 2519,1190 2563,1187 2608,1181 2653,1178 2698,1172 2742,1167 2787,1164 2832,1161 2877,1155 2922,1149 2966,1146 3011,1143"/>
                <TextEquiv>
                    <Unicode>Besichtungen zur Censur, dass auch zu ziemlich</Unicode>
                </TextEquiv>
            </TextLine>
            <TextLine id="tr_1_tl_7" custom="readingOrder {index:6;}">
                <Coords points="1381,1430 1597,1440 1748,1389 2116,1371 2412,1315 2420,1244 2149,1252 1969,1317 1916,1289 1603,1352 1391,1317"/>
                <Baseline points="1393,1408 1435,1402 1480,1396 1525,1396 1569,1390 1614,1387 1659,1381 1704,1378 1749,1375 1793,1369 1838,1366 1883,1361 1928,1358 1972,1355 2017,1346 2062,1343 2107,1337 2151,1325 2196,1322 2241,1319 2286,1313 2331,1310 2375,1307 2420,1301"/>
                <TextEquiv>
                    <Unicode>Alles dort zuveruristen lässt.</Unicode>
                </TextEquiv>
            </TextLine>
            <TextLine id="tr_1_tl_8" custom="readingOrder {index:7;}">
                <Coords points="1552,1560 1998,1569 2310,1469 2467,1479 2698,1417 2911,1440 2919,1383 2737,1348 2453,1426 2228,1397 1618,1471 1567,1442"/>
                <Baseline points="1563,1555 1575,1558 1620,1552 1665,1546 1710,1540 1754,1531 1799,1528 1844,1525 1889,1519 1934,1519 1978,1516 2023,1507 2068,1501 2113,1495 2157,1486 2202,1480 2247,1474 2292,1468 2337,1462 2381,1459 2426,1453 2471,1450 2516,1444 2560,1438 2605,1432 2650,1426 2695,1417 2739,1414 2784,1411 2829,1408 2874,1408 2919,1411"/>
                <TextEquiv>
                    <Unicode>Wir hoffen Sie bald und an Alles</Unicode>
                </TextEquiv>
            </TextLine>
            <TextLine id="tr_1_tl_9" custom="readingOrder {index:8;}">
                <Coords points="2396,1530 2418,1534 2447,1524 2457,1528 2490,1518 2516,1503 2527,1505 2533,1462 2512,1467 2500,1460 2492,1469 2461,1481 2455,1475 2447,1477 2437,1464 2424,1471 2414,1460 2406,1460"/>
                <Baseline points="2411,1513 2444,1513 2489,1507 2534,1498"/>
                <TextEquiv>
                    <Unicode>reh</Unicode>
                </TextEquiv>
            </TextLine>
            <TextLine id="tr_1_tl_10" custom="readingOrder {index:9;}">
                <Coords points="1420,1683 1554,1718 1814,1638 2435,1630 2514,1583 2890,1560 2898,1487 2668,1460 2328,1558 2261,1520 1983,1581 1432,1573"/>
                <Baseline points="1432,1668 1465,1671 1510,1668 1555,1671 1599,1665 1644,1659 1689,1653 1734,1647 1778,1641 1823,1635 1868,1629 1913,1623 1957,1620 2002,1614 2047,1608 2092,1605 2137,1602 2181,1596 2226,1593 2271,1590 2316,1587 2360,1578 2405,1572 2450,1563 2495,1558 2539,1552 2584,1549 2629,1543 2674,1540 2719,1534 2763,1534 2808,1534 2853,1534 2898,1534"/>
                <TextEquiv>
                    <Unicode>Freunde hier zu sehen; war verbleiben</Unicode>
                </TextEquiv>
            </TextLine>
            <TextLine id="tr_1_tl_11" custom="readingOrder {index:10;}">
                <Coords points="1620,1828 1838,1799 1991,1826 2171,1761 2306,1791 2418,1755 2553,1804 2569,1652 2326,1671 2220,1642 2094,1705 1979,1691 1779,1736 1636,1687"/>
                <Baseline points="1635,1805 1674,1805 1719,1802 1763,1796 1808,1793 1853,1787 1898,1781 1943,1775 1987,1772 2032,1766 2077,1760 2122,1754 2166,1746 2211,1740 2256,1737 2301,1731 2345,1725 2390,1719 2435,1716 2480,1716 2525,1713 2569,1707"/>
                <TextEquiv>
                    <Unicode>in verserenste Verehrung.</Unicode>
                </TextEquiv>
            </TextLine>
            <TextLine id="tr_1_tl_12" custom="readingOrder {index:11;}">
                <Coords points="1773,1963 1840,1949 1873,1961 1897,1947 2016,1971 2147,1893 2263,1881 2269,1812 2192,1791 2055,1832 2020,1812 1981,1826 1924,1806 1838,1816 1789,1801"/>
                <Baseline points="1790,1919 1820,1919 1865,1910 1910,1904 1954,1898 1999,1895 2044,1892 2089,1889 2134,1883 2178,1877 2223,1874 2268,1871"/>
                <TextEquiv>
                    <Unicode>Ihr ergebener</Unicode>
                </TextEquiv>
            </TextLine>
            <TextLine id="tr_1_tl_13" custom="readingOrder {index:12;}">
                <Coords points="2104,1996 2473,1942 2710,1973 2909,1959 2955,1942 2960,1889 2860,1840 2825,1861 2565,1840 2516,1863 2463,1842 2108,1922"/>
                <Baseline points="2116,1984 2154,1978 2199,1969 2244,1960 2289,1957 2334,1949 2378,1949 2423,1949 2468,1943 2513,1934 2557,1931 2602,1928 2647,1925 2692,1922 2736,1919 2781,1916 2826,1916 2871,1916 2916,1916 2960,1916"/>
                <TextEquiv>
                    <Unicode>Arsen Kahane</Unicode>
                </TextEquiv>
            </TextLine>
            <TextLine id="tr_1_tl_14" custom="readingOrder {index:13;}">
                <Coords points="1642,2224 2114,2202 2267,2155 2604,2171 2721,2102 2998,2120 3019,2042 2588,2067 2500,2014 2247,2112 1961,2147 1879,2147 1779,2059 1661,2059"/>
                <Baseline points="1656,2211 1677,2211 1722,2202 1766,2199 1811,2196 1856,2190 1901,2187 1946,2181 1990,2175 2035,2172 2080,2166 2125,2163 2169,2157 2214,2154 2259,2145 2304,2140 2348,2134 2393,2128 2438,2122 2483,2116 2528,2110 2572,2107 2617,2104 2662,2101 2707,2095 2751,2089 2796,2086 2841,2083 2886,2083 2930,2083 2975,2083 3020,2083"/>
                <TextEquiv>
                    <Unicode>Steinrich und die Wangel waren</Unicode>
                </TextEquiv>
            </TextLine>
            <TextLine id="tr_1_tl_15" custom="readingOrder {index:14;}">
                <Coords points="1415,2349 2520,2267 2694,2212 2968,2204 3045,2253 3058,2122 2784,2100 2582,2175 1959,2190 1755,2273 1426,2237"/>
                <Baseline points="1429,2316 1444,2316 1489,2319 1534,2316 1578,2316 1623,2316 1668,2316 1713,2313 1757,2310 1802,2304 1847,2301 1892,2292 1937,2289 1981,2280 2026,2277 2071,2271 2116,2268 2160,2262 2205,2256 2250,2250 2295,2247 2339,2241 2384,2238 2429,2232 2474,2229 2519,2223 2563,2220 2608,2217 2653,2208 2698,2199 2742,2193 2787,2190 2832,2187 2877,2187 2922,2190 2966,2193 3011,2196 3056,2202"/>
                <TextEquiv>
                    <Unicode>bei bestem Willen nicht aus dem Repartirte</Unicode>
                </TextEquiv>
            </TextLine>
            <TextLine id="tr_1_tl_16" custom="readingOrder {index:15;}">
                <Coords points="1434,2453 2179,2355 3037,2337 3043,2269 2500,2261 2261,2279 2171,2337 1987,2304 1855,2357 1442,2359"/>
                <Baseline points="1450,2426 1477,2423 1522,2423 1566,2417 1611,2414 1656,2411 1701,2408 1746,2405 1790,2399 1835,2396 1880,2390 1925,2384 1969,2378 2014,2372 2059,2369 2104,2363 2148,2357 2193,2354 2238,2351 2283,2348 2328,2345 2372,2339 2417,2337 2462,2331 2507,2328 2551,2322 2596,2319 2641,2316 2686,2310 2730,2307 2775,2307 2820,2304 2865,2307 2910,2307 2954,2310 2999,2316 3044,2322"/>
                <TextEquiv>
                    <Unicode>der neuen Theatris heraustunekunnen.</Unicode>
                </TextEquiv>
            </TextLine>
            <TextLine id="tr_1_tl_17" custom="readingOrder {index:16;}">
                <Coords points="1409,2604 1609,2616 1689,2555 2224,2457 2598,2431 2680,2484 2939,2496 2953,2353 2725,2339 2412,2408 2114,2377 1738,2465 1426,2449"/>
                <Baseline points="1429,2534 1474,2531 1519,2531 1563,2531 1608,2525 1653,2525 1698,2522 1743,2516 1787,2510 1832,2501 1877,2498 1922,2492 1966,2486 2011,2480 2056,2474 2101,2468 2145,2465 2190,2459 2235,2456 2280,2456 2325,2453 2369,2450 2414,2447 2459,2444 2504,2435 2548,2429 2593,2420 2638,2414 2683,2411 2728,2405 2772,2405 2817,2399 2862,2399 2907,2399 2951,2402"/>
                <TextEquiv>
                    <Unicode>Perzay als aller Delorme wird fälls.</Unicode>
                </TextEquiv>
            </TextLine>
            <TextLine id="tr_1_tl_18" custom="readingOrder {index:17;}">
                <Coords points="1448,2710 1462,2714 1495,2702 1509,2717 1575,2745 1597,2745 1620,2727 1638,2737 1661,2729 1665,2631 1642,2625 1628,2631 1614,2621 1593,2631 1567,2610 1536,2614 1522,2629 1505,2614 1479,2627 1452,2629"/>
                <Baseline points="1462,2671 1486,2671 1531,2668 1575,2665 1620,2665 1665,2665"/>
                <TextEquiv>
                    <Unicode>sein.</Unicode>
                </TextEquiv>
            </TextLine>
        </TextRegion>
    </Page>
</PcGts>
