4095 3695
2903 389 3157 502 V. P.
2808 909 2911 1024 3/
2705 1048 3825 1202 welchen Einfluß auf die Höfe des Tantièmen¬
2367 1170 3803 1310 satzes nicht genommen, sondern vorausgesetzt, daß
2369 1283 3814 1408 Ihr 2gut orientiert ist und in Ihrem Sinne den
2392 1386 2900 1503 Vertrag schließ I.
2709 1490 3834 1625 Wir erbitten mit gleicher Post von Herrn
2396 1600 3820 1724 Director Faludi den von ihm mit Dr. Eirich ge¬
2410 1719 3843 1827 schlossenen Vertrag und werden Ihnen darüber nach
2425 1813 3814 1883 Erfalt berichten. Die Einnahme der betr. Vor¬
2443 1886 3848 2047 Fallung (Freitag den 29. Mai) betrug Nr. 7326.20
2754 2061 3836 2200 Inzwischen begrüfen wir sie mit
2437 2192 3854 2317 dem Ausdruck unseres Bedauerns über die Un¬
2452 2282 3857 2432 gelegenheiten, die Ihnen durch diesen Vorfall leider.
2443 2403 2929 2542 bereitet werden.
2783 2484 3859 2655 in aufgezeichneter Erfachtung
3141 2682 3818 2812 Die Hirektion des Leutschen Theusern zu Berlin
3136 2772 3775 2909 J. A. Edmund Rein
2173 2779 2342 2939 2 aula
