4103 3703
2364 501 2545 652 5.9.06
2676 535 2776 664 e
1926 623 2010 705 G.H.F.P.
2199 679 2768 781 den 5/9.1906 190
1155 636 1285 820 2e
1204 817 1789 941 Deutsches Theater zu Berlin
1302 890 1687 987 Direktion Max Reinhardt
1522 1246 2241 1351 Sehr geehrter Herr Doktor,
1687 1382 2654 1494 Wir erfahren durch Herrn Steinrück,
1529 1453 2797 1578 dass Sie letzthin mit einer neuen dramatischen
1531 1562 2682 1671 Arbeit fertig geworden sind, und erlauben
1542 1633 2760 1761 uns die Anfrage, ob wir nicht diesmal darauf
1534 1718 2814 1875 rechnen können, unsere Bewerbung erfolgreicher
1545 1830 2109 1941 als bisher zu sehen.
1717 1898 2774 2015 Sie wissen, verehrter Herr Doktor, mit
1559 1989 2885 2124 welchem ständigen Interesse wir Ihrer Produktion
1560 2061 2886 2204 stets gefolgt sind und wie sehr wir es gewünscht
1567 2178 2763 2292 haben, eine fruchtbare Verbindung mit Ihnen
1568 2239 2779 2387 anzubahnen. Nun mag der Saisonbeginn und die
1573 2356 2741 2471 bevorstehende Eröffnung des kleinen Hauses
1577 2450 2801 2555 uns willkommenen Anlass bieten, unsere stets
