4089 3703
1946 783 2305 903 a 22.10.05
2324 954 2492 1062 - 4 -
1217 1137 2569 1236 lassen. Da in Ihrem Theater viele Bedingungen für
1224 1233 2499 1325 eine ausserordentliche Aufführung des Medardus
1217 1315 2617 1421 angegeben wären, würde ich es natürlich lebhaft be-
1229 1425 2525 1501 dauern, aber, selbst ein solcher Abschluss wäre
1229 1507 2525 1592 mir sympathischer als weitere Verhandlungen auf
1229 1597 2549 1679 der uneraufcklich glitschrigen Basis von Doppel-
1235 1681 2607 1784 verträgen für deren künstlerische und ethische Be-
1240 1775 2577 1868 gründung, mir besonders in diesem Fall jedes Ver-
1236 1841 2509 1948 ständnis fehlt. Das Wort hat die Direktion des
1229 1944 2610 2026 deutschen Theaters, der ich mich bestens empfehle.
1453 2054 2403 2133 Verbindlich grüssend Ihr ergebener
1238 2487 1412 2586 Herrn
1463 2541 2047 2680 Arthur Kahane,
2056 2637 2410 2734 BERLIN.
1029 2664 1998 2790 Dramaturg des "Deutschen Theaters,
2061 2719 2429 2793 .................  =================
