4520 3623
256 716 2228 878 nehmen auf die Beine zu stellen und so die Tradi¬
235 831 2252 964 sionen des Deutschen Theaters fortzugeflangen und
230 946 2283 1069 sie auch in einer jügeren Welt mit jüngeren Adalen
225 1003 2257 1126 lebendig zu erhalten. Ich glaube, daß mehr beispiel¬
227 1123 2268 1204 los intimer Theater der Boden für neue Entwicklungs¬
219 1163 2265 1291 möglichkeiten da Theaters ist. Vernehmlich aber glaube
225 1291 2275 1379 ich, daß das Fredrina bei uns von dem Schall und
209 1340 2304 1507 Rauct großer Ausstattungstheals befreit, wirklich lebendig
227 1434 2213 1547 werden kann, umsammehr als durch den Umbau
214 1515 2176 1625 unsrer Bühne ein Apparat geschaffen wurde, der
225 1609 2247 1745 die feinsten, sie blilsten und neuchten Wirkungen
212 1677 2119 1797 ermöglicht. Wir haben für diese Saison Schwester
233 1782 2223 1889 Bealrix u. Aglavaine und Telyerthe von Maeterlinck
212 1865 2247 1991 Princess Lieutaine von Rostand, Ahasver und
212 1938 2265 2074 Ghetto von Heyermans, Erdgust von Wedekini
209 2048 2228 2158 Raben von Henry Beeque, Rausch von Strindberg
196 2119 2260 2234 u. A. erworben und beabsichtigen Aufführungen von
188 2194 2278 2320 Oedipus, Shakespeare, Wie es Eüel gefällt u. Goethe
206 2299 2281 2417 die näherliche Tochter. Ich habe eine Schaar ausgezeichnete
201 2383 2265 2529 junger Talente mit Künstlern wie Reicher Niemann
206 2458 2294 2597 Reibe, Brasch Grevenberg, Gertrud Eysoldt, Rosa Birteus
212 2592 2299 2691 m. an mehr Institut gebunden, andere Engagement
209 2667 2194 2767 sind vorläufig noch nicht sprüchreif, doch glaube ich,
206 2735 2231 2897 daß Ihr Stück derzeit an keiner anderen Bühne
219 2866 2213 2960 te gespielt, insieniert und ausgestalt werden
199 2921 2226 3091 kann, wie auf der unsern. Meine Pietät für
2372 627 4386 779 das deutsche Theater wurde diese Besaugetung vielleicht ein¬
2362 760 4373 891 schränken, aber dieser Thealer kommt ja wohl in diesem
2367 854 3247 974 Talle nicht in Betracht.
2356 938 4290 1050 Wir wurden sicherlich vor allen anderen Theatere mit
2356 1032 4318 1144 Freude und Begeisterung an diese Aufgabe gesen
2362 1089 4162 1199 denn sie bedeutet für uns im Programm.
2367 1191 4329 1319 Ich selbst liebe dieser kostbare Werk außerordentlich
2370 1275 4358 1382 und w wäre einer meiner Lieblingswünsche, es selbst
2356 1372 3307 1502 inrenieren zu dürfen.
2351 1468 4311 1565 Ich glaube fest an einen starken Erfolg diese
2367 1544 4313 1667 Dichtung bei uns und wir wurden bereit sein,
2356 1617 3629 1763 Garantien jeder Art zu leisten
2370 1711 4376 1863 Ich bitte Sie inständig, sehr verhrter Hr Doktor, ver¬
2351 1813 4305 1941 trauen Sie mir Ihr Werk an. Ein Sieg mit dieser
2362 1915 4337 2030 wundersollen Dichtung wurde mich mehr freuen als
2370 2014 4308 2116 aller andere. Ich glaube fest daran. Geben Sie
2351 2074 3409 2215 uns die Möglichkeit dazu.
2356 2168 4368 2304 Mit der Bitte um baldige Beantwortung meiner
2351 2265 3041 2409 Briefe bin ich in
3096 2325 3947 2487 Aufrichtiges Verfahrung
3085 2430 3976 2592 Vor ganz ergebener
3603 2552 4321 2746 Max Reinhardt.
