4109 3704
3068 753 3313 840 31.5.06
2961 834 3585 1020 den 31. Mai 190 6
303 928 1800 1106 rung, wie sonst nirgends. Hier mochte
1949 1000 2513 1106 Deutsches Theater zu Berlin
2517 1004 2742 1184 Herrn
2051 1082 2427 1176 Direktion Max Reinhardt
288 1043 1793 1205 er am liebsten mit Verzicht auf alles
2548 1059 3450 1290 Dr. Arthur Schnitzler
303 1135 1771 1307 Decoration, ohne Markenkunst Vetc. Im
286 1231 1550 1415 Wirkung ganz auf Wort stellen.
2448 1229 3411 1421 Wien XIII Spöttelgasse 7
286 1319 1791 1491 In diesem Haus wird naturgemäß viel
2112 1323 3131 1552 Sehr verehrter Herr Doctor,
272 1442 1806 1611 Hösen gespielt werden, aber was unserm
1963 1432 3534 1636 Wie Sie wissen, werden wir bereits in
264 1534 1730 1693 Repartoir – weil ja leider der Literatur,
1949 1564 3595 1761 der nächsten Saison ein neues kleines Thea¬
260 1630 1703 1789 überhängst - vollständig fehlte, ist das
1949 1683 3474 1845 ter haben, an dessen bau jetzt bereits
258 1728 1826 1912 heitere Gegenspiel dazu. Und Reintardt
1957 1781 3552 1939 mit aller Energie gegangen wird und
274 1832 1724 2000 bittet Sie aufs Inständigste, wenn es
1967 1879 3540 2041 das bei dem Berliner Bautempo sicher
1920 1967 1998 2149 Anschlässe::splüsse:-
264 1912 1771 2100 Ihnen innerlich irgendwie möglich ist, den
2039 1973 3585 2135 zu beginn der nächsten Spielzeit fertig
274 2025 1773 2198 Möglichkeiten dieser Bühne Rechnung zu
2025 2051 3585 2233 ist. Die Pläne liegen bereits vori und ich
247 2106 1802 2299 tragen. Wir glauben jetzt in der La¬
2033 2147 3587 2309 glaube, daß wir hoffen dürfen, einen ganzen
258 2209 1824 2391 ge zu sein, in diesem Theater ein wirth¬
2018 2223 3595 2397 entzürckenden Raum von vornehmsten Ge¬
262 2307 1751 2481 volles Lustspiel besetzen und aufführen
2016 2331 2763 2491 schmack zu erhalten.
1579 2393 1740 2472 sicher.
2027 2411 3601 2554 Reinhardt glaubt, daß aus dem spezifischen
266 2409 1748 2573 zu können, wie nie zuvor und wie
2025 2493 3569 2669 Charakter dieses Raumes heraus, sich auch
262 2499 1454 2665 keine zweite Berlin bühne.
2020 2581 3552 2755 ganz spezifische schauspielerische Wirkungen
278 2593 1785 2804 Wir sind jetzt dabei, unser Repartoir
2006 2681 3499 2828 werden erzielen lassen, eine Intimität
262 2724 1810 2902 für die nächste Saison zu disponieren
2012 2775 3599 2961 der Fialogs und psychologischer Nürnme.
1434 2906 1628 2982 um
3162 2881 3448 3065 rung
