4111 3705
2185 500 2451 693 16.10.05
2413 646 2785 816 26/X05
1719 1028 2353 1160 Verehrter Herr Kahane!
1535 1167 2576 1301 Ich bestätige dankend den Empfang der
1328 1273 2565 1412 beiden Exemplare, darunter des einen mit Ihren
1558 1358 1687 1407 G.C.S.
1298 1385 2649 1487 Strichen und sende Ihnen heute ein neues Exemplar
1305 1455 1437 1514 Vonnäytte
1298 1460 2672 1598 mit meinen Strichen, wie ich versprochen, dieselben,
1328 1540 2626 1640 die ich auch dem Burtheater vorschlage. Wie Sie
1307 1626 2695 1755 merken werden habe ich viel mehr, vielleicht naho-
1303 1719 2636 1858 zu dreimal so viel gestrichen als Sie.Einige von
1308 1831 2678 1917 Ihren Strichen sind in den meinigen enthalten. Ins¬
1316 1903 2622 2030 besondere mache ich aufmerksam auf den Schönken¬
1316 2017 2656 2108 szene, wo ich die ganze Figur des Plank eliminiert
1344 2080 1435 2131 G.C.
1305 2080 2629 2204 habe, ferner auf die Friedhofsszene im 4. Akt, die
1983 2151 2221 2217 A.S.
1307 2178 2592 2294 nun bei mir ganz begfüllt, so dass das Gespräch
1299 2238 2736 2356 Medardus-Helene, das den Schluss des 4. Aktes bildet.
1316 2345 2622 2451 ziemlich rasch auf die Hinrichtung Eschenbachers
1317 2440 2640 2563 folgt, wodurch eine ganze Verwandlung überflüssig
1312 2536 2642 2633 wird. Die dadurch notwendigen kleinen Dialogver-
1317 2603 2681 2744 änderungen finden Sie selbstverständlich auch ein¬
1328 2713 2699 2856 gelegten. Da mich diesen xyz
