4095 3704
2720 507 2962 629 4.11.04
1442 602 1982 722 Kleines Theater - Neues Theater
1620 701 1792 751 zu Berlin
1401 699 2000 834 Firekton und Bureau: Schiffbauerdamm 42-5.
2087 656 3074 854 Buere, den 4. 11 1804
1378 896 2582 1117 Der rechte von Doctor,
1628 1010 2950 1216 Nun mäs sie zu meine letzten
1415 1173 3080 1359 Brief doch einige Nachtragsumbrachtungen
1405 1307 2909 1518 versteilen: statt der Höftein will die
1413 1376 2933 1638 Eysoldt die Lofie spielen, statt Prgag.
1479 1529 2938 1729 Liebe das alten Decerme. Vallentin
1502 1626 3056 1829 hat sich das von Lieto unter wir längen
1494 1763 3031 1972 vorm nehen Kassen und findet ihaa famis.
1463 1876 3000 2085 Und vor allem ist sein Tempo f ür dies
1458 2040 2774 2245 Stück geiztete als das Sorgays.
1634 2102 3033 2327 Liebste Herr Doctor Sio dürfen
1467 2257 3072 2485 nicht hvor sein, wenn Sie auf einen Brief
1475 2356 3043 2551 von uns warten müssen. Ordens ist bei
