4089 3703
2330 339 2955 482 am   198  ds. WUN M....
1933 374 2298 534 15.8.09
1746 420 1866 526 aus
2327 441 2736 531 durch généralit
1285 485 2935 707 muenchen 12. + 129 59 15 3/15 0 um Uhr M. Mittag.
733 680 2321 809 Wie wir verabredet haben wollen wir uns
2351 651 2946 832 ueber annahme
695 785 2794 931 besetzung und termin entschliessen wenn ihr werk von uns
584 858 2932 1083 dreien gelesen ist das wird in den naechsten acht tagen bestimmt
879 1040 2155 1150 geschehen der konflikt bassermann
2295 1034 2835 1188 existierte nur
619 1077 2651 1291 in den zeitungen selbstverstaendlich bleibt er bei uns
637 1206 2701 1434 koennten sie zur beschleunigung noch einen buerstenabzug
929 1361 1095 1501 12/8
1372 1381 2742 1594 medardus einsenden gruss = kahane.+
2730 1524 2952 1629 B. E.
721 1475 1238 1635 D. S. Nr. 759. (Auflage September 1905.)
2409 1664 2996 1810 September 1909.
2394 1772 3008 1863 am.........199N-Üm....Uhr....M.Mitt.
894 1802 1226 1918 Oours
2044 1746 2310 1916 24.8.00
1816 1851 1913 1930 aus
2272 1825 3013 1971 FERMANN KOHLA
753 1810 2996 2143 + nuenchen ausstellungspark 75 141/137 24/9 5-5 n = M. Mittag
2844 2035 2978 2178 2"
742 2059 2900 2298 unser muenchener gestspiel ist beendigt haben nun ihr werk
742 2222 3086 2500 nochmals gelesen sind heute hier zusammengekommen erklaeren uns
762 2435 3019 2672 nach gruendlicher Besprechung principiell geneigt medordus zu
765 2552 2978 2829 spielen allerdings ist es uns trotz eingehender Ueberlegung
934 2762 3060 2999 repertoirendeglichkeiten beider Theater nicht gelungen in
2935 2911 3034 2978 v.a. 1874
1212 2949 1299 3037 er 1905.
812 2970 1060 3092 D. P. Nr. 758, (Aul)
