2268 3623
1750 595 2092 762 24.12.65.
470 734 593 849 by the
1251 793 1567 867 24.12.1909.
841 1006 1532 1090 Verehrter Herr Reinhardt!
1297 1064 1627 1160 G.C.H.F.P.
727 1185 1918 1279 Es scheint mir nämlichss die Beziehungen
562 1271 1973 1351 zwischen xxx Menschen auf einen genissen Nieau, nie
565 1376 1848 1437 zwischen Ihnen und mir, die einander persönlich
558 1469 1913 1544 nicht ohne Syornthie gegenüberstehen, und zwischen
565 1555 1916 1623 denen imer wieder Lissperständn isse auftreten, zu
560 1651 1918 1711 endgültiger Klarheit gebracht werden. Hiezu bietet
560 1744 1911 1794 das letzte Telegram, das mir Kahne in Ihren Auf¬
563 1827 1950 1888 trig geschickt hat, einen mehr als passenden Anlass.
695 1913 1913 1974 In diesen Telegram heisst es,dass ich durch
551 2008 1904 2064 meine Hartnächigkeit, mit der ich Ihnen das moder¬
551 2095 1806 2159 ne Stück verneigere, deutlich dokumentiere, mir
560 2162 1795 2246 läge nicht sofort an dauernder künstlerischer
551 2253 1804 2320 Verbindung mit Ihrem Theater als lediglich an
551 2346 1902 2425 der Darstellung dieses cussergeöhnlichen Stückes
555 2452 1839 2504 (des Medardus), für das nach meinem eigenen Aus¬
551 2496 1932 2592 spruche kaum eine meite Bühne so sehr in Betracht
555 2618 693 2680 käme.
676 2669 1897 2797 Ich metnerseits finde vor allem, dass die Di-
546 2762 1873 2871 rektion eines Theaters von Rang sich bei der An-
398 2838 879 2912 Ce "Ttitur"
