4111 3705
844 395 983 490 n. a
2664 347 3015 569 G.C.R
2194 1146 3571 1218 Suchen für Bassermann noch eine moderne Rolle und
2185 1193 3484 1248 würden schon in diesem Jahre ein Werk von Ihnen
2185 1246 3564 1306 bringen, das sich vermöge seines geringeren Perso-
2185 1297 3370 1357 nenreichtums noch günstig plazieren liesse.
2594 1334 3220 1402 Mit herzlichen Grüssen
2289 1372 3096 1474 Reinhardt, Holländer, Kahane.
2306 1522 3542 1625 Mit diesem Telegramm, das wir Ihnen von Mün¬
2185 1630 3538 1718 chen aus geschickt haben, scheinen mir die Anfra-
2190 1729 3301 1818 gen Ihres Briefes vollkommen aufgeklärt.
2313 1794 3533 1895 Was Ihre Striche anbelangt, so ist für mich
2185 1895 3598 1988 kein Zweifel, dass wir uns in dieser Hinsicht voll-
2185 2013 3198 2101 kommen verstehen und einigen werden.
2594 2097 3226 2190 Mit herzlichen Grüssen
2817 2180 2920 2255 Ihr
2738 2264 3005 2366 ergebener
2773 2324 3385 2464 Arthine Karane
