2266 3571
1629 537 1728 654 23
306 680 1798 819 auf die es in diesem Falle ankam, auch Ihre Voraussicht
302 800 1742 892 so sehr überschätzt, dass ich noch vor wenigen Wochen
308 877 1713 992 auf dem Semmering Brahm gegenüber äusserte, ich ge¬
312 968 1719 1092 dächte das moderne Stück für den Fall, dass zwischen
302 1041 1693 1157 mir und dem Deutschen Theater der Medardus-Vertrag
312 1157 1798 1261 zustande käme, dem letzteren insbesondere mit Rüchsteht
308 1238 1745 1328 auf die Bassermann-Rolle das moderne Stück im Feber
242 1308 1003 1366 bei seligen wir meines Anwesenheit
291 1313 1745 1447 In Berlin anläss¬
1608 1377 1794 1445 wohl
297 1398 868 1464 Die wiederholt gebracht wurde
312 1433 1740 1535 lich der Enatol-Premiere Ihnen vorzulesen.Denn frei-
1309 1467 1518 1529 hätte son
306 1511 1689 1604 Ich, auch dies sei hier ausgesprochen, über dieses
302 1586 1646 1693 modenne Stück ### bei eventueller Annahme
312 1689 1719 1785 des Stücks durch Sie einen Vertrag geschlossen, aber
314 1774 1768 1862 er hätte erst rechtsgültig werden dürfen nach Auffüh¬
318 1856 1727 1941 rung des Medardus om Deutschen Theater. War es schon
318 1961 1755 2040 auffallend genug, dass Ihnen bereits Ende August eine
302 2038 1815 2146 Aufführung des Medardus—
302 2132 1698 2223 Saison kann möglich schien, dass Sie das ganze Jahr
312 2219 1753 2305 schon besetzt haben vollten, obwohl Sie ja Stilcke ak¬
312 2315 1702 2394 zentiert haben zur Aufführung in dieser Saison, die
314 2407 1807 2487 Ihnen erst nach dem Medordus übergeben wurden, so liess
1015 2463 1195 2518 unserer
312 2472 1706 2587 Ihr ganzes Verhalten in der Angelegenheit immer
312 2572 1785 2681 mehr die Annahme berecht ist erscheinen, dass Ihnen der
