3982 3704
2228 577 2487 729 17.12.00
2561 639 2708 739 1
2150 778 2488 880 17.12.1909.
1482 957 2227 1072 Sehr geehrter Herr Kahane!
1432 1129 2583 1252 Seit Beginn unserer Verhandlungen,aus ei-
1226 1249 2558 1332 ner ganzen Reihe nicht misszuverstehender Briefe
1250 1316 2620 1437 wissen Sie, dass ich nicht gesonnen bin mit Ihnen
1233 1418 2665 1543 einen Vertrag über den Medardus zu schliessen, in dem
1441 1493 1699 1555 Monsieur le dernier
1240 1478 2633 1616 Ihnen irgend sin Recht über trgend ein anderes mei-
1233 1587 2599 1689 ner Werke eingeräumt würde. Wenn Sie mir nun nach
1240 1676 2624 1781 vielwöchentlicher Pause wieder telegraphieren, dass
1238 1749 2650 1867 Ihr Entschluss meine dramatische Historie aufzufüh¬
1238 1844 2569 1975 ren unverändert sei, falls ich Ihnen ein Vorrecht
1245 1945 2519 2070 hinsichtlich meines modernen Werkes gewähre, so
1249 2052 2640 2152 kann ich darauf nur mit dem höflichen Ersuchen er¬
1270 2105 2688 2227 widern, mir das Manuscript des Medardus freundlichst
2111 2173 2369 2243 G.C.H.
1685 2184 2004 2259 G.C.H.F.P
1281 2218 2326 2310 und unverzüglich rücksenden zu wollen.
1671 2282 1808 2346 G.C.H.P.
2022 2280 2155 2387 mam
1454 2294 1541 2367 G.H.P.
1544 2330 2007 2412 Mit bestem Gruss
1279 2483 2613 2675 Herrn Arthur Kahane, Dramaturg am Deutschen Thea¬
1299 2686 1660 2773 ter, Berlin.
