4096 3588
2782 679 2971 830 20.8.
2591 777 2709 889 41.
929 769 1540 941 Dr. A.B.B
872 862 2402 1080 Best. D. fin die loy. Erld erl. hi.
901 958 2585 1217 m. nur die str. Gen. S. Uren T. f.
906 1158 2597 1404 als Sp. die selbstw. an bleiben.
918 1292 2267 1509 nicht zu werden. Greifs
1561 1477 2084 1645 Artr. Sch.
996 1801 2309 1963 Besten Dank für die loyale Erledigung erlauben sie
1254 1900 2929 2024 Ihrem Pensions Fond als Spende die selbstverständlich anonym bleiben.
1059 2007 1628 2156 was zu widmen Grund
