4085 3705
1746 763 2269 851 Theater und Kunst.
2400 759 2504 826 sem
2396 818 2511 859 nows
1736 832 2516 909 - Arthur Schnitzler und das Kleine / Leonie
1680 878 2516 934 Theater. Ueber Schnitzlers „Haus De¬
1680 917 2516 971 forme“, das die Zensur bisher nicht für eine Auf= / Professo=
1677 948 2513 1005 führung freigab, verbreitete kurz vor der am Dienstag / koven
1682 984 2525 1042 abend stattfindenden Premiere zweier Schnitzlerscher / Clotilde
2402 1003 2525 1046 beide St.
1677 1031 2531 1073 Einakter eine hiesige Korrespondenz ein läppi= und Jen
1677 1060 2531 1110 sches Gerücht, das recht rüpelhaft von anwalt
2166 1100 2534 1150 trotzdem fand | Frhr. v.
1673 1095 2155 1147 dem Einakter berichtete, —
1680 1134 2537 1183 die Notiz in einigen Zeitungen Abdruck, Karl Rus=
1677 1165 2523 1220 Die Nachricht besagte, die Schauspieler / Frau —
1675 1193 2513 1257 des Kleinen Theaters hätten sich geweigert, in / Pflegete
1677 1243 2519 1286 einem Stücke aufzutreten, das Beleidigungen ihres / Ruschte
2400 1259 2530 1301 kellner —
1677 1279 2525 1323 Standes enthalte. Herr Arthur Schnitzler erklärt / — Erich
1680 1313 2537 1364 folgendes: „Es ist nicht richtig, daß die Garderob
2442 1353 2531 1390 — K
1667 1349 2383 1397 Schauspieler des Kleinen Theaters sich ge¬
1672 1384 2386 1440 weigert haben, den Einakter Das
2396 1374 2541 1427 Theate
1680 1422 2540 1468 Haus Delorme“ zu spielen. Freitag war Operette,
1677 1459 2555 1501 noch Probe; Sonnabend sollte die Generalprobe aufführung
1686 1479 2546 1540 stattfinden. Freitag abends aber kam die Nach-
1682 1515 2552 1571 richt von der Zensur, daß sie sich bis zu dem für / statt. Die
2402 1540 2549 1585 männliche
1686 1567 2558 1623 die Aufführung festgesetzten Tage nicht über die! Münchener
1682 1603 2565 1650 Freigebung des Stückes entscheiden könne. Aus — Im 2
1677 1632 2567 1678 diesem und nur aus diesem Grunde heute aber
1677 1673 2567 1712 wurde das Stück abgesetzt. Sein Inhalt ist in den Be¬
1677 1706 2562 1766 richten der Berliner Blätter unrichtig wiedergegeben. - langen.
2406 1729 2565 1780 Mary Hag
1700 1746 2573 1799 — „Ein reiner Adelsmensch" ist der städt, und
1677 1787 2573 1842 Titel einer neuen Tragikomödie, die Erich
1688 1825 2565 1878 Ziegel, der bekannte Charakterspieler des und Fritz A
1686 1861 2562 1908 Schiller=Theaters, der bereits mehrfach als Iheater
1688 1893 2565 1945 Novellenschriftsteller hervorgetreten ist, in Gemein¬
1686 1926 2575 1981 schaft mit Julius Schaumberger soeben gegeben. Im
2400 1954 2566 1997 Wilhelmst.
1677 1970 2567 2028 vollendet hat und die demnächst zur Versendung „Die Ti
1682 2010 2018 2064 an die Bühnen gelangt.
2398 2017 2580 2067 C. Haddot
1687 2036 2377 2104 — „Der Familientag“, die dreiaktige Novität
2415 2049 2579 2102 Pogson,
2470 2080 2579 2124 - Musi
1677 2086 2069 2126 von Gustav Kadelburg
2072 2086 2370 2128 die morgen zum
1680 2118 2377 2157 ersten Male im Lustspielhaus in Szene geht,
2400 2108 2576 2156 Zu dem her
1688 2148 2573 2196 ist wie folgt besetzt: Egon, Frhr. v. Wollien=Wollien / stattfindenden
1961 2181 2592 2216 er; Richard, Frhr. v. Wollien,
1686 2177 1946 2222 — Rudolf Lettin
1682 2209 2592 2245 Generalmajor — Georg Höflich; Ellise, seine hat noch Hofp
1686 2241 2379 2283 Tochter—Olga Limburg; Kaspar, sein Sohn,
2383 2241 2592 2293 wirkung zugeschlagen.
1677 2272 2383 2312 Kadett—Marie Wendt; Sigismund, Frhr. von
2504 2277 2592 2314 Osca
1688 2299 2606 2342 Wollien, fürstlicher Hofmarschall — Julius Sachs; / Strecke“ ist
1682 2335 2621 2376 Irmgard, seine Frau — Ense Trost; Ludolf, Frhr. (Wien zur A=
1680 2375 2615 2427 v. Wollten=Krappenthien, Rittergutsbesitzer—Franz Desselben Auf
