4112 3704
2177 859 3451 1013 verdenken, dass wir darauf drängen auch wegen
459 899 1758 1027 Wir aber nicht glauben wollten, dass es sich hier
2164 979 3592 1106 neuen Stückes Klarheit zu schaffen, weil wir bereits
446 1006 1781 1143 blos um eine diplomatische Wendung handele, blieb
2167 1087 3549 1197 mit zwei früheren Werken, die Sie uns ursprünglich
428 1112 1818 1220 nur die Auffassung übrig, dass Sie damit einem Ver¬
2167 1156 3588 1287 zugedacht haben ("Schleier der Pierrette" und "Kas¬
427 1197 1828 1312 tragsabschluss näher treten wollten. Im übrigen se¬
2173 1251 3466 1359 sian") eine bittere Erfahrung gemacht haben. Es
425 1285 1843 1411 henwir wahrhaftig nicht ein, welche ungeheuerliche
2171 1341 3549 1448 liegt uns natürlich fern, die Annahme des "Medardus
413 1374 1861 1502 Zumutung in der Kombination der beiden Verträge lie¬
2173 1426 3495 1552 von der Annahme Ihres anderen Werkes abhängig zu
421 1486 1834 1581 gen soll: Wir sind bereit den "Medardus" wegen sei¬
2162 1536 3559 1656 machen; dagegen erklären wir unumwunden: Wir legen
413 1556 1895 1675 ner grossen künstlerischen und dichterischen Schön¬
2167 1592 3576 1735 den grössten Wert darauf, dass Sie uns die Möglich-
427 1637 1976 1785 heiten anzunehmen, sind uns aber vollkommen klar da¬
2164 1695 3553 1826 keit bieten mit dem "Medardus" auch Ihr neues Stück
423 1743 1785 1864 rüber, welche Opfer an Geld, Zeit und Arbeit die
2164 1781 3545 1920 nach Lektüre zu erwerben (Sie dürfen in jedem Fall
448 1822 1889 1955 Annahme dieses ungewöhnliches Werkes für uns bedeu¬
2171 1888 3561 2011 überzeugt sein, dass wir über die eventuelle Lektü-
448 1926 1725 2036 tet. Ist es in diesem Zusammenhange denn so gar
2171 1982 3462 2088 re kein Wort nach aussen hin verlauten lassen).
427 2023 1839 2140 nicht zu verstehen, dass wir auch ein anderes Stück
2171 2071 3570 2194 Wir vermögen in dieser Kombination nichts Illoyales
454 2115 1897 2223 von Ihnen wünschen, das wir leichter und noch in die¬
2164 2150 3470 2277 gegen Sie zu erblicken, würden es aber als sehr
442 2194 1832 2326 ser Saison spielen können und das die gesuchte Rol-
2169 2252 3534 2378 loyal von Ihnen gegen uns ansehen, wenn Sie darauf
454 2270 1766 2395 le für Bassermann enthält? Und das uns auch nach
2167 2353 2455 2474 eingingen.
434 2380 1830 2490 aussen hin daran gelegen sein muss nicht blos jenes
2567 2414 3291 2548 Mit den besten Grüssen und
436 2455 1835 2575 Stück von Ihnen zu bekommen, für das wohl kaum eine
2714 2507 3325 2644 vorzüglicher Hochachtung
444 2555 1866 2690 andere Bühne in Betracht kommt? Sie können uns nicht
2866 2613 2964 2696 Ihr
1513 2640 1818 2752 verdenken.
2756 2690 3605 2826 ergebener Arthur Kohrme
