2268 3623
400 826 1804 955 Ihnen das Zwischenspiel zu übersenden. Ein Telegramm
400 951 1839 1058 vom 31. August bestätigte den Empfang des Manuscripts
400 1031 1766 1127 und bat mich zugleich dringendst die prinzipielle
404 1093 1957 1241 Entscheidung aufzuschrieben, Für mich, der das andere Stück
412 1228 1727 1321 indessen Brahm übergeben, hatte so wie Ihnen das
404 1296 1845 1412 Zwischenspiel bestand natürlich keinerlei Anlass ihm
410 1406 1885 1483 das Stück wieder wegzunehmen, um Ihnen, der das ihm ein¬
406 1466 1814 1574 gereichte Stück noch nicht einmal gelesen hatte, die
412 1543 1837 1659 Wahl zoischen beiden freizustellen. Ich ersuchte also
414 1634 1820 1756 um Erledigung der Zwischenspiel-Angelegenheit. Trotz
416 1750 1839 1851 wiederholter Urgenzen erfolgte die Erledigung nicht.
410 1833 1777 1949 Mir blieb endlich nichts übrig als wenigstens die
412 1916 1845 2017 Rücksendung des Manuscriptes von Ihnen zu verlangen,
422 2001 1802 2117 die mitner üblichen Verspütung erfolgte, worauf ich
418 2102 1845 2197 das Stück natürlich auch dem Leseingtheater übergab.
416 2193 1880 2291 Schon kurze Zeit nachher wurde mir aus Berlin das Ge¬
422 2259 1829 2384 rücht zugetragen nicht etwa, dass ich Ihnen das Zwi¬
423 2353 1932 2467 schenspiel eingereicht, dass Sie sich nicht entschieden,
431 2431 1941 2553 dass ich endlich das Manuscript zurückverlangt, sondern,
433 2525 1957 2643 dass Sie die Komödie refusiert hätten. Wo dieses Gericht
423 2634 1866 2727 setnen Ursprung nahm zu untersuchen ist überflüssig.
549 2703 1853 2812 Seit dem Jahre 1905 war ich mit einer grösseren
371 2779 1853 2877 Mamatischen Arbeit nicht mehr in die böffentlierkeit
1369 2804 1936 2951 ete Caffentlichkeit
483 2860 659 2945 auch
