4089 3703
2321 338 2949 502 am... 190.... um Nrühr... M., Mitt.
902 406 995 559 1
2312 463 3020 577 durch:PERMANN KOTL
1706 418 2142 562 aus zu 24.9
600 550 2999 768 den guten monaten dieses spieljahres noch einen platz zu schaffen
624 708 3017 914 wenn wir die rollen so besetzen wollen wie als notwendig zwischen
630 899 2877 1099 uns besprochen dagegen wuerden wir in darauffolgender saison
672 1102 2793 1246 ihnen einen guten termin sichern in selbstverstaendlicher
693 1216 2832 1440 Voraussetzung dasz uns üeber striche einigen möchten sie
666 1425 2907 1673 aber herzlichst bitten uns auch ihr anderes stueck wenigstens
2734 1551 2919 1688 a. a. v. or. va. 17
729 1577 1222 1733 D. S. Nr. 759. (Auflage September 1905.)
2342 1730 3014 1927 am.........190.... Uhr.... M..... Mitt.
866 1778 1061 1891 Dienomme
2396 1873 2581 1951 durch:
2375 1873 3035 1990 s HERMANN KoiL
1825 1804 2318 1978 aus zu 24.5.00
750 1834 2999 2199 zur Lektuere zu senden suchen fuer baszersähn noch grosze muur
777 2091 3053 2318 moderne rolle und wuerden schon in diesem Jahre gerne ein
771 2256 2569 2512 werk von ihnen bringen das sich vermeege seines
780 2393 2919 2680 geringen personenreichtums noch guenstig placieren liesz.
777 2587 2853 2901 mit herzlichen grüeszen = reinhardt hölloender kahöne +»
2808 2901 3041 3059 ...W.
834 2940 1341 3128 D. S. Nr. 759. (Auflage September 1905.)
2841 3035 2934 3173 P.
