4112 3704
1199 1163 2554 1304 zu wiederholen. Ueberlegen Sie sich vielleicht die
1641 1253 2099 1321 lʼauteur vu les mêmes sont aussi avec
1205 1280 2562 1371 Sache noch acht Tage lang in Ruhe und dann senden
1219 1342 2191 1411 lʼhonneur lʼautre sérieuse. — Le nouvelle nouveau
1200 1384 2564 1490 Sie mir entweder einen rechtsgiltigen Vertrag mit
2309 1422 2404 1479 G.C.H.F.P
1886 1428 2149 1490 2 rue où :t :t:
1210 1459 2579 1575 Termin und Konventionalstrafe oder das Manuscript.
2041 1510 2663 1573 cʼest avec M. A. F. M.
1204 1558 2535 1672 Auch in letzteren Falle wird der Verlesenbend in
1217 1648 2530 1731 der Isarvilla für mich eine angenehme Erinnerung
1210 1706 2395 1827 und der Medardus ein schönes Stilch bleiben.
1471 1820 2004 1915 Mit besten Grüssen
1611 1915 1999 2021 Ihr ergebener
1217 2755 1999 2923 Herrn Arthur Kahane, Berlin.
