4089 3703
2202 640 2495 807 zu 25.8.0
1254 1010 2472 1150 chen Fällen üblich ist, einen für beide Teile
1249 1094 2526 1227 bindenden Vertrag mit Termin und Conventional-
1258 1185 2615 1312 strafe, so werden Sie mich ohne Verzug bereit fin-
1270 1253 2588 1428 den Ihrer freundlichen Anfrage wegen des zweiten
1930 1286 2707 1411 mit den ich unter nicht unter
1263 1379 2539 1542 Stückes, das ganz vollen et ist und mit dem ich
1278 1453 2514 1618 bis zum 15. Oktober d.J. nach keiner Richtung
1278 1524 2549 1716 hin etwas unternehmen werde,ernsthaft näher zu
1290 1679 1492 1781 treten.
1500 1716 2078 1887 Mit herzlichem Gruss
1621 1881 2007 1994 Ihr ergebener
1328 2453 2566 2600 Herrn Direktor Max Reinhardt, Berlin Deutsches
1332 2613 1579 2723 Theater.
