3808 3705
2093 1205 3460 1316 Stück zu besetzen und aufzuführen. Nun ist es selbst¬
2095 1318 3442 1398 verständlich, dass das Deutsche Theater nicht nur die
2096 1417 3467 1477 Stücke von Ihnen spielen will, die Brahm nicht spielsen
2086 1499 3484 1598 kann, sondern auch Ihr nächstes neues Stück erhält. Un¬
2095 1598 3479 1701 ter dieser Voraussetzund ist Direktor Reinhardt bereit,
2086 1687 3282 1780 den Medardus noch in dieser Saison aufzuführen.
2133 1767 3488 1874 Bitte Ihre Aeusserung, da ich in dieser Angelegenheit
2086 1872 3482 1961 mit Max Reinhardt ganz vertraulich verhandele, an meine
2081 1950 3462 2051 Privat-Adresse, Friedenau-Berlin, Süd-West Corso 10 zu
2081 2063 2276 2143 senden.
2180 2142 3496 2246 Mit dem Ausdruck vorzüglicher Hochachtung und besten
2076 2236 3270 2338 Empfehlungen für Ihre Frau Gemahlin bin ich Ihr
2894 2316 3268 2413 sehr ergebener
2805 2396 3388 2579 Richard Melz
