4089 3703
407 977 1736 1112 uns dies nur geben würden, wenn wir den Medardus
411 1106 1757 1220 nehmen. Wir unsererseits akzeptieren das und sind
407 1174 1677 1279 ebenfalls bereit über beide Stücke sofort nach
397 1279 1725 1368 Einsicht in das moderne Stück Vertrag zu machen.
406 1380 1765 1491 Sie werden verstehen, dass uns viel daran gelegen
407 1469 1800 1567 sein muss auch ein modernes Werk von Ihnen zu brin-
406 1558 1736 1658 gen, umsomehr als Sie selbst ja sagten, dass die
406 1651 1711 1734 Hauptrolle darin für Bassermann gedacht sei. Es
407 1724 1706 1839 ist auch sehr leicht möglich, das Werk, wenn wir
414 1829 1725 1914 es nur recht bald lesen können, in dieser Spiel-
411 1932 1816 2021 zeit noch sehr günstig zu plazieren, da es ja aller
395 1996 1786 2127 Wahrscheinlichkeit nach einen kleineren Apparat in
407 2110 834 2200 Anspruch nimmt.
546 2191 1795 2279 Mit dem Ausdruck vorzüglicher Hochachtung und
712 2273 1226 2376 den besten Grüssen
847 2376 952 2451 Ihr
745 2433 1807 2563 ergebener Arthur Kahane
3111 765 3397 936 20.10.00
3081 991 3646 1096 den 20. Oktober 1909
2022 1101 2609 1195 Deutsches Theater zu Berlin
2223 1295 2403 1398 Herrn
2408 1368 3003 1478 Dr. Arthur Schnitzler
3179 1425 3588 1530 W i e n XVIII
3047 1514 3636 1594 .........................Wörter
3022 1587 3472 1706 Spoettelgasse 7
2364 1729 3123 1845 Sehr verehrter Herr Doktor,
2371 1839 3572 1944 Wir danken Ihnen sehr für die Zusendung des
2247 1971 3652 2065 gestrichenen Exemplars; wir sind bereit es zu spie-
2241 2040 3616 2129 len. Allerdings wie wir Ihnen schon telegraphisch
2236 2140 3581 2236 mitteilten erst in der nächsten Saison, da diese
2245 2200 3586 2330 Spielseit so besetzt ist, dass für ein Stück mit
2247 2319 3664 2421 so grossem Apparat und Figurenreichtum der entspre¬
2254 2392 3668 2519 chende günstige Raum nicht zu finden ist. Sie haben
2247 2490 3625 2588 uns ja in Ihrem vorletzten Brief gesagt, dass Sie
2247 2574 3661 2679 damit einverstanden sind und auf unsere Anfrage be¬
2254 2659 3680 2777 züglich Ihres modernen Stückes erwiderten, dass Sie
3431 2741 3657 2864 uns
