4089 3703
1989 610 2395 780 zu 22.10.09
2490 738 2664 855 - 2 -
1287 908 2601 1016 nach Einsicht in das moderne Vertrag zu machen.
1294 984 2640 1103 Gegen diesen Versuch zwei Angelegenheiten zu kom-
1296 1116 2595 1207 fundieren, die nichts miteinander zu tun haben,
1296 1160 2655 1275 möchte ich aufs Entschiedenste deprezieren. Am so-
1292 1240 2742 1394 fort einem eventuellen möglichen neuen Missverständ-
1301 1381 2684 1472 nis den Boden zu entziehen, bemerke ich vor allem,
1305 1439 2697 1555 dass ich in den äusseren Schicksalen meines moder-
1303 1524 2671 1667 nen Stückes, seit München nicht das geringste ge-
1303 1618 2690 1752 ändert hab. Nach wie vor hab ich keinerlei Schrit-
1305 1705 2653 1826 te (auch in Wien) damit unternommen und mir die
1312 1813 2651 1920 vollkommene Freiheit meiner Entschliessungen ge-
1314 1885 2805 2013 wahrt. Dies gedenke ich auch weiterhin zu tun, unternt
1312 1989 2630 2102 da wie ich Ihnen ja gestern schrieb, die Auffüh-
1324 2082 2606 2187 rung des modernen Stückes vor einer Aufführung
1312 2141 2651 2262 des Medardus für mich vorläufig jedes Interesses
1327 2252 2675 2341 entbehrt. Es stimmt auch, dass mir für die Haupt-
1316 2321 2643 2453 rollen des modernen Stücks (ganz abgesehen von
1324 2406 2692 2530 der Medardusangelegenheit) Bassermann als idealer
1331 2493 2718 2616 Vertreter erschiene und dass daher eine Aufführung
1327 2588 2695 2734 dieses Stücks in den Kammerspielen lebhaft in den
1329 2688 2703 2823 Kreis meiner Gedanken trat, während vieles andere
