4096 3588
282 765 1854 926 Ich habe mir über die Tantiemensätze der einzelnen Stücke
284 890 1823 1008 vor unserem Briefwechsel nicht Bericht erstatten lassen,
288 968 1866 1101 weil ich zur Direktion des Vigszinhasz absolut wohlbegrün-
288 1069 1870 1177 detes Vertrauen habe und ihr Geschäftsgebahren meinen mehr
284 1167 1815 1274 jährigen Erfahrungen zu Folge für völlig correct halten
278 1238 1852 1362 muss. Erst auf Grund Ihrer Reklamation habe ich mir das Ma-
282 1324 1793 1435 terial aus Budapest kommen lassen. Sie werden es mir als
276 1427 1793 1517 kaufmännischem Leiter des Deutschen Theaters nicht ver-
282 1511 1799 1592 übeln, wenn ich mich Ihrer Ansicht nicht anzuschliessen
288 1626 1825 1739 vermag; vielmehr muss ich das Vorgehen der Direktion des
288 1703 1882 1815 Vigszinhasz für ebenso correct halten, wie ich ein Eingrei-
278 1763 1799 1910 fen meinerseits für uncorrect gehalten hätte. Uebrigens
278 1858 1779 1950 ist fast ausnahmslos bei allen Stücken, die von uns in
276 1948 1803 2047 Budapest in deutscher Sprache zur Darstellung gelangten,
282 2055 1845 2139 ein erheblich geringerer Tantiemensatz festgesetzt als in
272 2131 1749 2228 Berlin; dieser Umstand erklärt sich vielleicht daraus,
278 2228 1809 2322 dass ja sonst in Budapest ständige Aufführungen in deut-
278 2294 1860 2417 scher Sprache verboten sind.Ausserdem möchte ich in diesem
270 2393 1821 2491 Zusammenhang nicht unbemerkt lassen, dass meines Wissens
1427 2473 1658 2536 nicht
272 2477 1815 2634 unsers deutsche Aufführung der "Liebelei" wohl die erste
1962 845 2423 946 in Budapest war.
1964 910 3496 1055 Einen Vorwurf kann in dieser ganzen Angelegenheit, wenn
1968 1020 3490 1121 er überhaupt berechtigt ist, nur Ihren bevollmächtigten
1964 1119 2471 1216 Vertreter treffen.
1964 1163 3584 1292 Um aber die Angelegenheit endgültig zu erledigen, habe ich,
1968 1264 3564 1389 Ihrem Wunsche entsprechend veranlasst, dass der Betrag von
1950 1362 2938 1507 Kr. 183-15=M.155-70 an Sie abgeht.
2558 1540 3375 1648 In vorzüglichster Hochachtung
2779 1616 3399 1733 saln ergeben
2749 1717 3560 1882 Edmund Reinhardt
