4111 3705
2365 616 2532 775 10.0
1139 706 1628 850 Reinhard
1978 883 2391 974 9.10.1909.
1463 1167 2181 1296 Verehrter Herr Direktor!
1537 1325 2652 1506 Nochmals ersuche ich Sie allerdringendst
1301 1441 2601 1590 um die Rücksendung der beiden bei Ihnen befind¬
1558 1561 1785 1618 G.C.H.F.S.
1312 1537 2604 1675 lichen Medardusexemplare (es befinden sich xxxet
1670 1646 1988 1713 u
1315 1642 2670 1771 bei Ihnen, denn vor mehr als 14 Tagen wurde ich ja
1318 1714 2625 1890 zum Zwecke der Beschleuntgung der Angelegenheit
1322 1818 2706 1940 telegraphisch um Einsendung eines zweiten Exempla¬
1317 1924 2573 2055 res ersucht). Sobald ich die beiden Exemplare
1322 1990 2554 2110 habe, aber in heinem Falle früher, schicke ich
1339 2079 2568 2217 Ihnen das Exemplar mit den gleichen Strichen,
1341 2148 2668 2324 wie ich sie nun für eine eventuelle Burgtheater-
1346 2262 2646 2401 aufführung gemicht habe. Sie können mir ja dann
1346 2362 2587 2510 eventuell immer noch einige Striche mehr vor¬
1346 2420 2663 2573 schlagen. Jedenfalls werden Sie die Möglichkeit
1349 2508 2522 2658 haben sich an der Hand meines gestrichenen
1370 2611 2634 2763 Exemplares endgiltig zu entscheiden, ob Sie das
1389 2687 2709 2852 Stück spielen wollen oder nicht. Es ist mir wich-
1368 2783 2649 2949 lig über die Aufhührung, dass es von Stückkeit in
