2266 3571
260 670 1739 783 Strichvorschläge notiert, bitet, da auch die Andern das
260 771 1796 882 Stück lesen sollen um Fristverlängerung von 8 Tagen und
269 851 1548 960 zur Beschleuntgung um noch einen Bilrs tenabzug.
452 933 1808 1048 Die Frist wird gewährt, der zuette Abzug gesendet.
267 1033 1735 1122 Am 24. erhalte ich Ihr Telegramm, das die prinziptelle
275 1117 1756 1235 Geneigtheit ausspricht den Medardus in nächs ter Saison
275 1218 1716 1317 zu spielen unter der Voraussetzung, dass wir uns über
273 1292 1762 1416 die Szriche einigen.Wir stehen also genauf dort,wo wir
275 1378 1764 1508 am Abend nach der Vorj esung gestanden waren. Sie senden
265 1470 1739 1590 mir keine Strichvorschläge, hingegen erbitten Sie sich
273 1573 1756 1685 das moderne Stück zur Lektüre, das Sie evenuell schon
277 1651 1607 1754 in dieser Saison mit Bassermann spielen könnten.
435 1748 1687 1850 Ich erkläre Ihnen an 25., dass ich Ihrer Frage
282 1830 1766 1941 über das moderne Stück nach Erhalt etnes Vertrags über
271 1914 1684 2035 Medardus unverzüglich nähertreten werde und erbitie
273 2000 1768 2113 möglichst rasche Einsendung der “trichvorsch läge. Am 9.
288 2094 1769 2174 Oktober muss ich Sie wieder darum ersuchen, am 16. kom¬
281 2149 1745 2220 men beide Abzüge, der eine unverändert, der andere mit
288 2220 1792 2323 Ihren Strichvorschlügen und vorher noch das telegraphi¬
309 2300 1726 2401 sche Ansuchen um Einsendung des modernen Stücks. Ich
288 2407 1748 2514 schicke Ihnen in Eratderung ein Exemplar des Medardus
281 2478 1752 2586 mit meinen für das Burgtheater gemachten Strichen und
300 2588 1720 2657 stel le neuerdings, fest, dass ich einer Frage über das
250 2636 1678 2758 moderne Stück vor beledigung der Medardus-Ange lesen, teil
