2268 3623
386 748 1802 872 Bollen bei Ihnen nicht auch zu besete zn wären. Ohne
388 842 1881 937 dies zu verneinen ervähne ich doch, dass ich ungern mit
392 956 1865 1039 einem modernen Stück von Brahm schon mit Rücksicht auf
382 1029 1846 1118 mein persönlic es Verhältnis zu ihm wegginge. Ich fra¬
382 1123 1777 1200 ge Ste peiter,ob es Ihre ernste “bsicht sei und ob
392 1192 1867 1287 Die wirkliche Lust hätten den Medardus aufzuführen. Sie
386 1306 1869 1383 bejahen es aufs Lebhafteste,erwähnen, wohl, dass Sie in
386 1387 1887 1480 der heurigen Saison kaum Platz für dieses Stück hätten,
380 1478 1958 1578 erörtern wie schon en früheren Abenden gewisse Besetzungs¬
374 1580 1785 1659 fragen und wiederholen ausdrüe l ich, dass es nur auf
380 1649 1865 1765 die Einigung über die Striche anküme, um die Sache per¬
368 1735 1887 1820 fekt zu machen. Wir einigen uns an diesem Abend, dass ich
370 1814 1796 1914 diese Strichvorschläge nicht schon in acht Tagen,vie
368 1908 1796 2009 am Vor lesungsabend selbet bestimmt worden,sondern in
370 1989 1818 2097 vierzeh.: Tagen in Händen haben sollte.“Diesmal werden
362 2105 1820 2178 wir hoffentlich kein Pech miteinander haben",sage ich
366 2166 1790 2304 beim Abschied mit Anspielung auf eine Aeusserung, die
360 2278 1808 2391 Sie meiner Schwägerin gegenüber über unser bisheriges
360 2349 1651 2444 künstlerisches Verhältnis gemacht haben sollen.
460 2424 1790 2575 Am 12.Sertenber nach Ablauf der 14 Tage telegra-
344 2520 1790 2640 phiert mir Kahane, er habe im Rummel der Münchner Ar¬
362 2609 1773 2725 beit (man denkel) an meinem Stück gelesen, habe sich
