4095 3704
1713 600 1968 783 Oberge
1384 586 1516 820 V.
1648 806 1992 885 G.C.H.F.P.D.
1675 853 1785 958 G.C.F.P.
452 961 2070 1168 Gesammen, daß Sie einen zweiten Familieren
446 1101 2011 1306 inunter so gut wie freilig hatten. Jeden¬
438 1229 2013 1437 falls wird sich in sehr soweit Abend zusam¬
405 1347 2035 1587 manfallen lassen und es ist gar nicht notwen¬
433 1457 1990 1705 dig, daß sich zwischen den Stücken an
427 1612 1642 1825 sibterer Dmammenhang ergibt.
572 1703 2051 1964 Nochmals: unsern wärmsten Dank. Nur
409 1850 2041 2116 verlauben Sie, daß ich mit den herzlichsten
397 1958 2045 2267 Grüßen der Uhrung für die nur Ihre Frau
387 2159 1756 2401 Gemahlin schlimm als Str. ergebener
1036 2300 2013 2501 xx Kalerne
