<?xml version="1.0" encoding="UTF-8" standalone="yes"?>
<PcGts xmlns="http://schema.primaresearch.org/PAGE/gts/pagecontent/2013-07-15" xmlns:xsi="http://www.w3.org/2001/XMLSchema-instance" xsi:schemaLocation="http://schema.primaresearch.org/PAGE/gts/pagecontent/2013-07-15 http://schema.primaresearch.org/PAGE/gts/pagecontent/2013-07-15/pagecontent.xsd">
    <Metadata>
        <Creator>prov=READ-COOP:name=TrHtr:version=2.1.0:model_id=51170:date=25_07_2023_14:42</Creator>
        <Created>2023-05-01T22:06:12.587+02:00</Created>
        <LastChange>2023-07-25T14:42:32.459+02:00</LastChange>
        <TranskribusMetadata docId="1416472" pageId="54948345" pageNr="77" tsid="130683142" status="IN_PROGRESS" userId="64420" imgUrl="https://files.transkribus.eu/Get?id=LJDUCGCEKRJEKGJGHXNIAWLS&amp;fileType=view" xmlUrl="https://files.transkribus.eu/Get?id=KKCNNRNVJCMYMCDNBFNOWGZF" imageId="44452381"/>
    </Metadata>
    <Page imageFilename="1416472_0077.jpg" imageWidth="4089" imageHeight="3703">
        <ReadingOrder>
            <OrderedGroup id="ro_1711830045168" caption="Regions reading order">
                <RegionRefIndexed index="0" regionRef="tr_1"/>
            </OrderedGroup>
        </ReadingOrder>
        <TextRegion id="tr_1" custom="readingOrder {index:0;}">
            <Coords points="1155,711 2875,711 2875,2748 1155,2748"/>
            <TextLine id="tr_1_tl_1" custom="readingOrder {index:0;}">
                <Coords points="2377,770 2410,759 2499,814 2544,793 2679,807 2768,784 2874,832 2872,659 2821,667 2782,647 2723,679 2711,668 2643,690 2556,654 2377,679"/>
                <Baseline points="2386,770 2412,767 2457,767 2502,767 2547,767 2592,764 2636,764 2681,761 2726,767 2756,770 2801,770 2845,770 2875,770"/>
                <TextEquiv>
                    <Unicode>25.10.09 _</Unicode>
                </TextEquiv>
            </TextLine>
            <TextLine id="tr_1_tl_2" custom="readingOrder {index:1;}">
                <Coords points="2291,1033 2355,1011 2417,1033 2487,1017 2650,1033 2833,981 2835,908 2771,905 2730,931 2700,907 2652,928 2542,912 2467,930 2403,905 2323,928 2295,914"/>
                <Baseline points="2302,976 2344,973 2389,979 2433,979 2478,982 2523,979 2568,979 2613,976 2657,973 2702,973 2747,970 2792,964 2836,964"/>
                <TextEquiv>
                    <Unicode>den 25. Oktober 190</Unicode>
                </TextEquiv>
            </TextLine>
            <TextLine id="tr_1_tl_3" custom="readingOrder {index:2;}">
                <Coords points="1234,1100 1292,1097 1370,1136 1470,1129 1490,1148 1543,1123 1596,1145 1726,1127 1785,1139 1818,1125 1820,1043 1767,1026 1747,1043 1685,1026 1596,1045 1475,1029 1433,1052 1397,1036 1235,1038"/>
                <Baseline points="1245,1084 1287,1081 1331,1081 1376,1081 1421,1081 1466,1081 1511,1081 1555,1081 1600,1081 1645,1078 1690,1075 1735,1072 1779,1072 1824,1069"/>
                <TextEquiv>
                    <Unicode>Deutsches Theater zu Berlin</Unicode>
                </TextEquiv>
            </TextLine>
            <TextLine id="tr_1_tl_4" custom="readingOrder {index:3;}">
                <Coords points="1402,1228 1424,1232 1433,1241 1458,1234 1507,1239 1534,1230 1580,1232 1582,1132 1538,1125 1506,1145 1482,1143 1449,1159 1404,1152"/>
                <Baseline points="1412,1230 1451,1227 1496,1227 1540,1224 1585,1227"/>
                <TextEquiv>
                    <Unicode>Herrn</Unicode>
                </TextEquiv>
            </TextLine>
            <TextLine id="tr_1_tl_5" custom="readingOrder {index:4;}">
                <Coords points="1564,1338 1676,1315 1809,1331 1914,1310 1945,1328 2001,1312 2161,1321 2163,1234 2124,1219 2042,1237 1920,1221 1786,1246 1568,1239"/>
                <Baseline points="1576,1319 1582,1316 1627,1313 1672,1313 1717,1313 1761,1310 1806,1310 1851,1310 1896,1307 1941,1305 1985,1305 2030,1305 2075,1305 2120,1302 2165,1305"/>
                <TextEquiv>
                    <Unicode>Dr. Arthur Schnitzler</Unicode>
                </TextEquiv>
            </TextLine>
            <TextLine id="tr_1_tl_6" custom="readingOrder {index:5;}">
                <Coords points="2225,1376 2234,1376 2243,1385 2254,1374 2275,1385 2286,1379 2304,1383 2298,1299 2282,1296 2270,1299 2266,1296 2241,1310 2231,1305 2220,1305"/>
                <Baseline points="2233,1367 2278,1370 2305,1370"/>
                <TextEquiv>
                    <Unicode>H.P.</Unicode>
                </TextEquiv>
            </TextLine>
            <TextLine id="tr_1_tl_7" custom="readingOrder {index:6;}">
                <Coords points="2353,1399 2414,1386 2439,1404 2476,1401 2510,1385 2572,1399 2590,1385 2636,1395 2654,1381 2686,1397 2730,1379 2764,1383 2766,1317 2741,1312 2556,1310 2490,1335 2451,1335 2389,1308 2357,1315"/>
                <Baseline points="2365,1382 2409,1382 2454,1382 2499,1382 2544,1382 2589,1382 2633,1379 2678,1376 2723,1373 2768,1373"/>
                <TextEquiv>
                    <Unicode>W i e-n XVIII</Unicode>
                </TextEquiv>
            </TextLine>
            <TextLine id="tr_1_tl_8" custom="readingOrder {index:7;}">
                <Coords points="2229,1434 2289,1447 2323,1431 2391,1470 2462,1477 2746,1450 2816,1472 2819,1374 2684,1397 2654,1383 2439,1404 2229,1395"/>
                <Baseline points="2239,1424 2284,1427 2329,1424 2374,1424 2418,1421 2463,1421 2508,1421 2553,1418 2598,1418 2642,1418 2687,1415 2732,1415 2777,1415 2822,1418"/>
                <TextEquiv>
                    <Unicode>...¬</Unicode>
                </TextEquiv>
            </TextLine>
            <TextLine id="tr_1_tl_9" custom="readingOrder {index:8;}">
                <Coords points="2300,1578 2341,1573 2369,1589 2433,1570 2494,1577 2572,1543 2604,1554 2622,1541 2648,1559 2720,1539 2744,1548 2748,1456 2590,1474 2567,1456 2462,1479 2448,1466 2377,1470 2343,1436 2304,1431"/>
                <Baseline points="2311,1525 2347,1523 2392,1520 2436,1520 2481,1517 2526,1520 2571,1517 2615,1514 2660,1514 2705,1511 2750,1511"/>
                <TextEquiv>
                    <Unicode>Spoettelgasse 7</Unicode>
                </TextEquiv>
            </TextLine>
            <TextLine id="tr_1_tl_10" custom="readingOrder {index:9;}">
                <Coords points="1525,1772 1721,1788 1925,1737 1950,1760 2085,1740 2172,1774 2245,1742 2245,1667 2190,1655 1873,1680 1758,1658 1671,1682 1619,1658 1527,1667"/>
                <Baseline points="1537,1723 1576,1720 1621,1717 1666,1720 1711,1717 1755,1717 1800,1714 1845,1714 1890,1714 1935,1711 1979,1711 2024,1711 2069,1708 2114,1708 2159,1705 2203,1708 2248,1711"/>
                <TextEquiv>
                    <Unicode>Sehr geehrter Herr Doktor,</Unicode>
                </TextEquiv>
            </TextLine>
            <TextLine id="tr_1_tl_11" custom="readingOrder {index:10;}">
                <Coords points="1527,1886 2812,1856 2837,1762 1530,1770"/>
                <Baseline points="1537,1857 1540,1857 1585,1854 1630,1854 1675,1854 1720,1851 1764,1851 1809,1851 1854,1848 1899,1848 1944,1848 1988,1845 2033,1845 2078,1845 2123,1842 2168,1839 2212,1839 2257,1839 2302,1836 2347,1836 2392,1836 2436,1836 2481,1833 2526,1833 2571,1830 2615,1830 2660,1827 2705,1827 2750,1827 2795,1830 2839,1830"/>
                <TextEquiv>
                    <Unicode>Sie waren in Ihrem letzten Brief so freundlich,</Unicode>
                </TextEquiv>
            </TextLine>
            <TextLine id="tr_1_tl_12" custom="readingOrder {index:11;}">
                <Coords points="1150,1955 1161,1957 1184,1945 1207,1948 1210,1952 1232,1941 1241,1941 1234,1838 1223,1841 1196,1833 1180,1850 1171,1845 1155,1854 1143,1854"/>
                <Baseline points="1155,1887 1194,1884 1241,1892"/>
                <TextEquiv>
                    <Unicode>P.</Unicode>
                </TextEquiv>
            </TextLine>
            <TextLine id="tr_1_tl_13" custom="readingOrder {index:12;}">
                <Coords points="1426,1957 2702,1929 2796,1969 2851,1950 2853,1879 1427,1884"/>
                <Baseline points="1436,1944 1469,1947 1514,1944 1558,1944 1603,1944 1648,1941 1693,1941 1738,1941 1782,1941 1827,1941 1872,1938 1917,1938 1961,1935 2006,1932 2051,1932 2096,1932 2141,1929 2185,1929 2230,1929 2275,1926 2320,1926 2365,1923 2409,1923 2454,1923 2499,1920 2544,1920 2589,1917 2633,1917 2678,1917 2723,1914 2768,1914 2813,1911 2857,1914"/>
                <TextEquiv>
                    <Unicode>uns auf den sprachlichen Unterschied zwischen "näher</Unicode>
                </TextEquiv>
            </TextLine>
            <TextLine id="tr_1_tl_14" custom="readingOrder {index:13;}">
                <Coords points="1436,2053 2700,2033 2787,2009 2789,1950 1438,1977"/>
                <Baseline points="1448,2033 1493,2036 1537,2033 1582,2033 1627,2033 1672,2030 1717,2030 1761,2033 1806,2030 1851,2027 1896,2027 1941,2024 1985,2024 2030,2024 2075,2021 2120,2021 2165,2021 2209,2018 2254,2018 2299,2015 2344,2015 2389,2015 2433,2012 2478,2012 2523,2012 2568,2009 2613,2006 2657,2006 2702,2003 2747,2003 2792,2006"/>
                <TextEquiv>
                    <Unicode>treten" und "übergeben" aufmerksam zu machen. Wir</Unicode>
                </TextEquiv>
            </TextLine>
            <TextLine id="tr_1_tl_15" custom="readingOrder {index:14;}">
                <Coords points="1424,2135 2821,2105 2816,2049 2608,2025 1426,2065"/>
                <Baseline points="1433,2126 1436,2126 1481,2126 1525,2126 1570,2126 1615,2123 1660,2123 1705,2123 1749,2120 1794,2120 1839,2117 1884,2117 1929,2117 1973,2114 2018,2114 2063,2111 2108,2111 2153,2108 2197,2108 2242,2108 2287,2108 2332,2108 2377,2105 2421,2105 2466,2102 2511,2102 2556,2099 2601,2099 2645,2096 2690,2096 2735,2093 2780,2093 2825,2099"/>
                <TextEquiv>
                    <Unicode>möchten das dankend quittieren, uns indessen die An-</Unicode>
                </TextEquiv>
            </TextLine>
            <TextLine id="tr_1_tl_16" custom="readingOrder {index:15;}">
                <Coords points="1429,2222 1566,2249 2791,2190 2762,2135 2599,2108 2161,2160 1431,2133"/>
                <Baseline points="1439,2218 1451,2215 1496,2215 1540,2218 1585,2212 1630,2212 1675,2215 1720,2212 1764,2212 1809,2209 1854,2209 1899,2206 1944,2206 1988,2203 2033,2203 2078,2203 2123,2200 2168,2200 2212,2197 2257,2197 2302,2197 2347,2194 2392,2194 2436,2194 2481,2191 2526,2191 2571,2191 2615,2188 2660,2185 2705,2185 2750,2185 2795,2182"/>
                <TextEquiv>
                    <Unicode>frage erlauben, was wir in diesem Fall eigentlich</Unicode>
                </TextEquiv>
            </TextLine>
            <TextLine id="tr_1_tl_17" custom="readingOrder {index:16;}">
                <Coords points="1427,2318 2647,2307 2844,2291 2846,2225 1431,2231"/>
                <Baseline points="1439,2305 1460,2305 1505,2308 1549,2305 1594,2305 1639,2305 1684,2302 1729,2302 1773,2302 1818,2302 1863,2299 1908,2299 1953,2296 1997,2296 2042,2296 2087,2293 2132,2293 2177,2290 2221,2290 2266,2287 2311,2287 2356,2287 2400,2284 2445,2284 2490,2281 2535,2281 2580,2278 2624,2278 2669,2278 2714,2278 2759,2275 2804,2275 2848,2278"/>
                <TextEquiv>
                    <Unicode>unter "näher treten" sonst hätten verstehen sollen?</Unicode>
                </TextEquiv>
            </TextLine>
            <TextLine id="tr_1_tl_18" custom="readingOrder {index:17;}">
                <Coords points="1438,2403 2638,2403 2766,2385 2768,2314 1440,2323"/>
                <Baseline points="1448,2392 1472,2395 1517,2395 1561,2395 1606,2395 1651,2395 1696,2392 1741,2392 1785,2392 1830,2392 1875,2389 1920,2386 1964,2386 2009,2386 2054,2383 2099,2383 2144,2380 2188,2383 2233,2380 2278,2380 2323,2377 2368,2374 2412,2374 2457,2374 2502,2371 2547,2371 2592,2371 2636,2371 2681,2365 2726,2365 2771,2368"/>
                <TextEquiv>
                    <Unicode>Wir sind nicht bescheiden genug, anzunehmen, dass</Unicode>
                </TextEquiv>
            </TextLine>
            <TextLine id="tr_1_tl_19" custom="readingOrder {index:18;}">
                <Coords points="1438,2496 2764,2492 2805,2389 1440,2430"/>
                <Baseline points="1448,2487 1463,2487 1508,2487 1552,2487 1597,2484 1642,2484 1687,2481 1732,2481 1776,2478 1821,2478 1866,2478 1911,2475 1956,2475 2000,2475 2045,2475 2090,2472 2135,2472 2179,2469 2224,2469 2269,2466 2314,2466 2359,2463 2403,2463 2448,2463 2493,2460 2538,2460 2583,2460 2627,2457 2672,2457 2717,2454 2762,2451 2807,2454"/>
                <TextEquiv>
                    <Unicode>damit nur die Erlaubnis gemeint sein soll, nach Ab-</Unicode>
                </TextEquiv>
            </TextLine>
            <TextLine id="tr_1_tl_20" custom="readingOrder {index:19;}">
                <Coords points="1431,2597 2613,2581 2764,2560 2766,2485 1434,2513"/>
                <Baseline points="1442,2580 1469,2577 1514,2577 1558,2577 1603,2574 1648,2574 1693,2571 1738,2571 1782,2571 1827,2568 1872,2568 1917,2565 1961,2565 2006,2565 2051,2562 2096,2562 2141,2559 2185,2559 2230,2559 2275,2556 2320,2553 2365,2553 2409,2550 2454,2550 2499,2550 2544,2547 2589,2547 2633,2547 2678,2547 2723,2547 2768,2550"/>
                <TextEquiv>
                    <Unicode>schluss des Vertrages über "Medardus" neuerdings</Unicode>
                </TextEquiv>
            </TextLine>
            <TextLine id="tr_1_tl_21" custom="readingOrder {index:20;}">
                <Coords points="1433,2679 2826,2652 2860,2570 1434,2625"/>
                <Baseline points="1445,2669 1475,2666 1520,2669 1564,2669 1609,2666 1654,2663 1699,2663 1743,2660 1788,2660 1833,2660 1878,2660 1923,2660 1967,2657 2012,2657 2057,2654 2102,2654 2147,2651 2191,2651 2236,2648 2281,2648 2326,2645 2371,2645 2415,2645 2460,2642 2505,2639 2550,2639 2595,2636 2639,2636 2684,2636 2729,2633 2774,2633 2819,2633 2863,2636"/>
                <TextEquiv>
                    <Unicode>wegen des modernen Stückes an Sie heranzutreten. Da</Unicode>
                </TextEquiv>
            </TextLine>
            <TextLine id="tr_1_tl_22" custom="readingOrder {index:21;}">
                <Coords points="2624,2752 2663,2752 2682,2759 2709,2746 2721,2750 2760,2743 2769,2752 2800,2748 2800,2686 2782,2688 2753,2677 2743,2680 2736,2673 2711,2684 2691,2682 2656,2702 2624,2709"/>
                <Baseline points="2633,2738 2678,2732 2723,2732 2768,2735 2804,2738"/>
                <TextEquiv>
                    <Unicode>wir</Unicode>
                </TextEquiv>
            </TextLine>
        </TextRegion>
    </Page>
</PcGts>
