4111 3705
2265 885 2835 1043 den 18. Oktober 1909.
1207 1025 1812 1129 Deutsches Theater zu Berlin
1461 1275 1644 1392 Herrn
1630 1334 2256 1472 Dr. Arthur Schnitzler,
2431 1390 2801 1485 Wien XVIII
2281 1447 2889 1547 ʀ ʒ  =================
2383 1517 2817 1637 Spoettelgasse 7
1621 1701 2392 1841 Sehr verehrter Herr Doktor,
1638 1789 2896 1944 In Beantwortung Ihres heutigen Schreibens er¬
1177 1837 1277 1944 De'
1506 1896 2860 2025 laube ich mir die Anfrage ob Sie am 24. September
1517 1998 2313 2127 folgendes Telegramm erhalten:
1538 2032 2774 2164 "Arthur Schnitzler,Wien XVIII spoettelgasse 7
1667 2080 2855 2197 Unser Münchner Gastspiel beendet. Haben nun
1528 2113 2951 2252 Ihr Werk nochmals gelesen, sind heute hier zusammen-
1529 2175 2926 2320 gekommen. Erklären uns nach gründlicher Besprechung
1531 2231 2873 2350 prinzipiell geneigt "Medardus" zu spielen. Aller-
1533 2257 2871 2395 dings ist es uns trotz eingehendster Ueberlegung
1540 2320 2860 2440 der Repertoirmöglichkeit beider Theater nicht ge
1545 2343 2944 2492 lungen in den guten Monaten dieses Spieljahres noch
1551 2406 2941 2524 einen Platz zu schaffen, wenn wir die Rollen so be-
1554 2445 2914 2565 setzen wollen, wie als notwendig zwischen uns be¬
1558 2486 2891 2619 sprochen. Dagegen würden wir in der darauffolgen-
1547 2528 2987 2658 den Saison Ihnen einen guten Boden sichern in selbst-
1554 2578 2962 2706 verständlicher Voraussetzung, dass uns über Striche
1558 2621 2941 2751 einigen. Möchten Sie aber herzlich bitten uns auch
1558 2676 2964 2826 Ihr anderes Stück wenigstens zur Lektüre zu senden.
