4111 3705
2175 634 2531 793 zu 16.10.08
1280 857 2631 1040 noch die von Ihnen vorgeschlagenen Striche durch¬
1280 979 2547 1121 aus festzuhalten sind, überlasse ich in letzter
1273 1078 2610 1203 Instanz direkterialer Entscheidung. Den Traumbly
1230 1158 2607 1292 ganz zu eliminieren schien mir nicht sehr rütlich,
1277 1234 2557 1393 aber wenn es sein muss, lässt sich auf ihn ver¬
1285 1326 2610 1479 zichten. Warnen möchte ich davor die paa, Diolog-
1290 1452 2514 1556 stellen in der letzten Szene des 2. Aktes zu
1292 1518 2589 1650 streichen, wo Eschenbacher höchst Aufschlussret¬
1304 1630 2619 1727 ches über das Wesen des Medardus sagt.Es werden
1297 1676 2646 1808 sich wohl noch hier und dort kleinere und grösse-
1296 1793 2648 1895 re Stellen finden, die sich auf der Bühne als ent¬
1292 1870 2649 1993 behrlich erwiesen. Jedenfalls aber denke ich gibt
1302 1973 2603 2106 das Ihnen jetzt vorliegende Exemplar ein klares
1297 2077 2629 2185 Bild inwieweit es möglich ist das Stück den For-
1308 2149 2613 2293 derungen des Theaters anzupassen und Sie werden
1309 2211 2687 2343 sich nun hoffentlich bald erklären können, ob Sie's
1308 2329 1983 2451 wagen wollen oder nicht.
1474 2394 2612 2552 Es wundert mich, dass Sie immer wieder auf
1313 2507 2540 2639 mein anderes Stück zurückkommen und gar etne
1306 2596 2543 2718 Einsendung desselben wünschen, nachdem ich ja
1328 2665 2675 2800 schon ausdrücklich festgestellt habe, dass ich der
1316 2775 2675 2907 fragen und Erledigung unserer Medardus-Angelegen¬
