2268 3623
371 819 1867 971 getreten.Nach der Wiener Aufführung der Komtesse Mizzt
373 943 1830 1036 bewarben sich ausser Brahm xxxrei andere Berliner Thea-
379 1023 1851 1145 ter um das Aufführungsrecht, ich überliess sie zu ange
381 1116 1797 1227 messenen Bedingungen an Brahm.Es lagen überdies vor
379 1214 1860 1299 der Schleter der Pierette,Pantonime mit Musik von Doh¬
371 1296 1821 1414 naniy, der Tapfere Cassian Singspiel mit Musik von Os¬
382 1366 1841 1487 kar „traus. Diese beiden kleinen Werke waren Ihnen zu¬
386 1465 1760 1583 gedacht wie Sie wissen.Ueber den burlesken Versuch
377 1531 1806 1671 Kahanes mich oder meine Unverlässlichkeit dafür ver¬
381 1645 1758 1765 antwortlich zu machen, dass Ihnen zum mindesten des
381 1732 1737 1834 Ersaufführungsrecht der beiden Sachen entging, ist
386 1827 1793 1936 umso weniger ein Wort zu verlieren, als eine gemein¬
386 1918 1834 2025 schaftliche Aufführung der beiden kleinen Werke gera¬
392 2012 1821 2109 de in den Kammerspielen durchaus in meinem Interesse
386 2092 1758 2200 gelegen wäre, dass ich eine solche Zusammenstellung
392 2183 1849 2300 stets auch für das hilnstlerisch Richtigste hielt, eine
386 2268 1743 2376 Meinung, die ich sowohl den beiden Komponisten als
386 2350 1821 2469 Slwiwinski und Her###nsky gegenüber vertrat,-und als
395 2450 1851 2562 ferner feststeht, dass zu der entscheidenen Zeit weder
386 2532 1802 2649 Dohnanty noch Oshar Straus es erreichen konnten von
399 2615 1793 2723 Ihnen empfangen zu werden. (Dass,vie ich von dritter
386 2718 1814 2829 Seite höre, Sie sich in den letzten Wochen wieder um
394 2823 1873 2983 die Ernerbung der Pantomime bemüht haben gehört nicht
