4085 3705
2502 520 2766 653 30.71.04
2799 610 2909 681 i
1309 675 1853 775 Kleines Theater « Neues Theater
1491 738 1647 794 zu Berlin
2367 734 2930 867 den 30. Nov. 1904
1248 726 2187 896 Dirktion und Bureau: Schiffbauerdamm 4a-5. Bitte
1385 886 2717 1062 Lieber, sehr verehrter Doctor Schützen,
1684 988 2917 1152 Es hat sich bei den bittler Aufführungen
1408 1121 2852 1303 Chs „Kakad“ herausgestellt, daß siez tats inwe¬
1408 1172 2960 1393 Das Subtikum der Wockenlagsvorstellungen dem „Kassian“
1408 1311 2893 1514 Gegenüber absolut verständnisslos verhält: Gestern
1408 1422 2850 1618 J. B. rührte sich keine Haus, während nach dem
1426 1516 2936 1706 "Kakade" ein ortentativ lauter immer kräftiger Beifall
1412 1592 2915 1790 arbe. Wenn ich Ihnen in meinem Übsten Brief An¬
1414 1675 2927 1905 deres schrieb, so war das auf Grund der Som¬
1297 1784 1365 1880 anschlüss
1399 1810 2954 2033 tageserfahrung. Aber von Gestern nur heute wurde
1401 1900 2907 2107 uns von überreichtsinnens berichtet, so daß
1393 2009 2833 2224 Reinhardt von die Frage aufnötigte, ob u.
1410 2113 2897 2320 nur dieser überdrücklicher Meinungsäusserung
1412 2193 2960 2408 des Püberxx- nicht dich das Klugste wäre,
1410 2310 2938 2535 den Kakade ohne den „Kassian“ zu spielen. Wir
1408 2400 2991 2674 Glauben, daß dies in misdem wie in Ihrem
1381 2569 2919 2799 Istdem überneten das Beste wäre.
