4095 3704
2605 583 2897 707 2,11,04
1284 681 1889 847 Kleines Theater Neues Theater
1545 794 1697 849 zu Berlin
1987 723 2981 929 Berlin,  den 2. 11. 1804
1319 794 1922 923 Drektion und Bureau: Schiff bauerdamm 4a-5.
1334 916 2324 1108 Hovermeister Herr Doctor,
1569 1010 2942 1232 Anber der Vertrag. Wenn er Ihnen in
1260 1132 2951 1369 ichts einen wiedersten Punkte nicht entspreicht, so
1271 1223 3025 1428 andern Sie zuhög und senden Sie ihn unterschrieben
1282 1336 2912 1499 zurück: Sie schalten dann sofort (wirkweich
1308 1469 2242 1652 kehrt) Am Hegenantrag.
1569 1467 2905 1704 Wer haben einen weiteren Termin
1338 1610 2877 1832 Verweignetert, wollen das aber für eine
1314 1695 2995 1924 pénie Formaise. Da "grüne Kakadu" ist
1334 1778 3029 2017 Als erste Novität des Kleinen Theaters angenom¬
1323 1872 3010 2094 men und wir halten, wenn nicht ganz Ausso¬
1332 1989 3040 2209 ordenter des und Unvorhergeschnung in Wits¬
1334 2067 3016 2294 vom 19. November fest. Da die Verben bereits
1314 2148 3027 2427 den Genüge sind nur Vallantin sich der Carke mit
1336 2255 2962 2524 vollches Fleine nur aller Hingsbung wie¬
1343 2372 3008 2638 met, wird der Termin ohne Schwierigkeit
1349 2588 1959 2720 einzuhalten sein.
1597 2614 3066 2831 Die Vertrömigurantie wurde aus zweitigiellen
