4085 3705
2406 510 2708 654 28.11.04
2786 561 2905 684 1
1272 618 1807 733 Kleines Theater * Neues Theater
1463 694 1610 743 zu Berlin
1236 705 1846 813 Direktion und Bureau: Schiff bauerdamm 4a-5.
1894 663 2929 830 Butre, den 28. Nov. 1904
1272 852 2574 1096 Lieber hochwiederter Herr Doctor,
1540 996 2910 1204 Den weiteren Gang der Enerme-Angelegen¬
1317 1147 2706 1306 keit wirnn Sie zu wol wirn gröstentiels.
2788 1168 2895 1249 ans
1172 1215 2888 1461 ausgekündigten Dn Haus belörmä wurde xyz officiellen
1308 1376 1994 1512 Gründen verboten.
1557 1385 2805 1565 Fr. Bln. Börncourder brachte immer
1276 1512 2185 1671 Notiz am folgenden Tagen.
1561 1544 2888 1780 Sie „Bal. Tugeblatt" klingelte um sofort
1228 1650 1317 1833 Anschlüsse: III, 1
1344 1640 2905 1858 nach Erhalt unserer Zuschrift an nur freyte
1366 1735 2929 1939 ob wir darauf bestimmen, daß sie die Notiz¬
1357 1812 2907 2028 brächten: in diesem Falle würden zu istien, aber
1323 1926 2916 2139 mit einer Glässe des Inte alts, daß sie nach ihrem
1315 2011 2797 2258 informationen von noch anderer Seite als dieser
1338 2100 2927 2317 De Correspondenz Renner darauf bestehen mussten,
1327 2194 2927 2455 daß siez Regre nur herauspieler gegen den Stück
1342 2277 2861 2559 Gerträubt hätten. Und weil eine so lese Poli¬
1315 2430 2865 2636 mit uns unter allen Umständen unerfreulen
1329 2544 2833 2776 und peutrez schènes, verzienteten und daraus,
1317 2672 2782 2890 unsofreben, weil wir ja wünsten, daß
