4096 3588
259 743 1665 902 Sperettenschablone zu durchbrechen. Freilich müsste
253 840 1804 982 Straus durchaus, worauf wir in unserer ersten Anfrage an
257 922 1844 1067 ihn ausdrücklich hingewiesen haben, im Auge behalten, dass
259 1004 1870 1157 es sich um Schauspieler handelt, und dürfte dementsprechend
259 1129 1836 1247 die gesanglichen Schwierigkeiten der Aufgabe nicht compli-
259 1195 1802 1324 zieren. Natürlich besteht für uns weder eine Möglichkeit
257 1298 1774 1414 noch auch irgend eine Raison, im Rahmen unserer Theater
253 1380 1870 1499 mit Operettensängern zu arbeiten. Wir hoffen, dass Sie sich
259 1478 1826 1577 in diesen Punkten unserer Meinung anschliessen werden und
259 1557 1424 1701 mit Oscar Straus in diesem Sinne sprechen.
570 1641 1818 1760 Mit den besten Grüssen von Direktor Reinhardt
341 1744 1486 1876 und dem Ausdruck herzlichster Hochachtung
643 1856 1135 2063 Kr ergebener
709 2037 1637 2216 Ce'une Vanane
3186 482 3485 615 23.2.09
2493 494 3015 707 Reinhardt
1955 518 2079 733 2
2987 679 3572 838 den 23. Februar 1909
1965 791 2539 932 Deutsches Theater zu Berlin
2051 938 2840 1093 Herrn Dr. Arthur Schnitzler,
2814 1026 3059 1115 Wien.
2860 1089 3174 1197 .................¬
2063 1165 2808 1272 Sehr verehrter Herr Doktor,
2063 1225 3612 1364 im Auftrage Direktor Reinhardts habe ich Ihnen nebst den
2065 1352 3618 1440 besten Grüssen heute folgende Antwort auf Ihren Brief zu
2065 1444 3578 1527 übermitteln. Die Voraussetzung sowohl für die Erwerbung
2069 1488 3626 1623 des "Tapferen Kassian" als auch für die von uns eingelei-
2071 1619 3578 1721 teten Unterhandlungen mit Oscar Straus war durchaus die
2059 1697 3602 1806 Darstellung durch stimmbegabte Schauspieler, wie wir sie
2075 1796 3533 1894 in Moissi, Harry Walden und Eise Kupfer besitzen. Wir
2059 1882 3660 1989 haben mit diesen Kräften jetzt die stark mit Liedern durch
2069 1969 3646 2067 setzte "Revolution in Krähwinkel" gespielt und haben s.Zt.
2069 2061 3578 2163 in einer Sommeraufführung den "Orpheus" herausgebracht,
2069 2129 3654 2232 für den wir nur eine einzige Sängerin hinzuzogen. Es hies-
2069 2234 3636 2324 se auf den wesentlichsten Reiz unseres Planes verzichten,
2055 2328 3588 2427 wenn wir die Schauspieler dabei ausschalteten, die nach
2055 2402 3568 2525 unserem Erfahren allein im stande sind, jene alte üble
