4098 3704
2179 376 2651 549 13/11 "   11.8.05
2744 465 2848 570 1
1225 555 1768 650 Kleines Theater Neues Theater
1415 624 1576 677 zu Berlin
2015 582 2872 745 Buckow, den 11. Aug. 1805
1194 622 1815 770 Direktion und Bureau: Schiffbauerdamm 4a-5.
1258 816 2608 1012 Lieber, sehr verührter Herr Doctor,
1770 1008 2798 1158 Wir bitten Sie sehr, uns
1258 1121 2848 1262 recht bald Nachricht zukommen zu lassen.
1241 1210 2736 1348 erstens, ob die Zeitungsmeldung
1231 1297 2833 1394 stimmt, daß Sie das eine Stück
1220 1367 2870 1512 fertig und es Brahm übergaben
1245 1460 2883 1586 haben und ob wir zweitens in diesem
1225 1528 2846 1669 ¬falle wenigstens mit einiger Be¬
1241 1600 2885 1724 stimmtheit auf das Andere rech¬
1280 1683 2920 1772 nen können. Oder ob diese Notizen
1233 1766 2891 1883 verfrüht waren und Sie noch in
1291 1825 2885 1949 der Arbeit und unentschieden
1299 1900 2899 2034 wurd. Jedenfalls braucht es keiner
1280 1958 2887 2092 weiteren Versicherung, daß kein
1307 2036 2897 2191 hardt auperordentlich viel daran
1309 2137 2872 2284 gelegen ist, ein neues Stück
1293 2201 2874 2358 von Ihnen im Verlaufe Diejer
1278 2284 2910 2443 Saison heraus zubringen und daß
1247 2379 2879 2521 wir jetzt wenigstens unzufähr
1249 2480 2837 2616 wissen möchten, welchen Zeit
