4095 3695
841 1200 1885 1329 am 6. Mai gab uns Direktor Faludi,
583 1325 1861 1422 wie Sie aus der anbei erfolgenden Depesche
590 1422 1949 1539 ersehen, Kenntnis von den Schwierigkeiten, die
609 1537 1949 1648 dadurch entfanden, daß das Aufführungsrecht
617 1646 1932 1756 für Budapest durch Wirich bereits an Beorthig¬
624 1727 1966 1861 vergeben war. Wir wandten uns deshalb sofort
632 1866 1966 1980 an Sie und an demselben Tage auch noch direkt
634 1959 1917 2048 an Broethy, der das gleichfalls mitfolgende
651 2053 1949 2156 Telegramm sandte. Zunmehr verfändigten
654 2144 1965 2273 wir das Tigszircház von dem günstigen Re¬
653 2270 1934 2405 fultät und dieses setzte seinerseits die schwa¬
644 2376 1866 2522 benden formellen Vertragsverhandlungen
647 2454 1946 2593 mit Einich ortnungsgemäß fort. Selbstver¬
658 2595 1944 2717 ständlich haben wir, wie schon in unserer De¬
656 2704 1932 2829 welche von gestern Abend ausgedruckt, irgend¬
3148 637 3426 751 23.8.08
3553 629 3660 814 1
3026 785 3617 939 den 23. August 190 8
2214 710 2427 961 P
2020 936 2627 1029 Deutsches Theater zu Berlin
2136 1010 2517 1086 Direktion Max Reinhardt
2515 1102 3437 1220 Herrn Dr. Arthur Schnitzler,
2817 1198 3583 1315 3. 9t. Seis, Tirol
2398 1398 3297 1531 Sehr verehrter Herr Dokbr,
2042 1500 2190 1626 ge
2788 1578 3704 1685 wir nehmen ergeben so Bezug
2431 1678 3721 1768 auf unsern Depeschensechsel von vorgestern
2226 1681 2331 1766 F.
2431 1768 3727 1909 und gestern und empfingen inzwischen Ihr
2459 1893 3732 1997 gesch. Schreiben vom 20. Xr. Wir übersenden
2209 1954 2305 2063 a
2458 1981 3731 2090 Ihnen anbei zwei Originaldeßeschen (von
2473 2093 3753 2222 (Jaludi- 6.5.08)  und Benantsÿ. – J. 5.08-
2478 2190 3722 2307 und bemerken zur Klärung des Nach¬
2488 2295 3265 2439 verhaltet nach folgender:
2754 2407 3746 2542 Bereits Ende April ds. Js. hatte sich
2471 2510 3697 2656 das Vigszinház mit Dr. Eirich wegen
2493 2620 3753 2753 Erwerbung des Aufführungsrechtes von
2495 2724 3727 2876 „Diebelei in Verbindung“ gesetzt, und
