2266 3571
1477 493 1823 613 22. 41. 10.
313 602 601 772 Rent
1356 756 1900 848 den 22. November 190
346 880 927 986 Deutsches Theater zu Berlin
569 1173 1263 1289 Herrn Dr. Arthur Schnitzler
1312 1259 1454 1341 Wien
1385 1353 1498 1452 ====
608 1436 1273 1568 Sehr geehrter Herr Doktor,
765 1501 2026 1646 vor Kurzem war ich mit Herrn Fischer zusammen, wir
595 1614 1971 1768 sprachen viel von Ihrem schönen neuen Stück „Der junge
1779 1694 1879 1738 G.C.F.P
606 1692 1991 1826 Medardus", und Herr Fischer meint, es wäre ein Wunso###
662 1798 963 1876 même ses amortes.
608 1802 2003 1932 von Ihnen, dass das Stück im Deutschen Theater gespielt
615 1899 2005 2031 würde. Am nächsten Tage habe ich mit Max Reinhardt über
608 1987 2001 2097 diese Angelegenheit eine längere Unterredung gehabt. Er
615 2070 2012 2224 will den „Medardus" auch gern bringen, jedoch bleibt er
618 2162 1998 2319 bei seinem seinerzeitigen Entschluss, er wünscht, dass
613 2273 2036 2413 Sie ihn auch Ihr anderes neues Stück überlassen. Der Me-
627 2367 2045 2496 dardus kann in Berlin blos im Deutsohen Theater gespielt
632 2441 2031 2582 werden, keineandere Berliner Bühne ist in der Lage, das
