2268 3623
401 839 639 990 hieher).
532 946 1877 1068 Nach all dem kann es wohl nur einer sehr aneckbe¬
406 1049 1825 1146 wussten Vergesslichkeit in den Zinn kommen mich als
406 1146 1869 1234 einen Autor hinzustellen, dem es an Neigung fehle mit
404 1221 1835 1349 Ihnen in eine künstlerische Verbindung einzutreten.
404 1324 1784 1415 Aber sehen wir einmal inwieweit der Fall Medardus
431 1413 1766 1515 allein geeignet sein könnte Inhalt und Ton Ihres
404 1501 1419 1606 letztes Telegramms zu rechtfertigen.
509 1579 1845 1690 Am 30. Juni telegraphieren Sie mir, dass Sie durch
414 1688 1764 1768 Trebitsch erfahren hätten, ich habe ein neues Werk
412 1776 1871 1866 vollendet und erbitten Einsendung oder ein zusagendes
410 1850 1787 1938 Wort.Ende August fahre ich nach München, lese ihnen
410 1932 1879 2049 und äveien Ihrer Dramaturgen den Medardus vor, Sie er-
416 2030 1808 2115 klären sich im Prinzip bereit das Stück zu spielen,
414 2110 1791 2236 wenn wir uns über die bei der beträchtlichen Länge
416 2201 1799 2295 des Werkes notwendigen Striche einigen sollten. Von
422 2304 1902 2392 irgend einer anderen Bedingung,insbesondere der Ueber-
416 2392 1799 2484 lassung eines meiten Werkes war nicht die Rede. Am
408 2472 1803 2585 Abend unseres letzten Zusammenseins in München er¬
410 2556 1856 2670 wähne ich Ihnen gegenüber, dass ich auch ein modernes
412 2661 1890 2762 Stück vollendet habe und frage scherzend, ob Sie Brahm
414 2737 1827 2848 nicht den Bassermann leihen könnten, der mir für die
359 2796 1890 2892 Hauptralle sehr wichtig wäre. Sie tragen, ob die andern
