4089 3703
2029 687 2315 815 22.10.08
2637 721 2751 810 r
1851 887 2612 1010 Wien, den 22. Oktober 1909.
1457 1256 2197 1381 Sehr geehrter Herr Kahane!
1578 1417 2536 1535 Dieses Missverständnis bedaure ich
1306 1522 2690 1630 sehr. Niemals schrieb ich Ihnen (wie Sie in Ihrem
1308 1628 2687 1742 heutigen Brief behaupten) ich würde Ihnen mein mo-
1313 1704 2619 1801 dernes Stück "nur geben, wenn Sie den Medardus
1313 1777 2675 1903 nehmen". Meine Antwort lautete vielmehr, dass ich
1322 1881 2661 1981 Ihrer Anfrage wegen des modernen Stückes nach Ab-
1322 1970 2611 2088 schluss eines Vertrags über den Medardus näher
1327 2040 2671 2168 treten würde. Sie werden zugeben, es besteht ei
1327 2147 2704 2240 nicht unbeträchtlicher Unterschied zwischen dieser
1323 2228 2669 2348 Bemerkung und der Uebergabe eines Stückes an ein
1336 2332 2714 2446 Theater. Sie aber identifizieren das ohne weiters
1329 2415 2669 2531 plötzlich ist auf dem Papier ein fertiger Handel
1339 2479 2652 2598 da und Sie gehen soweit einen Vorschlag den ich
1334 2586 2661 2687 nie gemacht habe zu akzeptieren und sich "eben-
1334 2654 2723 2773 falls" bereit zu erklären über beide Stücke sofort
