4089 3703
2099 733 2493 866 zu 21.10.05
1211 982 2531 1132 gen nach jeder Richtung h in vorbehalte,dass eine
2003 1083 2106 1140 u.
1209 1118 1416 1185 G.C.H.F.P.P
1211 1107 2482 1230 Aufführung dieses zuerten Stückes in Berlin v
2532 1104 2622 1211 autre
1742 1175 2127 1247 Mais elle lʼa restée de lire, mais il a
1221 1197 2527 1321 einer eventuellen Aufführung des Medardus dort-
1226 1230 1382 1280 autre ami
1932 1252 2341 1325 lʼa beaucoup de nouveau dʼêtre
1225 1289 2493 1402 selbst vorläufig jeden Interesses entbehrt und
1894 1349 2315 1418 i
1209 1380 2493 1497 dass ich Sie bitte dieses Stück bis auf Weieres
1232 1465 2484 1575 als nicht existent zu betrachten. Was nun den
1242 1554 2508 1677 Medardus anbelangt, so hat es mich alense schon
1244 1651 2515 1754 am 25. September gefreut Ihre prinzipielle Ge¬
1233 1659 1421 1720 Von
1252 1741 2487 1851 neigtheit unter Vorbehalt der ‘tricheinigung
1259 1801 2615 1944 zu erfahren, wie mich nun wieder die in Ihrem Brie¬
1258 1894 2646 2032 fe vom 18. Oktober ausgedrückte Ueberzeugung freut,
1270 1987 2613 2130 dass wir uns in Hinsicht auf die "triche vollkom¬
2184 2036 2629 2106 ouvretoumme.
2520 2075 2608 2123 rk-
1263 2089 2643 2217 men verstehen und einigen werden. Von einer ###
1385 2170 1873 2246 l'année avec les mêmes sontes ou trois
1268 2174 2622 2294 lichen Abmachung ist dies alles aber noch so wett
2496 2196 2658 2277 cʼest eu de ses
1278 2258 2622 2387 entfernt, dass ich mich keineswegs berechtigt füh¬
1499 2270 1678 2329 G.C.P.
1278 2344 2610 2494 le die Angelegenheit in positivem oder negativem
1297 2368 1489 2434 iM4
1276 2463 2177 2572 Sinn als erledigt zu betrachten.
1613 2575 2127 2686 Mit besten Grüssen
1697 2669 2084 2781 Ihr ergebener
