4096 3588
3013 498 3329 658 27.10.08
2974 688 3548 837 den 27. Oktober 190 8
1961 829 2533 921 Deutsches Theater zu Berlin
278 833 1759 968 Freude darüber, etwas von Ihnen componieren zu können,
2059 893 2439 995 Direktion Max Reinhardt
280 925 1771 1025 in einem Briefe ausgesprochen, worauf wir ihm das Werk
286 1023 1793 1119 einsandten: die definitive Antwort erwarten wir nun und
286 1117 1863 1228 werden Sie sofort davon benachrichtigen. Es ist zu hoffen,
2018 1150 2806 1266 Herrn Dr. Arthur Schnitzler,
292 1189 1871 1311 wenn nicht auch hier etwa die Zeitfrage die Sache erschwer
2567 1211 3284 1328 Wien XVIII Spöttelgasse 7.
2527 1285 3286 1387 ʀ ̃  ===================
286 1264 1844 1417 dass Strauss die Composition übernehmen wird, was unserer
290 1387 1632 1479 Meinung nach für die Sache von Vorteil sein wird.
1959 1399 2784 1534 Sehr verehrter Herr Doktor,
292 1452 1785 1603 Schliesslich teilen wir Ihnen mit, dass Herr v. Dohnany
1981 1491 3552 1630 wie wir Ihnen mitteilten, hat uns Humperdinck s.Z. eine
304 1569 1785 1654 bei uns war und dass wir mit ihm für den November eine
2040 1569 3638 1695 Zusage gegeben, den tapferen Kassian zu componieren. Vider
296 1636 1848 1734 Zusammenkunft verabredet haben, bei der er uns seine Com-
2042 1650 3640 1808 alles Erwarten hat er uns nun neuerdings geschrieben, dass
1930 1732 2047 1808 Amt
302 1726 1871 1832 position vorspielen will. Da er jedoch zu längeren Aufent-
1987 1744 3627 1895 seine Dispositionen für Amerika, die sich in letzter Stun-
298 1810 1836 1914 halt erst in der zweiten Hälfte Dezember zurückkehrt und
2032 1851 3566 1957 de zwischen seine Pläne schoben ihm die Kassian-Arbeit
304 1902 1795 2018 bis dahin sehr wenig Zeit für seine Arbeit aufbringen
2055 1936 3538 2065 für diese Spielzeit leider unmöglich machen. Wir haben
300 2012 1773 2128 kann, so projectieren wir die Aufführung ungefähr für
2057 2053 3519 2136 daraufhin noch verschiedene Versuche gemacht, ihn zur
306 2071 1851 2200 Ende Januar. Herr v. Dohnany hält übrigens die Pantomime
2053 2092 3652 2241 Einlösung seiner ursprünglichen Zusage zu bewegen, erhiel-
315 2173 1838 2298 für abendfüllend und seinerseits die Combination mit ei-
2061 2210 3652 2349 ten aber nach einem diebezüglichen Briefwechsel jetzt eine
308 2273 1462 2369 nem anderen Stück nicht für wünschenswert.
2063 2277 3499 2424 definitive Absage. Wir haben uns nun sofort an Escar
472 2337 1773 2455 Mit dem Ausdruck vorzüglichster Hochachtung und
2067 2392 3603 2529 Strauss gewandt, weil Sie ja in einem Gespräch mit Rein-
668 2459 1211 2578 ergebensten Grüssen
2059 2478 3613 2600 hardt diesen Namen unter anderen erwähnt hatten. Strauss
1319 2527 1422 2625 Ihr
2061 2543 3662 2696 hat zunächst seine prinzipielle Bereitwilligkeit und seine
1078 2584 1775 2768 Cretier Kausine
