4112 3704
2258 649 2437 801 30.10
2104 915 2543 1050 30. 10. 1909,
1672 1173 2420 1343 Sehr geehrter Herr Kahane!
1560 1365 2704 1482 Es war zumindest überflüsstg auf Caastan
1278 1457 2630 1580 und Pierette zurückzukommen. Es ist Ihnen sehr gut
1504 1560 1629 1618 G.C.F.P
1253 1563 2552 1701 bekannt, dass es nicht meine Schuld war, wenn die
1251 1659 2704 1789 Herren von Dehnany und Oshar Strauss es nicht erreî¬
2147 1719 2239 1768 G. A.
1262 1735 2644 1849 chen kennten von Herrn Direktor Reinhardt zum Zwe-
1260 1835 2655 1947 che näherer Besprechung resp. des Verspielens em¬
1256 1891 2709 2059 pfangen zu werden. Ob der eine oder der andere viel-
1262 2010 2709 2140 leicht nicht die letzte Energie aufgewendet hat die-
1271 2113 2619 2234 ses Verzugs teilhaftig zu werden, das zu untersu-
1267 2196 2684 2299 chen ist nicht meine Sache. Jedenfalls habe ich bis
1271 2263 2664 2417 in die letzte Zeit sowohl bei D. als bei St. dahin
1280 2353 2641 2502 zu wirken versucht, dass die Kammerspielide nicht
1289 2460 2596 2558 aufgegeben resp. neu aufgenommen werde, umsemehr,
1305 2529 2717 2662 als ich noch heute das Kmmerspielhaus als die rich-
1303 2615 2643 2767 tigste Stütte für die beiden kleinen Werke ansehe
1301 2704 2662 2858 (gute Sänger und ein gutes Orchester voraus gesetzt
1285 2832 2621 2923 und dass es durchaus in meinem Interesse gelegen
1462 2874 2581 3031 wenn die beiden Saaten gemeinschaft
1300 2903 1430 3024 Herrn
