4095 3695
1413 629 1732 735 29.8.08.
333 550 522 869 the
1358 796 1707 905 den 29. August
321 879 893 968 Deutsches Theater zu Berlin
420 948 798 1029 Direktion Max Reinhardt
380 1175 570 1261 Herrn
386 1238 1338 1378 Dr. Artr Schnitzler,
1395 1346 1567 1423 Tirol.
1096 1340 1380 1429 Sais,
1082 1407 1594 1490 .................................................
400 1462 1139 1589 Sehr verehrter Herr Doktor,
327 1561 1922 1652 wir haben jetzt von Humperdinck, nachdem er das Buch ge-
329 1650 1910 1730 lesen hat, einen Brief erhalten, dem zufolge er gewillt
396 1744 1922 1835 scheint, die Composition des "Tapferen Kassian" zu über-
337 1859 1922 1941 nehmen. Die Korrespondenz hat sich deshalb so lange hin-
392 1926 1908 2022 gezogen, weil Humperdinck die ganze Zeit über unterwegs
400 2026 1916 2103 war. Er ist auch jetzt noch nicht in Berlin, sondern am
388 2101 1857 2194 Rhein. Es handelt sich noch um die Erledigung einiger
400 2174 1941 2286 technischer musikalischer Fragen, die aber weiter keine
400 2282 1955 2369 Schwierigkeiten bieten werden. Ausserdem haben wir in der
394 2391 1953 2475 letzten Zeit telefonisch mit Frau v. Dohnany gesprochen,
400 2452 1961 2552 die uns mitteilte, dass ihr Mann am 10.September in Ber-
394 2544 1967 2653 lin eintrifft. Wir werden uns sofort natürlich mit ihm in
400 2645 1912 2767 Verbindung setzen. Nun bitten wir Sie, uns freundlichst
2101 879 3672 1029 möglichst bald zu schreiben, wie Sie sich die Tantiemen-
2103 991 3628 1104 Verteilung denken, falls die beiden Stücke, wie geplant
2107 1084 3686 1198 ist, an einem Abend zur Aufführung gelangen, weil weitere
2107 1163 3739 1287 Verhandlungen mit Humperdinck erst nach Klarstellung dieses
2099 1267 3213 1372 Punktes zu einem Resultat führen können.
2487 1340 3684 1441 Mit dem Ausdruck vorzüglichster Hochachtung
2919 1456 3313 1551 Ihr ergebener
2722 1533 3427 1683 Onthu Karane
