4096 3588
2151 396 2385 502 3,11.08
2055 504 2657 668 den 3. November 190
1033 673 1611 778 Deutsches Theater zu Berlin
1146 750 1519 831 Direktion Max Reinhardt
1217 861 1993 992 Herrn Dr. Arthur Schnitzler,
1982 902 2706 1020 Wien XVIII. Spöttelgasse 7
1241 1125 1988 1243 Sehr verehrter Herr Bekter,
1245 1174 2681 1344 wir haben soeben von Osear Strauss, bei dem wir, wie
1252 1281 2734 1410 bereits mitgeteilt, angefragt haben, die Antwort, dass
1260 1367 2751 1500 er sehr gern bereit ist, den Kassian zu komponieren, ja
1252 1462 2702 1624 dass dies die Erfüllung eines alten Wunsches von ihm
1059 1513 1140 1598 wäänistä myöntä, jotka ia huoruwamme,
1268 1541 2749 1695 sei, dass er aber seine ganze Produktion Sliwinski ver-
1268 1624 2749 1783 schrieben habe und deshalb die Frage an Sie stelle, ob
1282 1719 2754 1858 Ihrerseits eine Möglichkeit verliegt, den Vertrieb von
1273 1791 2781 1971 Kassian an Sliwinski zu übertragen, was für ihn von ent
1282 1937 2064 2048 scheidender Wichtigkeit sei.
1284 1997 2758 2119 Wir ersuchen Sie, uns freundlichst möglichst umgehend
1292 2109 2124 2220 diese Verfrage zu beantworten.
1449 2168 2664 2323 Mit dem Ausdruck vorzüglichster Hochachtung
1734 2321 2288 2458 Nr d gebener
1888 2396 2616 2528 Orthur Kahrenie
