6568 4152
3426 208 4419 546 Insuff d. Uitralis
3522 447 4834 748 Gelol. Geräusch a.d Heyspitze,
3458 683 4953 907 noch oben hin schwaches u Ehrweise wertend.
3458 842 4937 1116 Heits Gemisch am stäcksten Doct.
3436 1024 4915 1273 wo es entsteht u wie allmalen
3436 1203 4931 1451 schwäches, je weiter vom Entstehgs¬
3395 1388 4888 1636 örte. Demnach ist der systol.
3413 1537 4929 1791 Gorausch a.d. Herzspise Am Päckstern
3436 1723 4923 1999 u wir nach oben hin schwäches.
3434 1870 4852 2168 Z. B. Mincombinirten Herzfehler¬
3415 2067 4852 2374 Sowohl a. dHerspitze als nach
3405 2267 4848 2537 oben gegen d. um d. Aasko¬
3413 2420 4898 2704 Hst. u dästel. Geräusch!
3369 2632 4882 2916 Wir findte bei spielweise, daß
3353 2819 4880 3097 Das systol Geräulch a. d.
3387 3025 4902 3319 Herssgese an starksten, nach
3371 3220 4890 3484 oben sie immer schonchen wird,
3339 3438 4959 3663 während eingekeh das Rechtel
3401 3627 4830 3877 Germisch und Clorte am
