<?xml version="1.0" encoding="UTF-8" standalone="yes"?>
<PcGts xmlns="http://schema.primaresearch.org/PAGE/gts/pagecontent/2013-07-15" xmlns:xsi="http://www.w3.org/2001/XMLSchema-instance" xsi:schemaLocation="http://schema.primaresearch.org/PAGE/gts/pagecontent/2013-07-15 http://schema.primaresearch.org/PAGE/gts/pagecontent/2013-07-15/pagecontent.xsd">
    <Metadata>
        <Creator>prov=READ-COOP:name=TrHtr:version=2.1.0:model_id=51170:date=01_08_2023_03:39</Creator>
        <Created>2023-05-10T11:23:43.689+02:00</Created>
        <LastChange>2023-08-01T03:39:05.123+02:00</LastChange>
        <TranskribusMetadata docId="1428151" pageId="55387510" pageNr="226" tsid="131649427" status="IN_PROGRESS" userId="64420" imgUrl="https://files.transkribus.eu/Get?id=DHNRWDKDBFBZXMKIBSYILDEH&amp;fileType=view" xmlUrl="https://files.transkribus.eu/Get?id=KZAFGKYPPMGJIGJPDQSKHAOU" imageId="44662406"/>
    </Metadata>
    <Page imageFilename="1428151_0226.jpg" imageWidth="6712" imageHeight="4296">
        <ReadingOrder>
            <OrderedGroup id="ro_1711821643048" caption="Regions reading order">
                <RegionRefIndexed index="0" regionRef="tr_1"/>
            </OrderedGroup>
        </ReadingOrder>
        <TextRegion id="tr_1" custom="readingOrder {index:0;}">
            <Coords points="1885,325 5089,325 5089,4025 1885,4025"/>
            <TextLine id="tr_1_tl_1" custom="readingOrder {index:0;}">
                <Coords points="3530,520 3723,477 3813,527 4143,458 4277,491 4416,420 4526,483 4784,385 4888,397 4893,293 3929,300 3771,354 3544,310"/>
                <Baseline points="3544,465 3550,465 3639,447 3729,441 3818,429 3908,423 3997,411 4087,405 4176,393 4266,387 4355,381 4445,375 4534,375 4624,375 4713,375 4803,381 4892,387"/>
                <TextEquiv>
                    <Unicode>Iritis Eutzdem der Kegenbogenheit, und</Unicode>
                </TextEquiv>
            </TextLine>
            <TextLine id="tr_1_tl_2" custom="readingOrder {index:1;}">
                <Coords points="1927,576 2618,518 2712,472 3165,497 3253,439 3380,504 3394,323 2682,320 2504,400 2451,346 2337,354 2169,435 1944,356"/>
                <Baseline points="1939,560 1957,548 2046,525 2136,519 2225,507 2315,501 2404,495 2494,483 2583,477 2673,465 2762,459 2852,447 2941,441 3031,435 3120,429 3210,435 3299,453 3389,453"/>
                <TextEquiv>
                    <Unicode>Hervia M. Koe. (Ruatokell, uklec</Unicode>
                </TextEquiv>
            </TextLine>
            <TextLine id="tr_1_tl_3" custom="readingOrder {index:2;}">
                <Coords points="3507,643 3690,672 3892,622 3992,662 4118,595 4324,610 4535,537 4637,595 4868,518 4945,541 4953,450 4780,393 4520,487 4443,443 4279,491 4145,458 3813,527 3698,479 3515,552"/>
                <Baseline points="3520,620 3609,608 3699,602 3788,590 3878,584 3967,572 4057,566 4146,554 4236,542 4325,537 4415,531 4504,525 4594,519 4683,519 4773,513 4862,513 4952,525"/>
                <TextEquiv>
                    <Unicode>die Entsch schreitet stets auf Rektor</Unicode>
                </TextEquiv>
            </TextLine>
            <TextLine id="tr_1_tl_4" custom="readingOrder {index:3;}">
                <Coords points="1894,801 2402,641 2472,676 2622,620 2757,685 3101,581 3371,612 3380,504 3255,439 3180,499 3007,464 2441,601 2287,537 1915,574"/>
                <Baseline points="1915,710 1945,704 2034,680 2124,668 2213,656 2303,644 2392,638 2482,632 2571,620 2661,614 2750,602 2840,596 2929,590 3019,578 3108,572 3198,572 3287,578 3377,596"/>
                <TextEquiv>
                    <Unicode>Geschrieben, endlich ektat. Nach</Unicode>
                </TextEquiv>
            </TextLine>
            <TextLine id="tr_1_tl_5" custom="readingOrder {index:4;}">
                <Coords points="3473,766 3642,772 3708,733 3810,762 3952,714 4104,776 4162,735 4260,753 4277,593 4150,595 3992,662 3902,622 3669,658 3580,716 3478,701"/>
                <Baseline points="3484,763 3556,751 3645,739 3735,721 3824,716 3914,710 4003,704 4093,698 4182,686 4272,680"/>
                <TextEquiv>
                    <Unicode>is Choriodoio fort</Unicode>
                </TextEquiv>
            </TextLine>
            <TextLine id="tr_1_tl_6" custom="readingOrder {index:5;}">
                <Coords points="1892,853 2148,884 2302,801 2433,830 3161,705 3286,737 3294,651 3169,660 3090,591 2901,703 2610,712 2481,668 2277,751 2179,726 1898,799"/>
                <Baseline points="1903,847 1951,841 2040,823 2130,817 2219,805 2309,799 2398,787 2488,781 2577,775 2667,763 2756,757 2846,745 2935,739 3025,727 3114,710 3204,704 3293,704"/>
                <TextEquiv>
                    <Unicode>massi - d.i. der närbrige</Unicode>
                </TextEquiv>
            </TextLine>
            <TextLine id="tr_1_tl_7" custom="readingOrder {index:6;}">
                <Coords points="3482,972 4372,810 4545,841 4687,799 4743,845 4828,780 4953,785 4963,693 4749,647 4141,782 4019,733 3650,832 3504,783"/>
                <Baseline points="3502,889 3526,889 3615,889 3705,877 3794,865 3884,859 3973,853 4063,841 4152,829 4242,823 4331,805 4421,793 4510,781 4600,769 4689,763 4779,757 4868,757 4958,769"/>
                <TextEquiv>
                    <Unicode>Symptorie Coliarin pction, ev. Luftschen</Unicode>
                </TextEquiv>
            </TextLine>
            <TextLine id="tr_1_tl_8" custom="readingOrder {index:7;}">
                <Coords points="1913,1099 2443,1055 3003,930 3111,866 3311,899 3326,755 3201,705 2920,749 2759,837 2612,808 1938,874"/>
                <Baseline points="1933,1020 1974,1014 2064,990 2153,978 2243,960 2332,948 2422,936 2511,930 2601,918 2690,906 2780,906 2869,900 2959,889 3048,871 3138,859 3227,853 3317,853"/>
                <TextEquiv>
                    <Unicode>somhautstaghglom. Ein habe</Unicode>
                </TextEquiv>
            </TextLine>
            <TextLine id="tr_1_tl_9" custom="readingOrder {index:8;}">
                <Coords points="3465,1061 3742,1022 3863,1074 4225,986 4387,1036 4784,889 4961,911 4974,810 4828,780 4741,845 4657,808 4333,901 4166,837 4008,901 3948,864 3821,945 3681,922 3477,978"/>
                <Baseline points="3478,1050 3538,1044 3627,1032 3717,1020 3806,1008 3896,996 3985,990 4075,978 4164,960 4254,948 4343,942 4433,930 4522,918 4612,900 4701,889 4791,877 4880,877 4970,883"/>
                <TextEquiv>
                    <Unicode>und Thürnenfluss, Jris erfärtt, Eosulabe</Unicode>
                </TextEquiv>
            </TextLine>
            <TextLine id="tr_1_tl_10" custom="readingOrder {index:9;}">
                <Coords points="1881,1280 2110,1195 2198,1242 2499,1128 2645,1195 2888,1068 3007,1143 3174,1038 3355,1041 3376,905 3147,864 2674,1026 2227,1061 1898,1176"/>
                <Baseline points="1897,1247 1933,1235 2022,1205 2112,1187 2201,1175 2291,1157 2380,1139 2470,1121 2559,1115 2649,1103 2738,1085 2828,1074 2917,1062 3007,1050 3096,1032 3186,1020 3275,1008 3365,1008"/>
                <TextEquiv>
                    <Unicode>wie als keine hinter Syndicis,</Unicode>
                </TextEquiv>
            </TextLine>
            <TextLine id="tr_1_tl_11" custom="readingOrder {index:10;}">
                <Coords points="3511,1213 3607,1194 3658,1253 3981,1182 4069,1217 4299,1091 4916,1020 4926,953 4784,922 4501,1030 4316,1007 3998,1093 3532,1059"/>
                <Baseline points="3526,1193 3580,1187 3669,1175 3759,1157 3848,1145 3938,1133 4027,1127 4117,1109 4206,1103 4296,1085 4385,1074 4475,1062 4564,1050 4654,1032 4743,1020 4833,1014 4922,1014"/>
                <TextEquiv>
                    <Unicode>Verfärbung wegen der vermehrten</Unicode>
                </TextEquiv>
            </TextLine>
            <TextLine id="tr_1_tl_12" custom="readingOrder {index:11;}">
                <Coords points="3538,1330 3813,1394 4050,1296 4164,1326 4564,1178 4909,1174 4920,1078 4878,1049 4524,1149 4374,1101 4019,1226 3887,1195 3659,1253 3555,1201"/>
                <Baseline points="3550,1312 3574,1306 3663,1300 3753,1294 3842,1288 3932,1276 4021,1264 4111,1258 4200,1241 4290,1223 4379,1211 4469,1193 4558,1181 4648,1169 4737,1151 4827,1145 4916,1145"/>
                <TextEquiv>
                    <Unicode>Blutgehaltes. Eine blaue sie werd</Unicode>
                </TextEquiv>
            </TextLine>
            <TextLine id="tr_1_tl_13" custom="readingOrder {index:12;}">
                <Coords points="1894,1417 2318,1450 2551,1309 2626,1355 2909,1236 3344,1194 3367,1047 2880,1186 2730,1134 2614,1209 2456,1165 2081,1282 1992,1234 1919,1263"/>
                <Baseline points="1909,1396 1921,1396 2010,1384 2100,1366 2189,1348 2279,1330 2368,1312 2458,1294 2547,1276 2637,1270 2726,1253 2816,1241 2905,1229 2995,1217 3084,1205 3174,1187 3263,1175 3353,1169"/>
                <TextEquiv>
                    <Unicode>Nebenstagfglom ist an nammbt</Unicode>
                </TextEquiv>
            </TextLine>
            <TextLine id="tr_1_tl_14" custom="readingOrder {index:13;}">
                <Coords points="3478,1580 4075,1413 4281,1444 4435,1398 4526,1471 4705,1351 4976,1338 4995,1207 4913,1236 4836,1180 4710,1253 4514,1236 4322,1332 4223,1286 3877,1417 3511,1344"/>
                <Baseline points="3502,1491 3550,1485 3639,1473 3729,1455 3818,1449 3908,1437 3997,1420 4087,1408 4176,1402 4266,1384 4355,1366 4445,1354 4534,1342 4624,1330 4713,1312 4803,1306 4892,1306 4982,1318"/>
                <TextEquiv>
                    <Unicode>helligung, eine kaum dußer berück,</Unicode>
                </TextEquiv>
            </TextLine>
            <TextLine id="tr_1_tl_15" custom="readingOrder {index:14;}">
                <Coords points="1929,1646 2266,1492 2364,1538 2574,1440 2718,1527 2966,1371 3321,1374 3350,1203 3130,1278 3061,1220 2959,1282 2691,1307 2574,1390 2487,1369 2322,1446 1965,1428"/>
                <Baseline points="1957,1551 1992,1539 2082,1521 2171,1503 2261,1485 2350,1473 2440,1449 2529,1432 2619,1414 2708,1402 2798,1390 2887,1372 2977,1360 3066,1354 3156,1342 3245,1330 3335,1324"/>
                <TextEquiv>
                    <Unicode>Jisprolaps. Der Herchenthat</Unicode>
                </TextEquiv>
            </TextLine>
            <TextLine id="tr_1_tl_16" custom="readingOrder {index:15;}">
                <Coords points="3473,1663 3632,1698 3740,1644 4189,1563 4316,1604 4460,1511 4556,1507 4564,1459 4522,1471 4483,1421 4358,1471 4320,1428 4129,1455 3929,1559 3800,1525 3740,1555 3690,1523 3486,1575"/>
                <Baseline points="3484,1658 3490,1658 3580,1646 3669,1634 3759,1611 3848,1599 3938,1587 4027,1569 4117,1563 4206,1545 4296,1533 4385,1515 4475,1503 4564,1485"/>
                <TextEquiv>
                    <Unicode>sicht der andere Augen.</Unicode>
                </TextEquiv>
            </TextLine>
            <TextLine id="tr_1_tl_17" custom="readingOrder {index:16;}">
                <Coords points="1883,1731 2218,1650 2370,1686 2637,1567 3396,1590 3415,1453 3194,1415 3095,1461 2961,1382 2720,1527 2608,1467 2431,1571 2231,1511 2056,1627 1894,1648"/>
                <Baseline points="1897,1706 1980,1688 2070,1670 2159,1658 2249,1640 2338,1628 2428,1616 2517,1587 2607,1563 2696,1551 2786,1539 2875,1527 2965,1521 3054,1509 3144,1503 3233,1503 3323,1503 3412,1515"/>
                <TextEquiv>
                    <Unicode>eine Sätig, die Pupill ist vorzogen,</Unicode>
                </TextEquiv>
            </TextLine>
            <TextLine id="tr_1_tl_18" custom="readingOrder {index:17;}">
                <Coords points="3546,1798 3869,1779 4046,1713 4262,1767 4612,1617 4882,1575 4947,1605 4965,1494 4893,1457 4676,1550 4381,1557 4310,1605 4223,1571 4048,1661 3752,1642 3557,1723"/>
                <Baseline points="3562,1766 3615,1760 3705,1748 3794,1730 3884,1724 3973,1706 4063,1700 4152,1682 4242,1670 4331,1652 4421,1640 4510,1628 4600,1611 4689,1593 4779,1575 4868,1563 4958,1563"/>
                <TextEquiv>
                    <Unicode>Comdation un sula 3 fris - sa vie dicke;</Unicode>
                </TextEquiv>
            </TextLine>
            <TextLine id="tr_1_tl_19" custom="readingOrder {index:18;}">
                <Coords points="1875,1856 2518,1802 2753,1707 2932,1771 3047,1702 3136,1738 3330,1673 3400,1707 3413,1584 3288,1602 3224,1559 3015,1619 2953,1575 2851,1646 2766,1580 2682,1634 2562,1607 2302,1729 2208,1692 2087,1773 1969,1746 1883,1788"/>
                <Baseline points="1885,1843 1974,1825 2064,1813 2153,1801 2243,1790 2332,1772 2422,1760 2511,1748 2601,1730 2690,1712 2780,1700 2869,1694 2959,1688 3048,1682 3138,1676 3227,1670 3317,1670 3406,1682"/>
                <TextEquiv>
                    <Unicode>wenkiall (birnfören) mirstaltet,</Unicode>
                </TextEquiv>
            </TextLine>
            <TextLine id="tr_1_tl_20" custom="readingOrder {index:19;}">
                <Coords points="3484,1948 4137,1833 4391,1892 4753,1738 4943,1721 4959,1630 4624,1707 4528,1667 3883,1844 3505,1811"/>
                <Baseline points="3496,1939 3520,1933 3609,1915 3699,1891 3788,1879 3878,1867 3967,1855 4057,1837 4146,1819 4236,1807 4325,1795 4415,1784 4504,1766 4594,1754 4683,1736 4773,1730 4862,1712 4952,1694"/>
                <TextEquiv>
                    <Unicode>die feine radien Zeichung wird und</Unicode>
                </TextEquiv>
            </TextLine>
            <TextLine id="tr_1_tl_21" custom="readingOrder {index:20;}">
                <Coords points="3504,2087 4019,2023 4110,2079 4368,2033 4476,1964 4580,2019 4724,1923 4940,1892 4965,1736 4766,1804 4680,1765 4341,1912 4202,1856 4087,1906 4029,1881 3659,2025 3521,1973"/>
                <Baseline points="3520,2058 3609,2046 3699,2040 3788,2028 3878,2022 3967,2004 4057,1986 4146,1969 4236,1957 4325,1945 4415,1933 4504,1921 4594,1903 4683,1891 4773,1867 4862,1849 4952,1843"/>
                <TextEquiv>
                    <Unicode>denklich; der Gefüge der Fris ist</Unicode>
                </TextEquiv>
            </TextLine>
            <TextLine id="tr_1_tl_22" custom="readingOrder {index:21;}">
                <Coords points="1940,2033 2106,2044 2295,1973 2337,2002 2739,1921 2807,1979 3055,1875 3330,1858 3344,1761 3228,1719 2928,1777 2749,1707 2287,1879 1960,1890"/>
                <Baseline points="1951,2028 1992,2022 2082,2004 2171,1992 2261,1974 2350,1963 2440,1945 2529,1939 2619,1933 2708,1915 2798,1897 2887,1879 2977,1867 3066,1855 3156,1849 3245,1843 3335,1855"/>
                <TextEquiv>
                    <Unicode>LafanUit Bliphantis</Unicode>
                </TextEquiv>
            </TextLine>
            <TextLine id="tr_1_tl_23" custom="readingOrder {index:22;}">
                <Coords points="1964,2194 2479,2112 2612,2123 2705,2221 3078,2027 3369,2023 3376,1962 3255,1952 3201,1898 2803,1975 2662,1940 2418,2058 1979,2079"/>
                <Baseline points="1974,2195 2034,2183 2124,2165 2213,2153 2303,2142 2392,2124 2482,2112 2571,2100 2661,2082 2750,2070 2840,2052 2929,2046 3019,2034 3108,2022 3198,2016 3287,2004 3377,1998"/>
                <TextEquiv>
                    <Unicode>Wir haben 1) die Jndication</Unicode>
                </TextEquiv>
            </TextLine>
            <TextLine id="tr_1_tl_24" custom="readingOrder {index:23;}">
                <Coords points="3502,2218 3667,2202 3754,2245 3967,2154 4266,2116 4397,2154 4543,2077 5011,2031 5022,1952 4891,1910 4576,2021 4331,2014 3948,2135 3515,2119"/>
                <Baseline points="3514,2207 3585,2201 3675,2195 3764,2189 3854,2177 3943,2159 4033,2142 4122,2124 4212,2112 4301,2094 4391,2082 4480,2070 4570,2058 4659,2046 4749,2028 4838,2016 4928,2010 5017,2016"/>
                <TextEquiv>
                    <Unicode>naeraschen, worin übrigens auch deßerke</Unicode>
                </TextEquiv>
            </TextLine>
            <TextLine id="tr_1_tl_25" custom="readingOrder {index:24;}">
                <Coords points="3552,2456 3842,2404 4048,2308 4187,2364 4695,2200 5001,2181 5009,2139 4863,2025 4695,2112 4196,2169 4035,2258 3956,2221 3761,2323 3696,2252 3588,2248"/>
                <Baseline points="3574,2398 3580,2392 3669,2380 3759,2362 3848,2338 3938,2321 4027,2297 4117,2285 4206,2267 4296,2249 4385,2231 4475,2225 4564,2213 4654,2195 4743,2183 4833,2165 4922,2153 5012,2159"/>
                <TextEquiv>
                    <Unicode>Gefährfüllung schuld ist. Das Kame</Unicode>
                </TextEquiv>
            </TextLine>
            <TextLine id="tr_1_tl_26" custom="readingOrder {index:25;}">
                <Coords points="1900,2383 2146,2333 2447,2372 2653,2304 2687,2341 2859,2227 3011,2198 3130,2289 3376,2173 3390,2079 3290,2033 3093,2119 2991,2056 2734,2221 2483,2141 2208,2264 1917,2252"/>
                <Baseline points="1915,2350 1951,2344 2040,2332 2130,2327 2219,2315 2309,2297 2398,2291 2488,2279 2577,2267 2667,2255 2756,2243 2846,2231 2935,2219 3025,2195 3114,2183 3204,2177 3293,2165 3383,2165"/>
                <TextEquiv>
                    <Unicode>ehe Anführung frei zufall</Unicode>
                </TextEquiv>
            </TextLine>
            <TextLine id="tr_1_tl_27" custom="readingOrder {index:26;}">
                <Coords points="3530,2566 3919,2476 3981,2508 4083,2443 4510,2362 4608,2424 4753,2354 4816,2426 5011,2352 5024,2275 4870,2233 3552,2445"/>
                <Baseline points="3544,2541 3591,2529 3681,2511 3770,2500 3860,2476 3949,2458 4039,2446 4128,2428 4218,2416 4307,2392 4397,2380 4486,2362 4576,2356 4665,2344 4755,2327 4844,2315 4934,2303 5023,2303"/>
                <TextEquiv>
                    <Unicode>wälle sind trüb u volkig, aufgar</Unicode>
                </TextEquiv>
            </TextLine>
            <TextLine id="tr_1_tl_28" custom="readingOrder {index:27;}">
                <Coords points="1940,2487 2125,2551 2310,2462 2387,2502 2541,2426 2780,2445 3045,2348 3149,2399 3247,2337 3373,2387 3426,2281 3305,2229 3105,2298 2999,2200 2853,2229 2687,2341 2312,2385 2231,2339 1950,2414"/>
                <Baseline points="1951,2488 1992,2488 2082,2482 2171,2470 2261,2446 2350,2434 2440,2428 2529,2422 2619,2416 2708,2404 2798,2404 2887,2386 2977,2362 3066,2344 3156,2344 3245,2338 3335,2338 3424,2344"/>
                <TextEquiv>
                    <Unicode>2.) Sterben als die Rescription</Unicode>
                </TextEquiv>
            </TextLine>
            <TextLine id="tr_1_tl_29" custom="readingOrder {index:28;}">
                <Coords points="3519,2695 3725,2726 4062,2616 4189,2670 4730,2477 4793,2535 4945,2452 5011,2487 5028,2387 4918,2354 4722,2451 4379,2501 4233,2452 3981,2570 3888,2518 3623,2603 3536,2585"/>
                <Baseline points="3532,2685 3591,2673 3681,2661 3770,2649 3860,2631 3949,2613 4039,2601 4128,2583 4218,2565 4307,2547 4397,2523 4486,2511 4576,2500 4665,2482 4755,2470 4844,2458 4934,2452 5023,2452"/>
                <TextEquiv>
                    <Unicode>bildet sehen Stÿergegang. (des</Unicode>
                </TextEquiv>
            </TextLine>
            <TextLine id="tr_1_tl_30" custom="readingOrder {index:29;}">
                <Coords points="1917,2682 2102,2639 2233,2714 2624,2572 2864,2647 3153,2518 3423,2535 3430,2460 3151,2410 3007,2477 2618,2426 2497,2495 1927,2587"/>
                <Baseline points="1927,2679 1998,2655 2088,2637 2177,2619 2267,2613 2356,2601 2446,2583 2535,2583 2625,2571 2714,2565 2804,2553 2893,2541 2983,2535 3072,2523 3162,2511 3251,2506 3341,2506 3430,2517"/>
                <TextEquiv>
                    <Unicode>der gesetzten Entscheidung an,</Unicode>
                </TextEquiv>
            </TextLine>
            <TextLine id="tr_1_tl_31" custom="readingOrder {index:30;}">
                <Coords points="3534,2882 3700,2814 4152,2809 4281,2718 4533,2655 5030,2653 5057,2485 4940,2454 4528,2612 4435,2566 4208,2683 4068,2651 3858,2751 3565,2703"/>
                <Baseline points="3550,2846 3609,2822 3699,2804 3788,2792 3878,2774 3967,2762 4057,2744 4146,2732 4236,2714 4325,2690 4415,2673 4504,2661 4594,2643 4683,2631 4773,2619 4862,2607 4952,2601 5041,2613"/>
                <TextEquiv>
                    <Unicode>Gibenreisamml in dt vordere Dank</Unicode>
                </TextEquiv>
            </TextLine>
            <TextLine id="tr_1_tl_32" custom="readingOrder {index:31;}">
                <Coords points="1888,2886 2231,2791 2412,2828 2535,2743 2682,2734 2928,2826 3169,2710 3355,2759 3401,2747 3421,2585 3126,2622 3030,2581 2847,2655 2666,2645 2570,2578 2337,2703 2204,2724 2118,2651 1904,2741"/>
                <Baseline points="1903,2858 1980,2828 2070,2810 2159,2786 2249,2774 2338,2762 2428,2756 2517,2744 2607,2738 2696,2732 2786,2726 2875,2714 2965,2702 3054,2696 3144,2685 3233,2679 3323,2673 3412,2679"/>
                <TextEquiv>
                    <Unicode>sollen als Autophlyesheit</Unicode>
                </TextEquiv>
            </TextLine>
            <TextLine id="tr_1_tl_33" custom="readingOrder {index:32;}">
                <Coords points="3513,2999 3858,2934 3983,3015 4478,2834 4809,2897 5040,2820 5061,2678 4743,2739 4641,2676 4164,2843 4096,2791 3964,2843 3837,2805 3523,2930"/>
                <Baseline points="3526,2983 3532,2977 3621,2959 3711,2947 3800,2929 3890,2917 3979,2899 4069,2893 4158,2875 4248,2864 4337,2852 4427,2834 4516,2816 4606,2798 4695,2792 4785,2786 4874,2780 4964,2774 5053,2768"/>
                <TextEquiv>
                    <Unicode>wird manchmal auch als Ohge bezeich¬</Unicode>
                </TextEquiv>
            </TextLine>
            <TextLine id="tr_1_tl_34" custom="readingOrder {index:33;}">
                <Coords points="3530,3126 4206,3034 4333,3111 4607,2963 4976,2964 4990,2866 4697,2893 4479,2834 3985,3016 3937,2986 3863,3028 3773,2970 3546,3026"/>
                <Baseline points="3544,3102 3556,3102 3645,3090 3735,3084 3824,3072 3914,3060 4003,3048 4093,3037 4182,3025 4272,3007 4361,2995 4451,2977 4540,2965 4630,2953 4719,2941 4809,2929 4898,2917 4988,2905"/>
                <TextEquiv>
                    <Unicode>nel). - Exzug im Gebiet des Sup¬</Unicode>
                </TextEquiv>
            </TextLine>
            <TextLine id="tr_1_tl_35" custom="readingOrder {index:34;}">
                <Coords points="1904,3040 2037,2984 2131,2990 2268,2949 2343,2963 2358,2880 2291,2895 2208,2820 2116,2862 2092,2847 1994,2909 1981,2895 1931,2893"/>
                <Baseline points="1921,3013 1998,2989 2088,2965 2177,2947 2267,2941 2356,2929"/>
                <TextEquiv>
                    <Unicode>wirken</Unicode>
                </TextEquiv>
            </TextLine>
            <TextLine id="tr_1_tl_36" custom="readingOrder {index:35;}">
                <Coords points="1921,3186 2322,3078 2739,3049 2903,2974 3373,3038 3426,2882 3244,2824 3065,2874 2886,2810 2620,2972 2235,2953 2023,3038 1946,3013"/>
                <Baseline points="1939,3138 1992,3126 2082,3108 2171,3096 2261,3084 2350,3066 2440,3054 2529,3037 2619,3019 2708,3007 2798,3001 2887,2977 2977,2971 3066,2959 3156,2947 3245,2941 3335,2941 3424,2941"/>
                <TextEquiv>
                    <Unicode>ad1) mitraueren Juli bestrenge</Unicode>
                </TextEquiv>
            </TextLine>
            <TextLine id="tr_1_tl_37" custom="readingOrder {index:36;}">
                <Coords points="1954,3342 2705,3186 2793,3236 2888,3178 2974,3230 3151,3117 3415,3134 3432,3013 3051,3059 2938,2997 2791,3101 2668,3059 2441,3140 1975,3186"/>
                <Baseline points="1969,3317 1992,3305 2082,3275 2171,3257 2261,3239 2350,3222 2440,3210 2529,3198 2619,3186 2708,3174 2798,3168 2887,3156 2977,3138 3066,3126 3156,3114 3245,3102 3335,3102 3424,3108"/>
                <TextEquiv>
                    <Unicode>Vasel, Vasel albiss, Uyurosat.</Unicode>
                </TextEquiv>
            </TextLine>
            <TextLine id="tr_1_tl_38" custom="readingOrder {index:37;}">
                <Coords points="3532,3382 3796,3428 4004,3307 4098,3378 4395,3238 4578,3228 4745,3288 4938,3178 5049,3196 5078,3026 4709,3063 4539,3165 4177,3076 3927,3219 3544,3307"/>
                <Baseline points="3544,3365 3633,3359 3723,3347 3812,3329 3902,3311 3991,3287 4081,3269 4170,3251 4260,3233 4349,3222 4439,3210 4528,3198 4618,3186 4707,3174 4797,3156 4886,3144 4976,3132 5065,3126"/>
                <TextEquiv>
                    <Unicode>dort wo hinter Specken en Eßahl, kreit</Unicode>
                </TextEquiv>
            </TextLine>
            <TextLine id="tr_1_tl_39" custom="readingOrder {index:38;}">
                <Coords points="3525,3261 3555,3259 3575,3282 3706,3240 3761,3246 3792,3224 3827,3249 3860,3246 3877,3138 3769,3138 3592,3211 3534,3197"/>
                <Baseline points="3538,3257 3603,3245 3693,3227 3782,3216 3872,3204"/>
                <TextEquiv>
                    <Unicode>vander.</Unicode>
                </TextEquiv>
            </TextLine>
            <TextLine id="tr_1_tl_40" custom="readingOrder {index:39;}">
                <Coords points="1973,3488 2175,3426 2237,3469 2458,3392 2639,3432 2893,3336 3194,3396 3367,3380 3386,3238 3280,3207 3213,3240 3092,3180 2832,3288 2699,3242 2583,3313 2302,3265 1989,3378"/>
                <Baseline points="1986,3478 2040,3460 2130,3436 2219,3418 2309,3401 2398,3389 2488,3377 2577,3365 2667,3353 2756,3347 2846,3335 2935,3329 3025,3311 3114,3299 3204,3281 3293,3281 3383,3293"/>
                <TextEquiv>
                    <Unicode>ad 2) Bleiassermischlage</Unicode>
                </TextEquiv>
            </TextLine>
            <TextLine id="tr_1_tl_41" custom="readingOrder {index:40;}">
                <Coords points="3536,3540 3698,3579 3888,3478 3998,3523 4314,3396 5076,3326 5092,3234 4988,3192 4556,3307 4408,3246 4110,3375 3954,3334 3802,3425 3554,3440"/>
                <Baseline points="3550,3520 3568,3514 3657,3514 3747,3502 3836,3484 3926,3466 4015,3448 4105,3424 4194,3406 4284,3395 4373,3383 4463,3371 4552,3359 4642,3347 4731,3329 4821,3317 4910,3305 5000,3293 5089,3287"/>
                <TextEquiv>
                    <Unicode>es jus Bild eines kleinen Gramcloms.</Unicode>
                </TextEquiv>
            </TextLine>
            <TextLine id="tr_1_tl_42" custom="readingOrder {index:41;}">
                <Coords points="1964,3623 2843,3515 2974,3448 3105,3453 3115,3390 3034,3363 2866,3407 2743,3386 2653,3436 2537,3430 2264,3502 2106,3444 1981,3515"/>
                <Baseline points="1974,3621 2040,3603 2130,3585 2219,3568 2309,3550 2398,3538 2488,3526 2577,3514 2667,3508 2756,3496 2846,3478 2935,3454 3025,3436 3114,3430"/>
                <TextEquiv>
                    <Unicode>H bas acet sol 1:100:</Unicode>
                </TextEquiv>
            </TextLine>
            <TextLine id="tr_1_tl_43" custom="readingOrder {index:42;}">
                <Coords points="3534,3746 4233,3596 4277,3636 4485,3523 4841,3488 4909,3523 5007,3494 5026,3369 4832,3419 4747,3390 4618,3467 4449,3478 4372,3434 3994,3523 3896,3477 3700,3579 3565,3540"/>
                <Baseline points="3556,3669 3585,3669 3675,3651 3764,3639 3854,3621 3943,3609 4033,3580 4122,3562 4212,3544 4301,3532 4391,3526 4480,3514 4570,3502 4659,3496 4749,3484 4838,3472 4928,3460 5017,3460"/>
                <TextEquiv>
                    <Unicode>Gintro Lyvechie ist am</Unicode>
                </TextEquiv>
            </TextLine>
            <TextLine id="tr_1_tl_44" custom="readingOrder {index:43;}">
                <Coords points="1973,3754 2002,3775 2420,3642 2624,3648 2720,3604 2814,3600 2913,3642 2938,3511 2891,3490 2782,3542 2589,3530 2427,3584 2375,3569 2154,3671 1998,3623"/>
                <Baseline points="1986,3747 2034,3735 2124,3711 2213,3687 2303,3669 2392,3651 2482,3627 2571,3621 2661,3609 2750,3591 2840,3580 2929,3568"/>
                <TextEquiv>
                    <Unicode>Cerussa O'I: 20 Vasel,</Unicode>
                </TextEquiv>
            </TextLine>
            <TextLine id="tr_1_tl_45" custom="readingOrder {index:44;}">
                <Coords points="3577,3854 3717,3838 3804,3888 4004,3786 4445,3677 4597,3684 4826,3596 5013,3625 5038,3504 4972,3484 4841,3550 4737,3500 4445,3617 4248,3604 4054,3698 3600,3740"/>
                <Baseline points="3591,3842 3597,3842 3687,3824 3776,3812 3866,3794 3955,3782 4045,3764 4134,3747 4224,3723 4313,3705 4403,3687 4492,3663 4582,3645 4671,3627 4761,3603 4850,3591 4940,3580 5029,3568"/>
                <TextEquiv>
                    <Unicode>des haten Wien der Juni's</Unicode>
                </TextEquiv>
            </TextLine>
            <TextLine id="tr_1_tl_46" custom="readingOrder {index:45;}">
                <Coords points="1931,3888 2412,3883 2593,3773 2920,3723 3299,3683 3398,3731 3430,3511 3253,3592 2508,3663 2302,3744 1954,3748"/>
                <Baseline points="1945,3866 1986,3860 2076,3842 2165,3824 2255,3806 2344,3788 2434,3776 2523,3759 2613,3747 2702,3735 2792,3723 2881,3711 2971,3699 3060,3687 3150,3675 3239,3657 3329,3645 3418,3633"/>
                <TextEquiv>
                    <Unicode>hereunce flavod alle 0.05-ür:56</Unicode>
                </TextEquiv>
            </TextLine>
            <TextLine id="tr_1_tl_47" custom="readingOrder {index:46;}">
                <Coords points="3582,3994 4191,4002 4508,3842 4878,3800 4897,3688 4687,3650 4524,3740 4372,3777 4171,3746 3806,3887 3609,3838"/>
                <Baseline points="3597,3979 3633,3973 3723,3961 3812,3955 3902,3943 3991,3932 4081,3926 4170,3914 4260,3908 4349,3884 4439,3854 4528,3830 4618,3812 4707,3788 4797,3782 4886,3776"/>
                <TextEquiv>
                    <Unicode>der vordemkapfel der Amiß</Unicode>
                </TextEquiv>
            </TextLine>
            <TextLine id="tr_1_tl_48" custom="readingOrder {index:47;}">
                <Coords points="2054,4050 2493,3933 2610,3952 2853,3898 2882,3921 2959,3904 2968,3837 2760,3806 2691,3837 2462,3850 2399,3885 2310,3854 2141,3896 2081,3871"/>
                <Baseline points="2070,4015 2159,3991 2249,3973 2338,3955 2428,3943 2517,3932 2607,3920 2696,3908 2786,3896 2875,3890 2965,3878"/>
                <TextEquiv>
                    <Unicode>Miserachss :</Unicode>
                </TextEquiv>
            </TextLine>
        </TextRegion>
    </Page>
</PcGts>
