6200 6216
2354 293 4045 408 Ich glaube nämlich nicht, dass die Stellung, welche man
2183 371 4043 492 der Lehre von der Hypnose und Augustion gegenüber einnimmt,
2183 441 4024 551 mit der materialistischen Bildung etwas zu thun hat, uod wenn
2183 514 4033 621 SCHMIDKUNz (Seite 284) sagt: «Ueberhaupt jedoch rückt in der
2200 560 4019 694 Suppestionstheorie gegen den Materialismus wohl der gefährlich
2188 659 4038 760 Feind an...» so darf man wohl darauf erwidern, dass dieselben
2197 708 4031 823 Gelehrten, welche alle Geheimnisse des Lebens, der Entwicklung und
2197 788 4038 900 des Denkens aus der Materie zu erklären vermeinten, nicht gerade
2214 851 4036 973 von der Augustion, die sich in alle Erscheinungen des Lebens völlig
2802 926 4050 1018 Aufgeben ihrer Anschauung gedrängt werden
2197 950 2734 1041 zwanglos einfügt,
2214 983 4055 1104 dürfen. Wenn die Seele noch nicht geliefert war — die
2209 1072 4038 1180 Suggestion bringt sie ### bei und nur wenn^es die Ueberzeugungs-
2214 1119 4059 1245 treue der als wunderbare Fähigkeiten an Veränderungen der Materie
2225 1203 4031 1311 gethan sein lassen — nicht zuweilen zu Gunsten der Augustions
1644 1217 2003 1384 Rann.
2214 1266 4055 1362 theorie diese Idee aufzugeben. ### es die überzeugten Idealisten
2207 1339 4050 1459 nie darin über, dass auch grosse Denker... zu eine rein materi¬
2207 1412 4045 1513 alistische Auffassung gekommen war — nur befremdete es die über
2200 1477 4059 1588 zeugende Materiale nie, daß grosse Denker, die mit allen Beweis¬
2214 1531 4059 1644 mitteln der Gegenpartei wohl vertraut sind, zu einer rein idealisti¬
2214 1597 4059 1705 schen gekommen sind. Ich habe die Empfindung, dass jeder Mensch
2209 1677 4045 1773 sich irgend einer dieser beiden grundlegenden Anschauungen sym¬
2209 1733 4062 1864 pathisch gegenübersteht — ich begreife nur die Ueberzeugung nicht
2221 1806 4057 1911 — die Gehässigkeit im Kampf, das Nichtbegreifen der Ueberzeugung
2209 1876 4073 1979 des Andern. Wer will es denn so sicher wissen, dass einer oder
2221 1956 4057 2059 der Andere Recht hat. Auch Herr Doktor SCHMIDKUNz, der Philosoph.
2207 2021 4078 2120 ein Herr Doktor GRSTER, der Arzt, wisse es nicht und wenn
2221 2092 4078 2183 SCHMIDKUNZ nur jene oben angeführte Daten hinzusetzt: Es harr
2209 2157 4073 2282 unser das Schauspiel eines der bedeutungsvollen Entscheidungs-
2209 2237 4073 2324 schlachten, welche je in der Geschichte der Philosophie geschlagen
2221 2293 4080 2397 werden, so glaube ich ohne Zögern an die brennende Schlacht;
2214 2368 3536 2469 nur die Entscheidung dürfte sie nicht bringen.
2394 2418 4078 2521 Eine andere Stelle in dem Abschnitt über Heilkunde wird
2221 2514 4090 2591 wohl auf viel Widersprüche stossen, und ich muss sagen, dass
2218 2561 4078 2673 vor Allem was heute in der hieher gehörigen Literatur vorliegt,
2221 2643 4073 2741 nichts genügend ist, eine Behauptung, wie die folgende zu recht
2221 2718 4078 2793 fertigen: (Seite 297)... nur scheint mir hieher die Erwägung zu
2242 2786 4090 2889 gehören, dass anatomische Läsionen erst von einem bestimmten
2230 2842 4090 2955 drad aa von suggestiver Therapie ausgeschlossen sind; indem ja
2232 2905 4092 3032 die Rückbildung krankhafter Prozesse im Körper jedenfalls zunächst
2244 2995 4085 3100 auf Umwegen («symptomatische Behandlung») meines Erachtens
2237 3049 3675 3168 aber auch direkt durch Augustion zu fordern sind.
2406 3114 4092 3210 Die Fälle, wo bei gewissen organischen Leiden durch
2232 3189 4085 3274 Hypnose mit Augustion resp. Augustion allein Besserungen erzielt
2244 3276 4090 3337 worden sind, beruht gewiss nicht auf einer Beeinflussung der spa-
2230 3311 4073 3407 tomischen Läsionen, sondern darauf, dass bei einer grossen Anzahl
2232 3379 4078 3473 von organischen Erkrankungen, wie ich seiner Zeit an anderen
2232 3452 4078 3529 Orten bemerkte, vielleicht bei allen ein Ueberschuss von funktioneller
2237 3506 4087 3602 Beéinträchtigung des betreffenden Organes enthalten ist, die wir
2232 3581 4113 3654 aber durch die hypnotische Suppestion auszuschalten im Stande
2232 3644 4085 3736 sind. Gewiss ist auch die Wirkung der Augustion von Bedeutung,
2230 3710 4097 3787 den noch immer sind die Medikamente spärlich vorhanden, mit
2232 3768 4101 3888 denen wir gefahrlos gleiche symptomatische Erfolge zu erzielen im
2244 3860 4085 3951 Stande ist. Man muss auch berücksichtigen, wie z. B. dass Sup¬
2244 3923 4108 4019 gestion eine Besserung ataktischer Erscheinungen bei Tabes erzielt
2261 3984 4097 4087 worden ist, durchaus ungläubig gegenüber stehen, den wir bessern
2256 4052 4115 4160 gar nicht jene Ataxie, die auf der anatomischen Läsion beruht,
2704 4132 4115 4212 ^gen jenes Mehr von Ataxie zum Verschwinden,
2244 4134 2598 4226 sondern wir
2554 4207 4097 4296 Natur ist und dessen Entstehung bei einem
2244 4207 2561 4298 das eben
2254 4261 4108 4364 geschwächten, angsterfüllten Patenten leicht genug zu erklären ist.
2418 4329 4104 4416 Der letzte Abschnitt über Kunst, Kultur und Religion entkält
2251 4404 4108 4486 in gedrängter Form eine Fülle der werthvollsten Anregungen, auch
2256 4481 4108 4568 einige, die ich vorläufig nicht besonders ernst nehmen kann. Wenn
2244 4542 4108 4627 der Autor gelegentlich eines Hinblicks auf Bühnentechnik hinweist,
2256 4620 4101 4690 «wie wäre es, wenn man einmal probeweise versuchte, eine Rolle
2251 4697 4111 4781 hypnotisch oder posthypnotisch spielen zu lassen», so ist die Marotte
2263 4744 4092 4840 eines geistvollen Kopfes, aber auch nicht mehr. Im übrigen könnte
2244 4826 4111 4915 man die Sache versuchen und etwa in Paris nach dem Théatre
2251 4901 4101 4985 libre, nach dem Théâtre d’art und dein Théatre realiste mit einem
2244 4967 4097 5035 Théatre hypnotique versuchen. Ich möchte aber noch weiter gehen
2244 5032 4097 5112 man solle die Zuschauer in posthypnotischen Zuständen auch der
2256 5086 4108 5197 Vorstellung beiwohnen lassen, insbesondere wäre dies gegenüber
2263 5178 3004 5269 Recensenten anzurathen.
2408 5197 4104 5323 In den letzten Kapiteln zeigten jeder Absatz
2422 5314 4099 5405 und es ist zu hoffen, dass die vielen Anregungen
2256 5386 4085 5466 nicht ungenützt vorbeigehen werden. Dass man zuweilen beim Durch¬
2251 5443 4092 5534 lesen des Buches die Empfindung bat, als trete da ein See an
2261 5487 4108 5590 manchen Stellen über Ufer und flutete äber die Wiese und verlief
2256 5590 4113 5661 sich nur dort, kurz das Gefühl unklarer Grenzen, das musste einem
2256 5633 4113 5741 Buche über Philosophie der Augustion begegnen. Ich habe den
2272 5715 4101 5806 Verfasser gerne auf alle seine Gänge begleitet, zuweilen hätte ich
2256 5792 4113 5877 mehr Klarheit im Vortrag gewünscht, manchmal hätte sich aber
2279 5848 4104 5991 gerne mehr sagen lassen; ### das Werk wohlgelungen und
2272 5935 2448 6057 den
2561 5928 2737 6078 O.S.
4824 699 5447 1072 Berris
5504 926 5806 1062 mais
4406 755 4807 1093 der
