6623 4008
4679 38 6212 306 en entspreche Weise verändert,
3284 85 4543 398 Die Legartion des Arbeklaris
4669 170 6203 464 so werden sich die beute Compo¬
3221 325 3745 495 meerirt sich
4628 284 6250 631 nicht mehr das Glasgeweist halte,
3190 334 4275 637 1. Am Tercoct der Orbita.
4704 454 6209 776 streiten die Result. wird auch
3199 533 4234 757 in the hand. I am
3193 584 4628 887 3. an dolsen Hälfte die Ca. oss laergem.
4729 688 6278 940 ein od arswatsgereinkten
3199 795 4572 1047 M. Cacr. post, Homeri, Diverney,
4748 789 6152 1111 Lidradienten selben Eine
3177 940 4562 1212 Alle drei Portionen ziehen im
4792 991 6174 1300 weiter um seine Lorez. Age¬
3196 1047 4632 1376 Beige über den Bulbm & suchen
3269 1221 4650 1483 bei ihrer Contr. von Bolzen in
4755 1161 6338 1480 sollen, u. so die Bild ab. Entrage.
3256 1369 4663 1688 die Sohne zu verwandeln.
3187 1385 5726 1795 Die beide ersten Portwein sehen u Ectrop. förder
4811 1489 6225 1786 die dritte Portion entschrieß.
3171 1707 4663 2013 in doppelten Dage von neuen nach
4780 1678 6177 1988 austerhalb des Flache des
3303 1795 4650 2152 kosten, u es kann daher ihm
4808 1811 6256 2139 Orbikularis, zicht der Eid nach
3174 1943 4600 2350 Mietzesweise nach dem Kräfte #
4758 2057 6231 2319 men u hinten, u hält es an
3231 2095 4732 2455 in eine vers. u eine Louis. Comp.
4796 2180 6190 2508 der Bulbungedrückt.
3234 2379 4051 2615 gedagt werden.
4799 2335 6234 2631 Seine Fasern verlaufen
3202 2347 4666 2780 die Loriz. Comp. ist wichtig
3196 2549 4707 2934 für die Förtlich d. Thräner,
4789 2537 5966 2890 zunächst ein Lickand
4792 2631 6209 2969 die nomale Werk der Muskel
3250 2682 4720 3060 die vertu Comp. die sich ent¬
4833 2840 6234 3161 haist ab nach der nomm. Inschaffen
3288 2918 4723 3212 vom Verhältnissen - bei vor
4777 3054 5840 3291 1. M intenu. Samed
3281 3035 4736 3347 malen Todrand des Glensge¬
4786 3142 5950 3436 2. der Lage et Lis
3313 3250 4679 3496 nicht halten, sind wichte
4789 3325 5739 3587 3.  d. Conj. perlt
3341 3411 4483 3650 für die Löschluß.
4808 3360 6288 3773 4. den Große in Lage der Bülle
3663 3543 4676 3754 so die Eidrauche in
