6744 4456
3523 152 6180 521 Laryngeale Eralyser and Vrieses
3556 377 6468 858 als Befolf zu Z. agnzeit Tabes um
3552 647 6372 1083 F. Flui (Neapel) Arch. A. o. Lar. Fisi II
6058 784 6491 1020 1887
3552 898 6309 1312 53 J. Frau. Doppelheiten Paralyse der Postrei mit
3559 1216 4521 1523 Car. Rrisen
3571 1286 5825 1704 Bei der Tabes finde sich auch Lühungen
3600 1623 6409 1977 Vielleicht gehören manch für hyrtergehalten Lassen
3523 1833 4236 2074 at Tabs an
3611 1885 6446 2325 Heplerie hat im Abdluh zu Folg! Schnitsler
3582 2221 6380 2480 Cocain in Bromkel lassen - weil nach Chauvt it
3563 2443 6520 2717 Krisen durch Hyperaesthesu der Kehlkraftonnsamt
3515 2647 6483 3038 im Appareci labilität der nervose Centen beitrigs
3552 2894 3992 3264 sind
3545 3619 4373 4025 Senior 180 7/8, S. 139
4084 3892 4465 4110 J. 110.
