6648 4184
4266 233 4907 505 Erklärung
369 364 3265 597 dern schon früher kranken Balbus erfolgt, entweder durch eine
3436 399 4643 628 ad 1) zu optischen Zwecken:
355 500 3305 680 Tridokeklitis plastica überhaupt oder Narben im Uvealtract, und
3406 562 6434 724 a) Bei central oder nahezu central gelegenen, durch kein ander
342 597 3335 794 wir sagen, daß die Ciliarnowen die sympathische Affection ver¬
3401 680 6412 878 res Mittel aufhellbaren Hornhauttrübungen. Die Aufhellbarkeit
334 720 3340 930 mitteln – die Enncleation ist das einzige Mittel, um eine Schon
3414 786 6302 1001 haupt ab vom aeteologischen Momente, d.h. eine nach einem
355 834 3353 1053 pathische Affection zu vermeiden - Über den Zeitpunkt der sympathie
3414 913 6416 1097 Luppurationsproceß zustande gekommene Trübung, Abscesse der
369 957 3314 1198 thischen Offection nehmen wir an, daß es 5- 6 Wochen bis zur Ent¬
3419 1027 6434 1277 Pornhaut, eine Narbe mit Synechie, Staphylome etc. sind um
369 1062 3270 1330 stehung dauert. Ist die Affection bereits eingetreten, so darf
3423 1154 5249 1325 aufhellbar, ebenso verkaltete Narben.
355 1229 1655 1440 man nicht mehr enuctiren.
3432 1220 6408 1510 b) Veclusu pupillae, bei ringförmigen hinteren Synechien nach
373 1312 3335 1527 3.) Bei fremdkörpern des Bulbus, die man nicht anders entfernen kann.
3441 1400 6315 1593 einer Iridokiklytis, durch eine entzündliche Pupillurmembran
364 1435 3371 1672 4.) Bei Bulbis, welche an Ectasien der Cornea oder Sctera leiden, al¬
369 1540 3893 1808 so entweder kormetisch ein Hindernis sind, oder durch die große bedingt
3419 1593 6056 1883 c) Tridentomie bei partiellen stationären Linsentrübungen:
369 1703 2484 1905 Zerrung der Nerven Schmerzen veranlassen
3423 1782 4977 1997 ca) vorderer centraler Kapselstaar
369 1852 2936 2036 5.) Bei Balbis, die durch Glaucom zugrunde gegangen.
3432 1909 4595 2098 cβ) Cataracta Zonularis.
364 1953 1808 2155 6) Bei Cystisercus des Balbus.
3436 2019 5482 2234 Cy) Cataracta traumatica circumscripta
391 2036 2212 2273 7.) Eventuell aus kosmetischen Gründen
382 2080 3353 2344 8.) Ihr kann vorkommen, daß man bei einer Operation unvorsichtiger
3436 2146 4709 2361 ca) Catariacta secundaria
382 2282 3335 2471 Weise die Kapfel eröffnet hat, und dass eine intensive Chorioldal¬
3432 2212 5161 2484 čε) Sogenannte Cataracta spuria
3559 2330 6377 2541 Die Erklärung hinzu ca.) der Vord. cent. Kapselstaar ist folge der
369 2418 3375 2624 blutung entstanden ist. Da kann man die Blutung nicht stellen,
3436 2515 6311 2695 Wucherung der vordern Epithilien. s) Cataracta perinuclearis o/
351 2541 1558 2769 darum enueleirt manch
3436 2642 6495 2844 zonularis ist gewöhnlich angeboren und liegt näher dem Kerne als der
1080 2607 2006 2813 III. Iridectomie
3463 2761 6491 2936 Perichherin. Wenn eine cat. zonularis nicht stationärs sondern pro¬
408 2747 3331 2989 Pridentomie ist die Ausschneidung eines Stückes Gris nach vor¬
3445 2870 6500 3094 gressio ist, macht man keine Irideclomie. Die progresive c. Z. kennt
364 2905 3340 3125 hergegauer Punction der Vorderkammer. Sie wird gemacht:
3436 2984 6504 3204 man an der Speichenzeichnung. p) dabei handelt es sich immer um eine
373 3015 1606 3243 1) Zu optischen Zwecken.
3450 3120 6430 3300 Verletzung der vorderen Linsenkapsel, wobei Kammerwasser in
373 3103 3151 3375 2) Bei Processen, die mit Brucksteigerung verbunden sind.
3467 3256 6368 3445 die Linse eindringt und Trübungen bewirkt; c) ist nichts als
382 3292 1488 3489 3.) Als Hilfsoperation
3463 3340 6447 3603 ein Pupillarpropf nach Dridoculitis, fällt also mit Oeclusis per
399 3327 2133 3616 49Zur Maturation von Cataracten
3489 3524 4459 3704 pillae zu sammen
386 3498 3375 3761 5. Zur Entfernung von fremdkörpern und Neubildungen der
3472 3559 6465 3805 ad 2.) Bei Processen, die mit Drucksteigerung verbunden sind
408 3669 680 3831 gris
3489 3748 6469 3954 Wegen Drucksteigerung bei Glaucoma kat  et oxvi, wenn
373 3687 2910 3981 6.) Um Ernährungsverhältnisse des Bulbus zu bessern
