6953 4366
5145 231 6047 402 konstelligen fehlt. I
5088 326 6494 508 Kinder und dressiren. Mechanisch
3641 280 4861 515 Gouchll Ayschopatholone
5107 413 6596 637 Fertigkeiten (hilbst um sitt. etc!) komen
3868 489 4437 648 1. Fragliste
5100 534 6596 784 dahin. Auch Ueberlegung und Schleicher
3785 508 4975 780 Zurechnungsähigkeit
5119 682 6107 883 (in ja auch bei Thieren)
3577 720 5054 902 Obeding der Inventat. Einhaft in die Strafbock
3592 807 5024 1000 vergönter Handler u Fähigkeit des
5134 739 6608 989 Schwachsinn ist mir quantit vom Volksin,
3580 902 5043 1121 Willerbestimmung m. Kin. der Geben
5138 924 6577 1125 qual vom Hodsinn ertwschen.
5138 1019 6566 1246 er treten bereits abstracte Vorstell
3573 1061 4126 1212 u Rechten.
3679 1061 5035 1387 A Zurechagef von Kindern etc
5096 1163 5736 1356 u Legeth auf.
5145 1216 6608 1459 doch ist die perception (oft auffalle
3580 1262 5069 1512 der genau Alterlässt keinen Schluß
3569 1360 6592 1610 zu; die neuen Entwurf nehmen auf Stumpfheit ergeben kann), zu
5119 1497 6376 1701 dächtnis, Idernasso gestört
3580 1516 5066 1735 Rücksicht daran; es kann sich das ehr
5164 1618 6422 1807 Agathische, verstam Formen.
3584 1610 5039 1883 derliche Mahl den Einsicht mit später
3614 1709 6604 1955 einstellen, Merzigde Intelligenzenten. - Der Geschlechtstins äußert sich un¬
5175 1800 6589 2008 rücksichtslos; Gefristigkeit der
3580 1845 5096 2080 Meiter zehlt der Enlaßenbeherrschysvermög¬
3592 1963 5047 2190 (dummejungensteiche)  Unzucht. Handlungen
5175 1963 5672 2125 blödunge.
3588 1997 6615 2319 Geserkrautheiten. Blödsere im Schrachsen Naivetat der Betreffd Handlung
5179 2110 6615 2323 Hilp also zuberücktüchtigen
3584 2232 4353 2444 nach Krankheiten)
3577 2251 6627 2535 Anlauch herzten öfters in den Robertgeriach Grad des Schwachsins, Naturdehnung
5160 2353 6630 2603 Wotirn ge ihren Verhältnis zu dem und
3607 2455 4664 2637 Mannurk Zustände seltner
5172 2497 6274 2743 Chamke, Alter, Erzichung.
3618 2501 5130 2717 Stallen. Zustand. (Verbolzstrafe) sowol
3618 2618 4997 2849 in der Hubertzeit als bei Kindern
5270 2569 6664 2861 combinationenit andern Anwandten
3796 2720 5009 2955 B Angeborene od in Ehrhaften
5323 2724 6589 2940 2. ch angeb Kuesmangel
3614 2842 5096 3118 Jugend erworben psych. Instanit.
5153 2842 6687 3152 Die Angebaren xyz in untergenom¬
3899 3020 4925 3247 1. Decangel, Blödheim
5160 3050 5759 3262 neten bedeut.
5194 3027 6668 3357 raubstümheit. Im ist der Unterräu¬
3626 3175 5043 3406 ist dem Ausfall er Schräche der Intellant
5164 3171 6619 3489 zuberücksichtige. Eine differer¬
3618 3266 5081 3524 in Folge angeboren Zellehafte odurch
5145 3327 6600 3603 der ieder Geistergaben macht
3622 3372 5062 3649 in frühesten Jugend eingetreten.
5145 3452 6649 3728 sich freilich noch in tenawen geltend
3626 3516 5081 3743 Störung gehemmte Herrentwickl
5172 3599 6558 3842 die Reife tritt späte ein
3649 3630 5073 3914 diot Rummheit ist den höchste Gran
5221 3721 6592 3937 combrunit avec huonark
3649 3800 5119 4062 die Fahrkeit zur Aufnahme absterreten
