7032 4408
3879 184 5258 367 & Pa. V. in subject to be all
2004 285 3539 566 och große Gewaltwecken auf
3656 305 5098 551 substanz niemander geschoben.
1961 418 3477 723 den ganzen Körper entstehen.
3641 445 5145 676 worden u in Unordre, geraten sind
3629 586 5102 812 4. Wie Nordh. komm es darf nicht
1957 578 3492 875 die Kur. kann nach allen Richt
3629 711 5098 941 vorengt sein, den ist. As so, so
1949 773 3520 1066 entstehen; Eindrüstesten zufolge
3641 863 5098 1102 ist die Caten noch in Sumercem
1945 977 3520 1242 der mach Verhältnisse nach unter
1980 1047 5129 1414 zu unerhalb der Lin senebene; in die obergriffen. Diese Dlugnen läßt sich
3633 1152 5109 1414 bei Utropin my des avis besser stellen.
2035 1281 3312 1539 Vorderkamer sehr selten.
3703 1336 5113 1559 Bei einer Catar - operation
2262 1441 3289 1664 Cataractia
3637 1516 4688 1750 müssen wir rücken?
1945 1586 3555 1859 Diense der reifen Cataracta¬
3617 1637 4738 1871 1.06 die Cat. reif ist
3625 1680 5137 2031 2. ob die lichtranheiten Appellanten
1926 1727 3570 1988 1. Wenn kein Schagschaften vorhanden
1945 1859 3535 2160 von der Fris. des Schlagscholten
3605 1863 5121 2250 nicht gelitten a nach das Operat.
1953 2090 2812 2371 ist sehelförmig
3641 2117 4500 2348 Schu zu erwarten ist.
1953 2102 3574 2457 E. Wousie reif ist, kein Pachmittag
3695 2227 4773 2512 De Lichten Ichsproben
3621 2336 5016 2707 a) der Kranke nachs Licht in
1945 2410 2297 2598 Glau
1992 2387 3543 2711 3. Keine speichige Trutzefectoren
3586 2523 5074 2832 dinkel von 20 unterscheiden
1930 2633 2488 2867 vorhanden.
1988 2676 3492 3027 Zeichung verschieden Schichten
3660 2766 4113 2941 lomern
3602 2742 5145 3105 b) das Lichtenpfer der Impteure
1891 2898 3375 3152 hind ungleichmäßig gefärkt.
3633 2926 5109 3203 der Betina muss in act, sein.
1934 3035 3531 3336 Der Verlautterglanz ist eine Inter¬
3629 3098 5129 3402 Man stellt sich vor der kranken,
4590 3273 4816 3355 in
1926 3195 3508 3469 ferenisscheinung, ihr zu Stande
3605 3273 5152 3590 läßt das andere Handtuch mit
1910 3344 3504 3641 kommt doch ungleichmäßige Trub
3703 3426 5195 3750 Endtuch schließen, u. hältere
1906 3500 3520 3789 verschieben Schichten, u. dß bei eine
3605 3594 5172 3910 Kerzenflamme erst oben, dann außen
1895 3648 3512 3934 in Tuncescley begriffen Cater
3594 3715 5059 3969 den neuen u unten. Wenn
1902 3797 3539 4094 Die einzelnen Theile in der Costreal¬
3617 3867 5109 4129 Das Licht gesehen wird, ist die
