6616 4168
3903 220 5394 482 A. Depressio od. Reclinatio.
374 339 3356 566 Behandlung: Man muss die schädlichen Cilien entfernen entwe¬
3463 300 6468 597 Unter Depressiv versteht man einfach die Versenkung, un¬
366 497 3344 705 der einzeln oder durch Abtragung des Cilienbodens. Stellwags
3436 485 6468 690 ter Reclinatio die Verschiebung Persenkung mit Perschiebun
362 616 3356 813 Transplantationsmuthode. Der Cilienboden wird abgetragen
3413 597 6430 813 der Catarakte. Heute macht man die Operation nicht mehr
324 713 2716 948 und umgekehrt wieder auf den Wundrand gelegt.
3436 767 6484 921 Man reißt ja dabei die Linse ganz aus ihrem Zusammenhange,
408 886 3359 1009 Die Fadenöperation macht man nur dann, wenn die untere
3417 840 6445 1048 bringt die Linse an die hintere Augenwand, wo sie eine Reti¬
324 959 3255 1160 Übergangsfalte nicht verkürzt ist. Will man aber trotzdem kei¬
3448 982 6438 1217 nochriciditis erzeugen und dadurch festwachsen soll. Sie wirkt
331 1079 3294 1329 Verkürzung der Übergangsfalt die Fadenlanperation machen,
3448 1106 6453 1298 also hier als fremdkörper und kaum entensive Petinachocivi di¬
358 1237 3267 1406 so muss man sie mit der Spoluneterotomie combinieren, um
3440 1248 6464 1479 tis, ja auch Panophtalmitis erzeugen. Es kann ferner durch Bil¬
331 1345 3271 1549 Die Elonigationsfähigkeit des Lides zu vergrößern. Manchmal
3460 1352 6449 1533 dung von plastischen Massen die Gefahr einer sympathischen
378 1429 3329 1684 ist der Knorpelsicherkruphelt, daß man nichts thun kann, als die
3467 1452 6418 1691 Affection eintreten. Man hat die Reclinatio früher bei allen
389 1580 3367 1799 Dressur des Knorpels vorzunehmen. Da muß man diesen wei¬
3510 1583 6472 1853 Garten Catarakten gemacht, bei K. die einen Kern besessen ha¬
362 1691 2597 1915 diren, eesentuell einen Keil heraus schneiden.
3456 1691 6376 1961 ben, auch bei K, die Verkalkten K, und diese Verkälkten K. bei
420 1807 3352 2003 Man hat auch statt Abtragung des Cilienbodens eine an¬
3483 1815 6464 2042 Kindern sind heutzutage die einzige Indication, unter welcher die
378 1938 3390 2130 dere Methode angegeben, die von Jassche Arlt, welche in der Entfernung
3479 1961 6507 2165 Reclin. manchmal ausgeführt wird. Wir können efent. von einer
351 2065 3386 2269 eines Hautlappens und Verdrehung der Cilien besteht. Doch recidiviren
3467 2076 6457 2354 Reclin sprechen, wenn eine K. secundaria vorhanden ist, wel¬
374 2181 3379 2412 das Leiden sehr oft, wird die Oberhautfalte verzogen, wodurch der Ge¬
3475 2227 6503 2462 che wegen ihrer Feinheit mit derlincette nicht gefasst werden
397 2300 3394 2527 sichtsausdruck unschön wird, daß schließlich die Operation oft wie¬
3483 2312 6464 2593 kann und infolge damit einer Nadel nach rückfärts geträngt wird,
397 2466 3367 2620 Derholt werden muss, so daß es zu einer Verkürzung des Lides
3502 2462 6403 2716 Es wäre dies eigentlich eine Discessu mit einer Reclinatio.
428 2585 589 2674 D D
405 2558 3413 2785 und Isufficienz des Lidschlusses kommt. Die Operation kann des¬
3502 2597 6141 2874 Als Contraindicationen wurden früher angegeben
397 2712 3363 2897 halt nichts nutzen, weil die Wangenhaut keinen fixen Punkt
3517 2735 5085 2947 1) Mültichle hintere Ljnechien
408 2816 2362 3028 hat, um einen Zug ausüben zukommen.
3506 2859 5178 3086 2) Verflüssigung des Glaskörpers
1190 2936 2076 3121 II. Katarakta
4631 2978 5347 3128 B. Discissio
559 3005 2755 3263 M Reclinatu, B) Discissio, c) Extractio
3513 3097 6530 3286 Unter der Discissio versteht man entweder 1) die Durchtren¬
408 3201 3344 3386 Am eine Katarakte zuheilen gibt es folgende Wege: A) Mas¬
3436 3244 6530 3429 nung der vordern Linsenkapsel oder 2) die Durchtrennung einer
378 3313 3313 3525 lässt die Kat. wohl im Augen drunnen, aber verschiebt sie aus
3510 3336 6538 3598 im Pupillargebiete ausgespannten Membran bei k. secundar
389 3390 3440 3598 dem Pupillangebiete, d. v. Depressis od. Reclinätig. B) Man bringt
3933 3448 6276 3714 I. Die Durchschneidung der vorderen Linsenkapsel
389 3540 3402 3748 die Cat. zur Resorption durch Discissio. c) Man bringt die Cat.
3525 3525 6518 3783 wird gemacht bei jugendlichen Individuen 1) Zur Maturation
378 3698 3294 3876 Auch einen großen Schnitt durch die Balbewand aus dem
3525 3718 5925 3964 Der K., 2) um die K. zur Resorption zu bringen.
659 3795 1888 4010 bus heraus, d. s. Extractio.
335 3806 520 3980 2.
