6888 4840
3785 202 5234 467 F.T.K.
2305 176 2511 430 re
3755 467 6494 833 Aethemnts auf de Fehlkopfmüsbetr
3598 792 5649 1225 Fels Leuor à Victor Horsley London
3647 1035 6647 1386 On an appareulles peripteral and afferented
3628 1315 6105 1651 action of effet on the leer musiles.
3673 1528 5425 1876 But bed J. 28/8 a 8/9 H.
3658 1681 6553 2033 Prüfung et Expémante u Resultaté Hospois
3703 1947 6594 2275 Baston) Ainer. Lar. Assoc. Traaiact. 7. W.
3617 2212 6426 2526 Dr. Koope fand, oss unter den Einfluss eines
3624 2432 6527 2705 In authet laufte elektr Reizy at Rec.
3624 2671 6426 3011 bei Thieren eine A.D. des entgerechs
3624 2911 6561 3292 Nun bzwecke; war jedoch die Anacelle
3676 3127 6557 3501 vollpr, so fuhrt desselbe Reise Abd.
3785 3404 6370 3822 herbei. Dasselbe Resultat bei durch
3718 3635 5276 4020 schnellnen Nerven
