6616 4120
3367 222 6435 451 Arontaler Richtung, jede Paser hat die Tendenz in horizentaler
344 268 3290 497 und Jris vorhanden ist, und Opticus und Retina noch intact, so
3397 390 5264 612 und verticaler Richtung zu Wirken.
352 459 2984 650 wird man Irideclomie zu optiscten Zwecken machen.
3412 520 5371 727 2) kommen noch Jäsern vom Perioste her.
337 581 3359 765 2) Am ein weiteres Eclairen der Novle zu verhüten und zum Cibiarz
352 643 6450 849 newalgien vorzubeugen, kann man Fridectorie zur Herabsetzung 31 Die Dritte Portion ist die Gränenkommnportion des Muskol.
3405 788 6458 972 Sie entspringt am Lig. canthi int. und an der Cornea Facri¬
352 803 1423 1010 des Druckes machen.
3397 926 6488 1094 malis und umspimmt mit ihren ersten Hasern das Thränenröhr¬
352 918 3313 1148 3.) Wenn man für das Sehen nichts mehr leisten kann, so macht
3367 1033 6481 1232 schen, löst sich dann in Bündelauf, welche Fächerförmig ausstrahlend
329 1048 1943 1247 man die Incision der Excision
3412 1163 6427 1331 nach vorne ziehen bis in die Gegend des Lidrandes, und sich dort
360 1132 3191 1370 4.) Bei stärkerer Ausdehnung und heftigen Ciliarneuralgien
3397 1262 6488 1438 am Rande des Lides an verschiedenen Stellen insacren. Dieser
337 1301 1989 1492 macht man die Enncleatio Bulbi
3367 1415 6488 1607 letztere Theil ist der M. subtarsalis, er gibt auch Äste zur Kornn.
360 1415 2242 1637 5.) Andere Methoden sind: 5) Trepanation
3382 1523 5256 1722 hel ab, eine Portion geht ins obere Lid.
1477 1469 2502 1729 6.) Drainage der Bulbe
3481 1614 6504 1867 Wirkung des Muskels: Die Hauptportion besorgt die Schließung
1431 1668 2349 1867 7.) Naht der Cornea
3420 1752 6289 1928 der Lidspalte und Weiterleitung der Thränenflüssigkeit
1446 1722 3275 1997 8) Combination v. Iridectomie u. Excision
3412 1890 6427 2058 durch eine Bewegung, die immer in frontaler Richtung vor
1002 1844 2295 2104 VIII. En-s. Ectropium
3382 2028 6404 2219 sich geht. Der M. subtarsalis hat dagegen die Aufgabe, das
490 1966 3290 2242 Zu einer normalen Stellung des Lides gehören 1) normale
3382 2119 6419 2295 umtere Lid an den Bulbus anzudrücken, d. h. Balbus und
337 2127 3290 2357 füllung der Arbita, 2) normate Muskelthätigkeit, 3) normal
3412 2272 6465 2433 Lid immer adaptirt zu erhalten, allein unter der Voraus.
329 2265 1132 2479 Origider Tarsus
3428 2364 6442 2594 setzung, dass der Lidraud die normale. Länge besitzt, daß
398 2318 3328 2586 Unter En- und Extropium bezeichnen wir jene Stellungsano¬
3382 2494 6396 2739 der Rögen, welchen der Lidrand bildet, der entsprechenden
337 2494 3282 2693 malien des Lides, welche durch pathologische Muskelwirkung
3405 2609 5364 2823 Convexität des Bulbus angefaßt ist.
337 2647 3351 2839 zu stande gekommen sind. Diese pathologische Muskelwirkun¬
3474 2678 6488 2930 Bei Vorhanden sein des disponirenden Monments, einer Verlei¬
321 2762 3229 2946 kann noch dadurch unterstützt werden, dass die Füllung der
3405 2862 6419 3083 gerung des Lidrandes, kommt es bei Verlängerung zur
329 2892 3236 3083 Orbita eine abnorme ist, oder der Tarsus nicht rigide ist;
3435 3030 6389 3206 Bildung eines Extropiums, bei einer übergroßen Contrac
329 3038 3359 3198 oder der Lidrand verändert ist, welch letztere Momente wir
3412 3114 6488 3298 tion des Muskels und bei einer Verkürzung des Liedrandes
344 3129 1882 3336 als disponierende bezeichnen.
3420 3282 6435 3451 zu einem Entropium Echtes En- und Extropium ist ein
513 3252 3359 3466 Der hauptsächlichste Muskel des Lides ist der M. orbicularia
344 3305 6496 3581 palpekarum, der vom Fasialis verforzt wird. Wir unter solches, welches nur durch Mukelwirrteung zustande
3435 3497 6266 3726 gekommen ist bei erhaltener sufficienz des Lit:
337 3497 2288 3680 scheiden an ihm mehrere Parthien
337 3611 3321 3818 Hauptportion. Kreisförmige Päsern, welchenen Lig cantli
3458 3650 3971 3826 schlusses.
497 3764 3282 3948 und ext. festhaften. Diese Paserung verläuft in nahezu
