6792 4840
3569 303 6180 843 Türgerisch Sualjusch K.E.Rochs
3432 619 5665 1070 Rafael Arwa (Madrid.) 1886
3493 760 6295 1246 Stimmkörnung des ist nicht aus dem an at. Lefund
3482 1095 6245 1603 keine Vermögen d Stimmler oblijue Linie
3482 1210 4303 1477 erkannt lassen.
3533 1372 6327 1887 derer weder Theil auch r. od. l. gerechtet ist
3562 1563 6349 2042 od daß das ein der Lder sich lassamme bei dem
3547 1801 6403 2312 Abt entfernt, od daß beim Alleißen am
3551 2064 5953 2542 Verschiedenheitter Spannstr. das ersit
3533 2254 6147 2870 Dese Erscheinung hänger in ein Josef
3601 2524 6515 2989 der Unvollung ab; die Erscheinung auch
3587 2946 4656 3378 sich jedoch sehr.
3587 3353 6475 3900 afford to ampt it to find you byst Para
5949 3569 6421 3915 Sebr.
