6824 4264
3473 178 5001 480 schneubt möglichst kurz an
1825 263 3361 545 Aufgehoben, in vertial eingeschnitten.
1822 364 4935 665 Saum et emp. bis zum gegenüberstegst Silber zurückstreifen der
3465 472 4977 731 Krei. tulbi mit dem Früger, fester
1829 623 3372 843 Drittel dürchtrent. Dann fasst man
3485 630 4970 886 Todefornverband. Le Blukung
1822 754 3334 1044 den enthr. Nirkel mit der
3442 750 5051 1017 Camponade milbrath oder werde
1856 855 3372 1168 Pineette, schielt das stängfe
3461 886 5039 1106 sausambe; momas Jerr. sesgn.
1849 1040 3349 1330 Blott der Schma davonter, u.
3500 1021 5028 1350 Indeationen & Marckhof etc Buller
1864 1180 3392 1532 Durchträt ihn wenigstens am
3465 1203 4981 1497 Loi Melacroune, de pris, un être
3496 1338 5051 1632 Cap. eil. nicht ergriffe ist, gewagt
1891 1346 3396 1648 som pte selva (Mikolftur)
3512 1516 5047 1795 fridektomie. Ephilhelionie an etc.
1876 1524 3376 1825 ein eben de Bilbus präsoren etc
3516 1675 5066 1941 Corns, Selvalgange with ab¬
1887 1682 3392 2011 Ganzen Operation zu halten ist.
3488 1802 5063 2135 getragen die Grundschaft energisch
1911 1814 3407 2162 durch den Schnittlicht die Fenon'sche
3496 1972 4823 2259 mil ferr. caur. touchirt
1895 1996 3376 2317 Kapselroffen. Nun geht mit
3465 2092 5028 2382 II. Jene Augen, bei ihnen er in
1891 2174 3411 2491 den Strafenblatt der Schara ein¬
3504 2181 5066 2553 Folge vom Friedkyhnte zu Eckei¬
3539 2355 5070 2707 Dat schwarten auf der Comp. einl
1922 2348 3376 2711 durchschenkt zuerst die rest. infi¬
3566 2483 5032 2870 gekommen ist, die durch Schaupt
1934 2514 3384 2843 den etc. rect. sup. sodann dreht
3543 2645 5043 3048 zu Regen u Zornen Veranlaßen
1887 2688 3465 2963 monsieur Billis an Mikilftuiret
1914 2843 3488 3164 so, daß vorhandlern kann, mittel
3574 2854 5124 3249 Vorletzt met by dit cop ait
3593 2943 3926 3113 geben.
1880 3021 3492 3361 osträgl u Lidspalte in einer
3612 3017 5105 3419 (Riß-Reisäumte gab der
1911 3175 3512 3527 hörzoehalen ihren liegen;
3616 3210 5093 3539 trennt vom Fremokrägen, die
1934 3365 3492 3659 Dann liegt das Schmerz mehr
3605 3349 5070 3728 nicht liegen geblieben sein
1988 3508 3485 3833 selben korigont vom. Man
3577 3546 5082 3937 L Freunde da in st Gegend
1976 3647 3485 4007 pößt die Schorn vorunters¬
