5355 6340
493 423 650 524 889
1837 435 2901 531 Internationale Klinische Rundschau
500 563 2347 683 VI. Kongress der italienischen Chirurgen in
2560 584 4245 666 Der Vortragende berichtet eingehend über den von ihm
2410 659 4245 746 operirten Fall. Es handelte sich um eine Frau von 52 Jahren, die
1246 666 1575 797 Bologna
2405 727 4245 820 jedesmal bei der Defäkation Schmerzen in der Gegend der rechten
1040 788 1767 879 vom 16. bis 19. April 1889.
2391 813 4250 893 fossa iliaca empfand. An dieser Stelle bestand eine ziemlich grosse
624 849 2165 951 . (Originalbericht der « Internationalen Klinischen Rundschau»)
2391 870 4250 961 wenig nachgiebige Geschwulst. Man diagnostizirte einen atro phi¬
2389 921 4238 1024 sches oder fibröses Carcinom des Blinddarms oder der
610 951 2328 1054 (T.) Auf diesem Kongresse, der einen grossen Erfolg gehabt, waren
2391 1000 4226 1096 umgebenden Partien. Die Operation war eine äusserst schwierige
500 1033 2335 1108 die hervorragendsten Chirurgen Italiens, darunter fast alle Vorstände
2391 1075 4236 1145 da der Tumor durch zahlreiche Schwarten mit Dünndarm und
493 1099 2328 1190 und Assistenten der chirurgischen Kliniken, erschienen. Vor Eröffnung
2391 1138 4247 1213 Peritoneum verbunden war. Das Coecum wurde ganz exstirpirt und
493 1171 2328 1241 der Sitzung stellte Senator Prof. DURANTE (Rom) den Antrag aut
2391 1213 4247 1288 die Darmwunde dreistufig genäht. Die Heilung erfolgte rasch. Am
491 1230 2338 1311 Gründung eines chirurgischen Centralblattes, welches
2391 1281 4238 1363 siebenten Tage nach der Operation hatte Patentin zum ersten Male
489 1295 2321 1379 dazu bestimmt wäre, italienische Originalarbeiten zu veröffentlichen
2391 1363 4226 1447 eine Stuhlentleerung, die' ganz schmerzlos war. Schon a'n zehnter
482 1365 2335 1459 Der Vorschlag wurde mit grossem Beifall von der Versammlung
2405 1421 4233 1510 Tage konnte sie das Bett verlassen. Die Heilung ist eine voll-
482 1435 2338 1519 angenommen. Nachdem dann Prof. DURANTE ein gedrängtesale
2391 1489 4238 1573 ständige. Die Untersuchung des exstirpirten Darmtheiles ergab, dass
482 1508 2340 1578 der Arbeiten des vorjährigen Kongresses gegeben wurden die Ver-
2391 1561 4236 1643 es sich nicht um eine krebsige Neubildung, sondern um indurirt
482 1580 2321 1669 sammelten durch den Präsidenten Prof. LoRETA (Bologna) in herz-
2398 1625 4238 1704 thronische Typhlitis und Perityphlitis tuberkulöse
470 1634 1145 1730 lichster Weise begrüsst.
2391 1692 3032 1784 Natur gehandelt hat.
638 1732 2006 1833 Hierauf begannen die wissenschaftlichen Vorträge.
2564 1755 4247 1844 Prof. TROMBETTA (Rom) theilt mit, dass er in einem Falle
2391 1826 4247 1903 das Coecum und einen Theil des colon ascendens wegen eines
470 1821 2328 1919 Proj. Cecherelli (Parma): Die chirurgische Behandlung der
2391 1898 4226 1971 Tumors exstirpirt hat, den er für Carcinom gehalten hatte; in
1054 1896 1755 1999 tuberkulösen Peritonitis
2391 1968 4236 2034 Wirklichkeit hat es sich aber um eine Typhlitis und Perityphlitis
638 1966 2330 2064 Der Vortragende hat die Laparotomie in vier Fällen von
2391 2034 4238 2106 mit kleinen disseminirten Abszessen gehandelt. Es wurde ein anus
470 2064 2321 2134 Tuberkulose des Peritoneums ausgeführt. In einem Falle handelte
2398 2106 4233 2197 praeternaturalis gemacht. Der Kranke starb vierzehn Tage nach
470 2132 2340 2200 es sich um eine 28jährige Frau, die während des Stillens ihres
2391 2167 4238 2251 der Opera-ion an einer septischen Peritonitis, die sich in Folge einer
489 2188 2321 2267 fünften Kindes krank wurde. Patentin verlor den Appetit und ihr
2391 2237 4107 2323 Darmruptur und Austrittes von Fäkalmassen entwickelt hatte.
470 2260 2321 2366 Abdomen nahm an Umfang zu. Bei der Laparotomie fand man das
2548 2309 4233 2412 Prof. BASSINI ( Padua) berichtet über einen Fall von Resek
477 2326 2321 2412 kongestionirte und ödematöse Peritoneum stark mit Tuberkeln be¬
2398 2391 4226 2468 tion des Dick- und Dünndarms wegen Adenom bei eine
2380 2461 3815 2581 23jährigen Frau. Die Operation führte zur Heilung
470 2405 2328 2485 säet. Nach Entleerung einer grossen Menge Flüssigkeit wurde die
468 2461 2321 2546 Peritonealhöhle mit Thymolwasser gut ausgespült und hierauf mit
477 2550 2321 2618 Jodoformpulver bestreut. Die Kranke genas, bis heute (sechs Monate
470 2616 2309 2700 nach der Operation) sind keine Krankheitserscheinungen mehr auf
470 2681 2328 2763 getreten. — Der zweite Fall betrifft einen 11jährigen Knaben, bei
489 2754 2321 2821 welchem sich ein Ascites langsam entwickelt hatte, ohne von anderen
470 2819 2309 2884 Krankheitserscheinungen begleitet zu sein Auch hier war das Peri
470 2894 2321 2969 toneum mit Tuberkeln dicht besäet. Behandlung wie im ersten Falle
470 2959 2316 3022 mit Thymol und Jodoform. Da der Ascites sich erneuert hatte.
446 3018 2321 3100 nahm Redner die Laparotomie ein zweites Mal vor, wobei zahl
477 3090 2316 3156 reiche Adhärenzen zwischen den Dünndarmschlingen vorgefunden
470 3151 2328 3219 wurden. Jn excidirten Partien des Peritoneums konstatirte man
470 3193 2309 3305 unter dem Mikroskop die Anwesenheit von vielen Tuberkelbacillen
470 3277 2328 3359 Die damit angestellten Kulturen fielen jedoch negativ aus. Bei der
458 3347 2321 3424 zum zweiten Male vorgenommenen Laparotomie fand man Tuberkel
458 3424 2316 3516 in geringerer Zahl vor; an manchen Stellen waren die Tuberkel
470 3499 2316 3583 von bindegewebiger Neubildung umgeben. Der Zustand des patienten
470 3565 2305 3637 ist bezüglich des Peritoneums bis zur Stunde als gebessert anzu
477 3632 2321 3705 sehen; in den Lungenspitzen sind indessen Infiltrationserscheinungen
465 3703 2309 3780 nachzuweisen. — Der dritte und vierte Fall endlich betreffen einen
470 3770 2316 3848 sechs- und achtjährigen Knaben. Bei beiden ist durch die Laparo-
470 3841 1823 3913 tomie eine bedeutende Besserung erzielt worden.
624 3894 2298 3985 Bisher sind in der Literatur 86 Fälle von tuberkulöser Peri
458 3983 2309 4051 tonitis aufgezeichnet, die mittelst der Laparotomie behandelt wurden.
465 4039 2309 4130 In diesen Fällen hat man 52 Mjal (?) Heilung und 6 Mal Besserung
470 4102 2309 4191 des Krankheitszustandes erzielt; 25 Patenten sind gestorben; bei 5
458 4172 1234 4252 ist das Resultat unbekannt.
612 4243 2305 4334 Die klinischen und experimentellen Erfahrungen des Vor-
465 4324 2309 4397 tragenden veranlassen ihn, zwei Formen der tuberkulösen Peritonitis
465 4399 2298 4479 zu unterscheiden, nämlich: eine trockene Form und eine asci
456 4460 2316 4553 tische Form. Bei der ersteren Form wäre ein operatives Vorgehen
444 4530 2316 4607 aus leicht begreiflichen Gründen nutzlos. Von Vortheil ist hingegen
446 4591 2298 4687 die Operation bei der zweiten Form und sie ist sogar nothwendig
446 4668 2305 4757 in Fällen von eingekapseltem Flüssigkeitsergusse. In Fälien von
451 4740 2307 4832 freiem Ascites kann man sich auch darauf beschränken, die, ein¬
465 4808 2298 4895 fache Punktion der Peritonealhöhle mit nachfolgender Ausspülung
458 4878 2298 4948 vorzunehmen: unter Umständen kann ja die einfache Punktion
465 4953 2113 5037 dieselben günstigen Resultate wie die Laparotomie ergeben.
594 5133 2179 5238 Prof. Durante (Rom): Exstirpation des Blinddarns.
601 5236 2298 5330 Die Fälle von Ablation des Coecums sind sehr selten. Dem
451 5299 2295 5411 Vortragenden sind nur zwei Fälle bekannt (der von BILLROTH und
446 5383 874 5495 Lawson Tait).
2391 2620 4219 2728 Dr. Angelini: Exstirpation einer Ovarialkyste bei einer
3086 2704 3546 2807 graviden Frau.
2555 2789 4247 2880 Der Vortragende hat eine voluminöse Ovarialkyste bei einer
2380 2847 4247 2934 Frau exstirpirt, die im fünften oder sechsten Monate schwanger
2389 2938 4236 3008 war und deren Schwangerschaft erst bei der Operation erkannt
2380 3006 4238 3074 wurde. Schon 15 Tage nach der Operation konnte Patentin
2380 3064 4238 3132 das Bett verlassen. Die Schwangerschaft nahm Anfangs einen
2380 3123 4219 3198 regelmässigen Verlauf, da aber die Frau anstrengende Arbeiter
2380 3198 4236 3294 ausführte und all^uhäufigen geschlechtlichen Verkehr übte, so gebar
2387 3282 4233 3352 sie einen Fötus nach Ablauf von 55 Tagen. Abgesehen von einer
2391 3343 4219 3424 gewissen Verlangsamung in der Involution des Uterus, traten keine
2387 3406 4219 3485 ernsten Folgen auf. Heute befindet sich Patentin ganz wohl. Dieser
2387 3469 4238 3560 Fall beweist, dass die Entfernung von Ovarialtumoren bei graviden
2387 3541 4226 3623 Frauen nicht nur möglich ist, sondern auch geboten erscheint in
2384 3604 4233 3693 Fällen, wo ein Abwarten von Nachtheil für die Kranke und für
2375 3684 3308 3777 die Entwicklung des Fötus wäre.
2368 3841 4226 3927 Prof. Loreta: Die digitale Dilatation bei Verengerungen der
2948 3927 3672 4025 Cardia und des Pylorus.
2543 4004 4215 4095 Der,Assistent der I. chirurgischen Klinik in Bologna, Dr. PoG61
2368 4102 4236 4175 theilt zwei Fälle von Stenose der Cardia und des Pylorus mit, die
2380 4156 4219 4259 von LORETA nach seiner Methode der dignalen Dilatation be¬
2368 4219 2828 4313 handelt wurden.
2536 4289 4219 4383 In dem ersten Falle handelte es sich um eine Verengerung
2368 4362 4215 4441 des Pylorus. Der betreffende Kranke hatte Vomitus sieben Stunder
2368 4434 4226 4502 nach jeder Mahlzeit. Man diagnosticirte eine Magendilatation. Bei
2368 4504 4215 4577 der Palpation war kein Tumor nachweisbar. Man incidirte in der
2368 4567 4215 4652 Medianlinie die Bauch- und Magenwand, führte zuerst einen, dann
2363 4642 4208 4733 zwei Finger in den stenosirten Pylorus ein und nahm die graduelle
2375 4701 4215 4785 Erweiterung desselben vor. Der Operirte genas vollständig, er erfreut
2368 4778 4226 4857 sich gegenwärtig einer guten Gesundheit und nichts lässt eine
2380 4834 3527 4930 Wiederkehr des alten Leidens befürchten.
2543 4911 4219 5002 Der zweite Kranke litt seit zwanzig Jahre### an einer Stenose
2356 4986 4208 5056 der Cardia. Nach Incision der Bauch- und Magenwand wurde die
2354 5061 4208 5135 verengerte Stelle zuerst durch die Finger, dann noch durch einen
2368 5117 4215 5210 Dilatator erweitert; zur Sicherstellung des erzielten Resultates
2375 5196 4215 5278 wurde durch den Mund eine Oesophagussonde eingeführt. Der
2356 5264 3962 5344 Kranke ist von seinem Leiden vollständig geheilt worden.
3055 5330 3544 5437 (Fortsetzung folgt.)
