6920 4840
751 181 3033 483 3°   ̃  :
672 449 3180 604 wenn wir verrattet.
3116 558 3312 739 a p
1558 539 2660 698 de ma rueux
313 494 615 770 G.F.P.
3516 570 6508 841 Kreuse (Procieces) As Obbiethford any of
3565 743 6530 1105 Ihr Befinde von Atroprk In Mm post bn fuitb.
3516 988 6538 1347 die Stunde nicht bewerkräftig. Sp. Senior
3524 1188 6538 1573 unvollsech. Ein Fode durch den Rei gezog
3527 1422 6372 1728 trefft nicht den Nerven, sondern geht durch die
3539 1600 6462 1965 Meine u. der Neurilleumhindurch. Die Ap¬
3557 1864 5678 2158 müsse in wir gemacht werden.
3535 2048 6428 2331 beschede römmt an einen Fall (Kl. Wochen) u on
3565 2245 6425 2603 beiderh. Postlicherz, durch Slryche nach gehen,
3588 2441 5844 2777 also offenbar keine Contracten
3603 2660 6425 2969 Remak Moll und bei refleit. Genase ist
3610 2905 6583 3210 ton Adductorenconts for lange Zeitmartig
3629 3078 6443 3467 Anlagen. Contractiue, ich in der Vorgang
3535 3346 6568 3697 nay byosites in Toly oegener Neurelis Konten
3607 3539 6417 3878 Veranlaß sein auf Reigerein notor
3637 3723 6526 4082 Morve Prudt und Klonische Krumif vor¬
