6616 4120
3449 218 5325 467 Die Operations methoden sind folgende:
354 241 3351 482 Wenn man die vordere Kachsel durchtrennt, tritt Kammerwasser
324 407 3299 618 in die Linsemmasse ein und diese Blöht sich auf. In dieser Bläsung
3397 362 5287 618 1) Extraction mit Lappen nach unten
3449 505 6417 731 Diese Operation hat den großen Vortheil, dass unter der Voraus¬
316 535 3344 746 der Linse liegt aber eine große Gefahr. Durch den antauerns
331 663 3344 859 Reiz auf das Kyklon kann es nämlich zu einer plastischen Trio¬
3389 633 6439 851 setzung eines vollkommenen Erfolges das Schvermögen blos durch
324 791 3306 1009 kyklitis kommen. Wenn sich die Leise zu stark blöht, muss man
3397 798 6462 964 Vorsetzung einer entsprechend convexen Luise curigirt zu ver¬
331 904 3321 1100 Atropin und fisumschläge geben, weit, die Punction der Cornea,
3389 896 6402 1084 den braucht, indem ja die Iris mit ihrem Sphineter erhalten ist.
331 1024 3359 1197 machen. Auf der Stellwagschen Schule wird die Discissio immer um
3397 1009 6402 1235 dagegen hat sie eine ganze Reihe Nachtheile wegen welcher man sie
331 1130 3284 1326 gemacht zur Maturation einer partiellen K. eines jugendlichen
3382 1160 5746 1363 auch heute nicht mehr macht. Diese Nachtheile sind:
331 1258 3231 1446 Individ. Man macht die Discissio zur Resorption der Lüthe
3389 1250 6469 1469 a) Zustarkes Klaffungsvermögen des Lappens, deshalb schon väh¬
331 1401 6386 1566 deshalb nicht, weil das eine Operation ist, die man nicht desen kann, und der Overation sehr leicht Verfall der Seis und besonders
3389 1514 6409 1725 des Glaskörchers und diese Gefahr wird noch vergrößtert während
354 1506 3178 1732 Wir machen die Discissio also nur zur Maturation und zur
3374 1627 6417 1853 der Wundbehandlung, besonders Vorfall der Tris mit Eintheilung
3389 1770 6326 1951 derselben, Gridokyklitis und selbst sympathische Affection.
3382 1898 6447 2071 b) Nachdem die Tris nicht ausgeschnitten wird, sind zurückgeblie¬
3389 2003 6394 2184 bene Reste gar nicht oder nur schafer zu entfernen, es entsteht
3404 2124 6432 2350 sehr leicht Sridokjklitio mit daranffolgendem Rupillarferschluß,
3464 2274 6507 2425 Indicationen: Einen in die Vorderkammer lucirte Linse bei einer
482 1642 2892 1853 II. Durchtrennung der feinen Membranen
362 1710 3261 1958 im Pupillargebiet bei K. secundaria. Es handelt sich dabei
354 1890 3291 2048 immer um so feine Membränen, dass man sie weder mit der
354 2011 3223 2237 Pincette noch mit Hacken fassen kann, um sie zu extrahiren
972 2124 2508 2297 C. Extractio Kataraktae.
377 2161 3366 2463 Wir verstehen darunter jene Operation, bei welcher mit schnitt
331 2402 3269 2583 weiser Eröffnung der Bulbuskapsel unter Zuhilfenahme
339 2478 3306 2689 der natürlichen Kräfte des Bulbus die total getrütte Lüthe
339 2613 3238 2839 nach auswärts geschafft wird. Um eine Katur. exkahiren zu
354 2734 3269 2922 können, muß man ihre Reise constatiren, es müssen nämlich,
331 2854 3276 3095 sämmtliche Schichten getrübt sein. Wir dürfende eine unreife k
339 2922 3351 3186 nicht extrahiren, weil wir nach der Discissio nur imstande
339 3088 3329 3329 sind, die getrübten Massen herauszubringen, während wir die
331 3223 3329 3419 ungetrübten nicht sehen können und daher häufig zurückli¬
362 3344 3321 3540 Diese Restehibiren sich nun mit Kammerwasser, blähen¬
346 3479 3344 3683 sich nehmen an Volumen zu und bewirken durch ihren Druck
331 3592 3299 3803 tägliche Myklitis. Außerdem sind wir bei unreifen Kat. gar nicht
602 3736 2689 3954 ende, die Linse von ihrer Kapfel zu trennen.
211 3751 527 3969 ge xxx
3412 2380 6289 2613 Kat; in der ein Fremdkörfer steckt, bei einer durch multiplle¬
3419 2500 4624 2696 Synechie acreten kat.
3397 2621 6371 2847 2) Extr. mit Lappen nach oben und Darauffolgender Leidectomie
3449 2741 4918 2945 Vortheile dieser Methode sind
3397 2854 6499 3065 2) Geringes Klaffungsvermögen des Lappens, Uhr geringe Gefahr
3404 2997 6507 3216 des Vorfalls vom Glaskörper. Der Dris Vorfall ist durch die Iridec.
3397 3125 4760 3306 tomie unmöglich gemacht.
3419 3231 6522 3434 (3) Durch die Fridectomie schaffen wir gewissermaßen eine Straße
3397 3374 6492 3570 auf welcher wir durch Streifen auf der Cornea die zurückgeblie¬
3397 3494 6515 3683 benen Reste leicht entfernen können. Deshalb verminderte Gefahr
3427 3607 4398 3826 der Tridokyk litis.
3487 3683 6492 3939 Diesen großen Vortheilen gegenüber steht der einzige Nach¬
