6936 4824
3806 565 6515 917 Aldictorparalge nicht Adieudercontractus
3674 785 6614 1155 Senion, Verh. die langig. Section Nr. 59. Vater
3714 1049 5507 1382 foscheroers in Berlin 1886.
3725 1173 6548 1606 Der bei organ. progress halsionen der Rehlkopf
3681 1452 6629 1796 nem vom Quess. keine abwärts zur Verbacht
3721 1679 6456 1921 kommend Merkanstally it Stimmbauß ich der
3718 1925 6515 2211 Stimkunde nicht in der großen Major. A Fall als
3655 2145 6537 2475 for mare Postinspralyse (synten gefolgt non
3699 2368 6456 2695 Anlagonio leu anbrieben) gegenblich, an
3677 2607 6497 2970 solten müsse hier wenop. Mertavstalt
3681 2845 6332 3160 und Reigerschein gebeten werden.
3707 3072 6533 3461 Rück der Krain Ehen Oderken auf zwar
3670 3318 6599 3729 getfolg avat. und klimschen Erfahrungen
3652 3600 6002 3927 sowie auf Grundanlage Norgang
3685 3831 5356 4117 andere Unverzutreten
