4792 6104
1778 319 2849 455 Internationale Klinische Rundschau.
422 361 579 464 893
2340 478 4186 575 Bauchfellsack injizirt, das Thier nach drei Tagen getödtet, während
596 495 2282 589 Im sechsten Kapitel wird die Eintheilung der Hypnose, welche
2338 539 4186 647 ein anderes, welche dieselbe Menge in den Magen bekam, gesund
429 572 2293 654 die Schule der Salpetrière macht, nämlich die in drei Stadier einer
2340 633 4176 708 blieb. Die Autopsie von fünf an dieser Substanz zu Grunde ge¬
417 640 2270 718 Kritik unterzogen, welcher man Klarheit und die Kraft zu über-
2352 678 4181 788 gangenen Thieren hat nun genau das gleiche anatomische und
422 713 2284 795 zeugen, gewiss nicht absprechen wird. Die Bemerkungen über
2340 762 4183 854 histologische Bild ergeben: Die Organe — besonders deutlich die
434 779 2284 875 den Transfert, die Automatie und über das hallucinatorische Bild
2338 816 4181 929 Niere, Leber, Milz und Lunge — sind braunroth mit einem Stich
441 851 2035 933 bilden vielleicht den bedeutendsten Abschnitt des Buches.
2345 886 4174 983 in’s Olivengrüne gefärbt, ebenso ist das Blut im Herzen und in
603 943 2277 1029 Die These, welche BERNHEIM aufstellt und die er an der
2345 973 4183 1058 der Vena cava etwas verfärbt; in der Harnblase fand sich eine
429 1011 2282 1088 Hand geistvoll erdachter Versuche zu beweisen sich anschickt, ist
2359 1025 4165 1119 schmutzig braune Flüssigkeit, in der sich Blutfarbstoff als Bestand
429 1086 2263 1170 in Hinsicht auf das ballucinatorische Bild die folgende: «Das sug
2352 1107 4176 1184 theil nachweisen liess; rothe Blutkörperchen fanden sich in der
434 1147 2272 1233 gerirte Bild beträgt sich nicht wie ein wirkliches, dieuggerirten
2352 1163 4174 1252 Flüssigkeit der Harnblase nicht. Bei histologischen Schnitten durch
434 1217 2284 1294 Farben mischen sich nicht miteinander, wie es verschiedenfärbige
2345 1243 4181 1320 Nieren und Leber fand man in den Gefässen und Harnkanälchen
417 1287 2286 1374 Strahlen, welche die Netzhaut passiren, thun müssen. Und wenn
2345 1294 4162 1391 braunen Detritus, offenbar Zerfallsprodukte von rothen Blutkörper
422 1365 2272 1445 diese Mischung eintritt, so vollzieht sie sich im Widerspruch mit
2340 1365 4188 1468 chen. Dieselbe Wirkung fand man bei direkter Einwirkung des
417 1428 2282 1520 den Gesetzen der Optik, nach dem freien Spiel der Phantasie der
2340 1449 4183 1534 Hydracetin auf das Blut. Diesen Effekt mit seinen deletären Folgen
441 1494 842 1597 Hypnotisirten».
2345 1501 4162 1597 verdankt diese Substanz ihrer stark Sauerstoff absorbirenden redu
596 1578 2286 1665 Wir müssen uns damit begnügen, nur in Kürze noch einzelne
2340 1592 2854 1688 zirenden Wirkung.
434 1651 2275 1735 Partien des Werkes zu erwähnen, so die über verbrecherische
2519 1688 4186 1768 Die Versuche an Kranken zeigen, dass das Hydracetin schon
417 1719 1899 1834 Suggestionen und über rückwirkende Hallucinationen.
2352 1733 4181 1838 in verhältnissmässig kleinen Dosen eine stark antipyretische Wirkung
2345 1815 4176 1909 übt. Die Versuche wurden an 18 hochfiebernden Kranken angestellt
579 1808 2277 1895 Der zweite Theil behandelt die Heilwirkung der Augustion,
2345 1881 4198 1967 und zwar in acht Fällen von Abdomi.i.altyphus, in drei Fälien von
417 1906 2286 1982 und nachdem in einem ersten Kapitel, das füglich als Einleitung
2340 1963 4198 2040 Phthisis pulmonum, in zwei Fällen von Skarlatina und in je einem
417 1972 2293 2052 gelten könnte, Ansichten und Erfahrungen über die Heilkraft der
2338 2005 4186 2101 Falle von Erisypelas, akuter Miliartuberkulose und Septichämie. Die
429 2028 2282 2113 Phantasie vorgetragen, die Magnetotherapie, die Wunderheilungen
2345 2082 4195 2176 Dosirung des Hydracetin in diesen Fällen varrirte zwischen 5 bis
434 2103 2284 2190 von Lourdes und ähnliche merkwürdige und therepeutische
2340 2153 4195 2258 20 Centigramm pro die, nur bei einzelnen Versuchen wurde bis
427 2164 2286 2244 Effekte in ihren Beziehungen zur Augustion erläutert werden,
2359 2221 4200 2317 zu 30 Centigramm gegeben. In den meisten Fällen war die Rosirung
429 2232 2275 2303 bringt ein zweites eine grosse Anzahl von Krankengeschichten.
2352 2300 4188 2383 10 bis 15 Centigramm pro die. Die Versuche wurden zu derjenigen
429 2296 2293 2385 in welchen sich der mächtige, nicht mehr anzuzweifelnde Erfolg
2345 2361 4195 2467 Tageszeit angestellt, in der bekanntlich bei hochfiebernden Kranken
434 2390 2298 2458 der suggestiven Heilmethode erwiesen. BERNHEIM führt uns da
2352 2439 4193 2514 die Temperatur niemals von selbst sinkt, zwischen.O bis 12 Uhr
417 2432 2298 2530 Fälle von Hysterie, Neurosen, dynamischen Lähmungen, Affektionen
2352 2500 4193 2582 Vormittags. Bei den ersten Versuchen wurde halbstündlich im
417 2504 2298 2594 des Magendarmkanales, Schmerzen, rheumatischen Affektionen,
2345 2563 4198 2657 Rektum gemessen, später, als die Wirkung des Mittels genügend
422 2572 2298 2650 Neuralgien, Menstruations-Anomalien, Neuropathien, ja selbst von
2352 2648 4198 2737 bekannt war, stündlich in der Achselhöhle und diese Messungen
429 2648 2282 2739 organischen Erkrankungen des Nervensystems vor, in denen durch
2352 2701 4186 2791 wurden bis zum späten Abend fortgesetzt. Es hat sich nun gezeigt,
429 2708 2275 2786 hypnotische Augustion (oder Augustion allein) der Zustand der
2350 2774 4193 2859 dass, wenn man 10 bis 15 Centigramm Hydracetin und zwar
429 2779 2282 2863 Leidenden günstig, ja manchmal überraschend günsstig beeinflusst
2350 2840 4205 2934 10 Centigramm als erste Dosis und 5 Centigramm später gibt, die
429 2863 2286 2934 wird. — Wir wiederholen es: Dieses Buch muss gelesen werden;
2352 2920 4193 3004 Ten<peratur kontinuirlich sinkt und zwar schon in der ersten halben
434 2931 2286 3004 es ist das Brevier des Hypnotismus, und selbst über jene Lippen,
2352 2971 4193 3065 Stunde beginnend, bis sie nach 2, resp. nach 21/2 Stunden ihr
434 2990 2286 3060 die sonst das skeptische Lächeln umspielt, wird wohl ein Wort der
434 3051 2286 3126 Anerkennung für das ausgezeichnete Werk dringen, mit dem der
441 3119 1965 3203 Forscher von Nancy die ärztliche Welt beschenkt hat.
584 3222 2293 3302 Dr. FREUD, der das Buch in ganz mustergiltiger Weise in’s
441 3285 2293 3360 Deutsche übertragen, hat sich damit ein besonderes Verdienst für
429 3356 2305 3428 die Sache erworben, die er auch in einem trefflichen Vorwort
434 3421 1316 3515 persönlich =zu vertreten weiss.
1538 3412 2228 3532 Dr. Arthur Schnitzler.
1062 3595 1681 3729 Zeitungsschau.
1097 3764 1649 3876 Ueber Hydracetin.
912 3867 1824 3951 Von Dr. P. Guttmann in Berlin.
603 3961 2291 4036 RIEDEL’s «Hydracetin» stellt in seiner chemischen Zusammen¬
429 4024 2293 4106 setzung Acetyiphenyltydracin dar und war in England schon gegen
441 4099 2315 4181 Ende vorigen Jahres unter dem Namen «Pyrodin» aber nicht als
446 4176 2296 4247 stark antipyretisch bekannt. Nach späteren Mittheilungen wäre das¬
446 4240 2307 4308 selbe kein reines Präparat, sondern ein Gemenge verschiedener
429 4317 2305 4385 Substanzen. in welchen das Acetylphenylhydracin allein wirksam
427 4364 2305 4456 ist. Die Substanz bildet ein krystallinisches weisses, geruch- und
446 4446 2275 4533 fast geschmackloses Pulver, im Wasser schwer (1 : 50), im Wein
457 4524 2284 4594 geist leicht löslich. Versuche an Thieren ergaben schon in ver-
441 4584 2286 4660 hältnissmässig kleinen Mengen taxische Wirkungen. Kaninchen
441 4636 2315 4718 denen ½ Gramm in Wasser gelöst in den Magen gebracht oder
453 4706 2293 4800 in den Peritonealsack injizirt wurde, gingen schon nach einem
446 4798 2284 4875 Tage zu Grunde. Ja selbst ¼ Gramm hat in einem Falle, in der
441 4908 2298 5056 trat in das Stiegenhaus, 'und als sie sich umwandte und ihn erblickte,
441 5004 2289 5072 wollte sie ihm entgegen -... - Einige Schritte weit von Ihm entfernt
453 5075 2305 5129 wandte sie sich wieder weg und eilte, so rasch sie konnte, die Stiegen
457 5114 2298 5204 hinunter.... Nach fünf Minuten kam sie wieder, suchte den Arzt und
453 5168 2263 5243 verlangte aufgeregt und gebieterisch nach dem Veilchenbouquet...
457 5232 2300 5302 Noch die nächsten Tage wirkte diese Augustion nach; sie verlangte immer
453 5283 2305 5405 Veilchen ; endlich erschien sie eines Morgens mit einem Veilchenbouquet
453 5347 818 5438 an der Brust.
2359 3046 4200 3126 tiefstes Niveau erreicht hat. Die Temperatur sinkt nach diesen
2359 3112 4195 3206 Dosen meist um 1½ bis 2° C., in einzelnen Fällen bis 3° C. und
2352 3177 4188 3290 selbst darüber. Nachdem das tiefste Niveau erreicht ist, erhält sich
2352 3260 4207 3353 die Temperatur auf diesem nur ganz kurze Zeit und geht sodann
2352 3323 4205 3417 mässig rasch in die Höhe, so dass etwa nach 3 bis 4, spätestens
2352 3398 4198 3480 nach 5 Stunden wieder dieselbe Temperatur erreicht ist, welche
2364 3461 4198 3548 vor Anwendung des Mittels bestanden hatte. Nahezu gleich in
2352 3534 4188 3614 Bezug auf Stärke und Raschheit des Effekts wirken auch Dosen
2352 3600 4186 3691 von 15 Centigramm, die in einzelnen Dosen von 5 Centigramm
2359 3675 4183 3764 getheilt werden mit Zwischenräumen von je einer Stunde und ähn
2352 3747 4198 3827 lich stark wirkt eine einzelne Dosis von nur 10 Centigramm. Man
2352 3815 4198 3897 ist also im Stande, mit 10 bis 15 Centigramm Hydracetin etwa
2350 3869 4186 3961 5 bis 6 Stunden und darüber die Temperatur niedriger zu halten
2352 3949 4198 4022 als sie vor der Verwendung des Mittels war. Das Sinken der
2352 4019 4193 4104 Temperatur erfolgt in den meisten Fällen unter einer mehr oder
2364 4085 4186 4172 minder starken Schweisssekretion — eine Erfahrung, die bekanntlich
2352 4165 4205 4237 bei allen starken antipyretischen Mitteln wiederkehrt. Nachdem das
2371 4219 4188 4310 tiefste Niveau erreicht ist, hört die Schweisssekretion auf. Gleich¬
2364 4303 4198 4378 zeitig mit dem Sinken der Temperatur erfolgt auch ein Sinten der
2371 4362 4200 4472 Pulsfrequenz und der Respirationsfrequenz, soweit-dieselbe nur ab¬
2352 4444 4198 4531 hängig von den Erhöhungen der Temperatur wär. Einen Einfluss
2352 4505 4198 4599 auf den Verlauf der Krankheit hat das Hydracetin natürlich eben-
2371 4568 4193 4652 sowenig wie irgend ein anderes antipyretisches Mittel, dennoch sind
2352 4634 4198 4723 diese Mittel erfahrungsgemäss zur Bekämpfung der vom Fieber ab¬
2352 4728 3562 4819 hängigen Symptome im Gebrauch alltäglich.
2528 4814 4198 4908 GUTTMANN hat das Mittel auch in acht Fällen von typischen
2364 4885 4186 4978 beziehungsweise schweren Fällen des multiplen akuten Gelenk
2371 4960 4200 5042 rheumatismus angewendet. Schon eine Dosis von 10 Centigramm
2364 5025 4193 5114 reicht aus, um den Schmerz zu mildern; diese Milderung tritt
2383 5112 4207 5192 ½—1 Stunde nach der Darreichung ein — in einzelnen Fällen
2364 5175 4207 5246 auch erst in 2 Stunden und hält stundenlang an. In anderen Fällen
2375 5234 4205 5337 wurde das Hydracetin in Dosen von 20 und einigemal von 30 Centi¬
2352 5309 4219 5433 gramm pro die, und zwar stets in getheilten Dosen gegeben. Man
