<?xml version="1.0" encoding="UTF-8" standalone="yes"?>
<PcGts xmlns="http://schema.primaresearch.org/PAGE/gts/pagecontent/2013-07-15" xmlns:xsi="http://www.w3.org/2001/XMLSchema-instance" xsi:schemaLocation="http://schema.primaresearch.org/PAGE/gts/pagecontent/2013-07-15 http://schema.primaresearch.org/PAGE/gts/pagecontent/2013-07-15/pagecontent.xsd">
    <Metadata>
        <Creator>prov=READ-COOP:name=TrHtr:version=2.1.0:model_id=51170:date=01_08_2023_03:38</Creator>
        <Created>2023-05-10T11:23:40.947+02:00</Created>
        <LastChange>2023-08-01T03:39:00.050+02:00</LastChange>
        <TranskribusMetadata docId="1428151" pageId="55387448" pageNr="211" tsid="131649411" status="IN_PROGRESS" userId="64420" imgUrl="https://files.transkribus.eu/Get?id=NOYPLDHMMIOJKAWYKYCWZWNJ&amp;fileType=view" xmlUrl="https://files.transkribus.eu/Get?id=DTIBNVILIBVGKDGQAHCDEKVE" imageId="44662344"/>
    </Metadata>
    <Page imageFilename="1428151_0211.jpg" imageWidth="6632" imageHeight="4136">
        <ReadingOrder>
            <OrderedGroup id="ro_1711821618056" caption="Regions reading order">
                <RegionRefIndexed index="0" regionRef="tr_3"/>
                <RegionRefIndexed index="1" regionRef="tr_2"/>
                <RegionRefIndexed index="2" regionRef="tr_4"/>
                <RegionRefIndexed index="3" regionRef="tr_1"/>
            </OrderedGroup>
        </ReadingOrder>
        <TextRegion id="tr_3" custom="readingOrder {index:0;}">
            <Coords points="376,331 3395,331 3395,2003 376,2003"/>
            <TextLine id="tr_3_tl_1" custom="readingOrder {index:0;}">
                <Coords points="403,426 533,449 586,407 712,419 799,480 971,415 1092,411 1172,457 1241,403 1328,430 1363,419 1363,255 1016,244 834,293 674,228 403,293"/>
                <Baseline points="423,381 513,393 602,393 692,399 781,393 871,399 960,399 1050,399 1139,399 1229,399 1318,399 1372,399"/>
                <TextEquiv>
                    <Unicode>carpin subcutan.</Unicode>
                </TextEquiv>
            </TextLine>
            <TextLine id="tr_3_tl_2" custom="readingOrder {index:1;}">
                <Coords points="362,575 3205,601 3365,590 3365,373 2505,480 2036,388 1644,487 362,430"/>
                <Baseline points="381,513 417,513 507,507 596,513 686,519 775,525 865,525 954,525 1044,525 1133,525 1223,519 1313,525 1402,525 1492,525 1581,531 1671,531 1760,531 1850,519 1939,537 2029,537 2118,543 2208,543 2297,543 2387,543 2476,537 2566,537 2655,537 2745,537 2834,525 2924,519 3013,519 3103,507 3193,513 3282,507 3372,507"/>
                <TextEquiv>
                    <Unicode>3.) (Bei acutem Glancom, wo die Schwellung so groß ist, dass</Unicode>
                </TextEquiv>
            </TextLine>
            <TextLine id="tr_3_tl_3" custom="readingOrder {index:2;}">
                <Coords points="354,632 856,704 1385,670 1564,719 1675,674 1766,731 1873,678 1873,575 1789,552 1005,609 853,537 495,598 354,533"/>
                <Baseline points="376,626 465,632 555,632 644,626 734,632 823,638 913,638 1002,638 1092,644 1181,644 1271,638 1360,638 1450,638 1539,638 1629,638 1718,644 1808,638 1880,632"/>
                <TextEquiv>
                    <Unicode>man den Lumbus nicht sieht.)</Unicode>
                </TextEquiv>
            </TextLine>
            <TextLine id="tr_3_tl_4" custom="readingOrder {index:3;}">
                <Coords points="362,792 3235,811 3235,643 1618,738 362,636"/>
                <Baseline points="381,757 471,757 561,752 650,752 740,757 829,752 919,752 1008,757 1098,763 1187,763 1277,763 1366,763 1456,763 1545,763 1635,763 1724,769 1814,769 1903,769 1993,769 2082,769 2172,769 2261,769 2351,763 2441,775 2530,775 2620,775 2709,775 2799,763 2888,757 2978,757 3067,757 3157,763 3246,775"/>
                <TextEquiv>
                    <Unicode>4.) Wenn sich eine discindirte Linse zu stürmisch oder zu</Unicode>
                </TextEquiv>
            </TextLine>
            <TextLine id="tr_3_tl_5" custom="readingOrder {index:4;}">
                <Coords points="365,952 419,933 639,974 735,917 1127,936 1184,921 1184,769 993,765 902,853 765,818 461,845 365,792"/>
                <Baseline points="387,877 477,883 566,877 656,877 746,877 835,877 925,877 1014,877 1104,883 1193,883"/>
                <TextEquiv>
                    <Unicode>langsam bläst.</Unicode>
                </TextEquiv>
            </TextLine>
            <TextLine id="tr_3_tl_6" custom="readingOrder {index:5;}">
                <Coords points="887,1081 2801,1092 2999,1062 2999,894 887,936"/>
                <Baseline points="907,1026 996,1020 1086,1020 1175,1020 1265,1026 1354,1026 1444,1020 1533,1020 1623,1020 1712,1020 1802,1020 1891,1026 1981,1020 2070,1026 2160,1026 2250,1020 2339,1020 2429,1020 2518,1020 2608,1020 2697,1026 2787,1020 2876,1026 2966,1026 3008,1026"/>
                <TextEquiv>
                    <Unicode>II. Katheterismus der Ductus lacrimales.</Unicode>
                </TextEquiv>
            </TextLine>
            <TextLine id="tr_3_tl_7" custom="readingOrder {index:6;}">
                <Coords points="403,1184 3319,1161 3216,1028 2170,1104 403,1024"/>
                <Baseline points="423,1133 465,1139 555,1139 644,1139 734,1133 823,1139 913,1139 1002,1145 1092,1145 1181,1145 1271,1145 1360,1145 1450,1145 1539,1145 1629,1145 1718,1145 1808,1145 1897,1145 1987,1145 2076,1145 2166,1145 2256,1145 2345,1145 2435,1145 2524,1145 2614,1139 2703,1139 2793,1139 2882,1139 2972,1139 3061,1139 3151,1133 3240,1128 3330,1110"/>
                <TextEquiv>
                    <Unicode>Wird gemacht bei Thränensackblenorchen und bei Pisteln des</Unicode>
                </TextEquiv>
            </TextLine>
            <TextLine id="tr_3_tl_8" custom="readingOrder {index:7;}">
                <Coords points="365,1344 2562,1271 2714,1347 3296,1283 3296,1180 365,1188"/>
                <Baseline points="387,1265 441,1265 531,1265 620,1265 710,1265 799,1259 889,1265 978,1265 1068,1265 1157,1271 1247,1265 1336,1271 1426,1271 1515,1265 1605,1271 1694,1271 1784,1271 1874,1271 1963,1271 2053,1271 2142,1265 2232,1271 2321,1271 2411,1271 2500,1265 2590,1265 2679,1265 2769,1265 2858,1259 2948,1259 3037,1253 3127,1253 3216,1247 3306,1241"/>
                <TextEquiv>
                    <Unicode>Thränensackes, vor allem wenn das Leiden bedingt ist durch</Unicode>
                </TextEquiv>
            </TextLine>
            <TextLine id="tr_3_tl_9" custom="readingOrder {index:8;}">
                <Coords points="365,1405 3388,1450 3384,1241 2718,1347 765,1260 365,1347"/>
                <Baseline points="387,1378 477,1384 566,1384 656,1384 746,1384 835,1384 925,1384 1014,1384 1104,1384 1193,1384 1283,1384 1372,1378 1462,1378 1551,1384 1641,1384 1730,1384 1820,1384 1909,1384 1999,1390 2088,1390 2178,1390 2267,1390 2357,1396 2446,1390 2536,1390 2626,1384 2715,1384 2805,1384 2894,1384 2984,1384 3073,1378 3163,1378 3252,1384 3342,1396 3395,1408"/>
                <TextEquiv>
                    <Unicode>eine Steictur des Thränennasenganges. D. Thränensackblen. konnt zu stei¬</Unicode>
                </TextEquiv>
            </TextLine>
            <TextLine id="tr_3_tl_10" custom="readingOrder {index:9;}">
                <Coords points="396,1580 2611,1507 2996,1599 3369,1503 3369,1424 396,1427"/>
                <Baseline points="417,1498 507,1498 596,1504 686,1504 775,1504 865,1504 954,1504 1044,1509 1133,1509 1223,1509 1313,1504 1402,1504 1492,1509 1581,1504 1671,1509 1760,1509 1850,1509 1939,1509 2029,1515 2118,1515 2208,1515 2297,1521 2387,1515 2476,1509 2566,1504 2655,1498 2745,1504 2834,1504 2924,1504 3013,1498 3103,1486 3193,1486 3282,1492 3372,1498 3378,1498"/>
                <TextEquiv>
                    <Unicode>1) Durch Streeturen des ductus lacrimalis oder Verschluß des¬</Unicode>
                </TextEquiv>
            </TextLine>
            <TextLine id="tr_3_tl_11" custom="readingOrder {index:10;}">
                <Coords points="384,1690 3376,1644 2615,1507 384,1576"/>
                <Baseline points="405,1617 495,1617 584,1617 674,1617 763,1611 853,1617 942,1617 1032,1617 1122,1617 1211,1623 1301,1623 1390,1623 1480,1617 1569,1617 1659,1617 1748,1617 1838,1623 1927,1623 2017,1629 2106,1629 2196,1635 2285,1629 2375,1629 2464,1629 2554,1629 2643,1623 2733,1623 2822,1629 2912,1629 3002,1623 3091,1623 3181,1623 3270,1623 3360,1629 3384,1623"/>
                <TextEquiv>
                    <Unicode>selben durch Schwellung der Schleinhaut z. B. als Portsetzung einer</Unicode>
                </TextEquiv>
            </TextLine>
            <TextLine id="tr_3_tl_12" custom="readingOrder {index:11;}">
                <Coords points="373,1781 1629,1739 2002,1812 2093,1747 2546,1819 2779,1785 2779,1629 2581,1713 2406,1637 2208,1709 1443,1618 373,1682"/>
                <Baseline points="393,1736 483,1736 572,1736 662,1730 752,1736 841,1736 931,1736 1020,1736 1110,1736 1199,1742 1289,1748 1378,1742 1468,1736 1557,1736 1647,1742 1736,1742 1826,1742 1915,1742 2005,1748 2094,1742 2184,1748 2273,1748 2363,1748 2452,1748 2542,1748 2632,1748 2721,1748 2787,1748"/>
                <TextEquiv>
                    <Unicode>chronischen Entzündung der Nasenschleimhaut.</Unicode>
                </TextEquiv>
            </TextLine>
            <TextLine id="tr_3_tl_13" custom="readingOrder {index:12;}">
                <Coords points="388,1896 3277,1922 3277,1774 2954,1747 2565,1835 388,1778"/>
                <Baseline points="411,1850 501,1856 590,1850 680,1850 769,1856 859,1856 948,1856 1038,1856 1128,1856 1217,1856 1307,1862 1396,1862 1486,1862 1575,1862 1665,1862 1754,1862 1844,1868 1933,1868 2023,1868 2112,1868 2202,1868 2291,1868 2381,1874 2470,1868 2560,1874 2649,1874 2739,1874 2828,1874 2918,1874 3008,1880 3097,1880 3187,1885 3276,1880 3288,1880"/>
                <TextEquiv>
                    <Unicode>2.) in sehr seltenen Fällen als Fortsetzung eines catarrh.</Unicode>
                </TextEquiv>
            </TextLine>
            <TextLine id="tr_3_tl_14" custom="readingOrder {index:13;}">
                <Coords points="392,2052 704,1975 849,2036 1264,1994 1557,2044 1618,1991 1854,2036 1850,1888 1778,1876 1393,1949 1237,1865 997,1876 917,1953 773,1865 662,1945 567,1869 388,1892"/>
                <Baseline points="411,1963 501,1975 590,1975 680,1975 769,1975 859,1981 948,1981 1038,1987 1128,1981 1217,1981 1307,1987 1396,1987 1486,1987 1575,1987 1665,1993 1754,1993 1844,1993 1856,1993"/>
                <TextEquiv>
                    <Unicode>Processes der Coniunctiva.</Unicode>
                </TextEquiv>
            </TextLine>
        </TextRegion>
        <TextRegion id="tr_2" custom="readingOrder {index:1;}">
            <Coords points="364,2044 3407,2044 3407,3853 364,3853"/>
            <TextLine id="tr_2_tl_1" custom="readingOrder {index:0;}">
                <Coords points="449,2135 1469,2211 3308,2151 3281,2044 2691,2002 449,2044"/>
                <Baseline points="471,2094 561,2094 650,2094 740,2100 829,2100 919,2100 1008,2100 1098,2100 1187,2100 1277,2106 1366,2106 1456,2106 1545,2106 1635,2112 1724,2118 1814,2124 1903,2124 1993,2124 2082,2118 2172,2118 2261,2118 2351,2118 2441,2118 2530,2118 2620,2112 2709,2112 2799,2112 2888,2112 2978,2112 3067,2118 3157,2118 3246,2118 3318,2124"/>
                <TextEquiv>
                    <Unicode>II) Thränensackblenorshon entsteht hauptsächlich dann, wenn</Unicode>
                </TextEquiv>
            </TextLine>
            <TextLine id="tr_2_tl_2" custom="readingOrder {index:1;}">
                <Coords points="365,2246 3399,2276 2973,2139 365,2189"/>
                <Baseline points="387,2220 477,2226 566,2220 656,2226 746,2226 835,2226 925,2232 1014,2220 1104,2220 1193,2214 1283,2220 1372,2226 1462,2232 1551,2232 1641,2238 1730,2238 1820,2244 1909,2244 1999,2238 2088,2238 2178,2238 2267,2232 2357,2232 2446,2232 2536,2238 2626,2238 2715,2238 2805,2238 2894,2238 2984,2238 3073,2244 3163,2244 3252,2238 3342,2244 3407,2238"/>
                <TextEquiv>
                    <Unicode>eine Behinderung der Thränenfortleitung besteht. Infolge einer</Unicode>
                </TextEquiv>
            </TextLine>
            <TextLine id="tr_2_tl_3" custom="readingOrder {index:2;}">
                <Coords points="373,2348 974,2352 1077,2436 1184,2352 1530,2440 2204,2371 2402,2455 3266,2375 3262,2261 3121,2249 2238,2333 369,2246"/>
                <Baseline points="393,2339 483,2345 572,2345 662,2345 752,2339 841,2345 931,2345 1020,2345 1110,2339 1199,2339 1289,2345 1378,2345 1468,2345 1557,2345 1647,2345 1736,2351 1826,2351 1915,2357 2005,2357 2094,2357 2184,2357 2273,2357 2363,2357 2452,2357 2542,2357 2632,2363 2721,2357 2811,2363 2900,2363 2990,2357 3079,2357 3169,2357 3258,2351 3276,2345"/>
                <TextEquiv>
                    <Unicode>Streitur staut sich nämlich die Thränenmasse innerhalb des</Unicode>
                </TextEquiv>
            </TextLine>
            <TextLine id="tr_2_tl_4" custom="readingOrder {index:3;}">
                <Coords points="377,2520 3350,2524 3350,2406 3190,2364 2851,2447 1899,2352 377,2394"/>
                <Baseline points="399,2452 489,2452 578,2458 668,2452 757,2452 847,2452 937,2452 1026,2452 1116,2458 1205,2464 1295,2464 1384,2464 1474,2464 1563,2458 1653,2464 1742,2464 1832,2464 1921,2470 2011,2476 2100,2476 2190,2476 2279,2476 2369,2476 2458,2476 2548,2476 2637,2476 2727,2476 2817,2476 2906,2482 2996,2482 3085,2482 3175,2482 3264,2482 3354,2482 3360,2482"/>
                <TextEquiv>
                    <Unicode>Thranensackes, dieser wird ausgeahnt und es kommt zur Com</Unicode>
                </TextEquiv>
            </TextLine>
            <TextLine id="tr_2_tl_5" custom="readingOrder {index:4;}">
                <Coords points="365,2657 3338,2626 2798,2482 2470,2565 1812,2470 362,2535"/>
                <Baseline points="381,2584 471,2590 561,2590 650,2584 740,2578 829,2584 919,2584 1008,2584 1098,2584 1187,2584 1277,2590 1366,2590 1456,2584 1545,2584 1635,2584 1724,2590 1814,2590 1903,2590 1993,2590 2082,2590 2172,2590 2261,2596 2351,2596 2441,2596 2530,2596 2620,2596 2709,2602 2799,2602 2888,2602 2978,2602 3067,2602 3157,2602 3246,2608 3336,2608 3342,2608"/>
                <TextEquiv>
                    <Unicode>pression der großen Gefäße und Anaemie Wird nun zu¬</Unicode>
                </TextEquiv>
            </TextLine>
            <TextLine id="tr_2_tl_6" custom="readingOrder {index:5;}">
                <Coords points="350,2817 1698,2718 3273,2813 3338,2615 2817,2699 2086,2603 350,2661"/>
                <Baseline points="370,2721 459,2727 549,2727 638,2727 728,2721 817,2727 907,2727 996,2721 1086,2727 1175,2727 1265,2727 1354,2727 1444,2727 1533,2721 1623,2721 1712,2715 1802,2721 1891,2721 1981,2727 2070,2727 2160,2727 2250,2727 2339,2727 2429,2727 2518,2727 2608,2727 2697,2727 2787,2727 2876,2727 2966,2727 3055,2727 3145,2727 3234,2727 3324,2727 3348,2721"/>
                <TextEquiv>
                    <Unicode>fällig (z. B. Schnauzen) das Hindernis überwunden, so daß sich</Unicode>
                </TextEquiv>
            </TextLine>
            <TextLine id="tr_2_tl_7" custom="readingOrder {index:6;}">
                <Coords points="365,2862 2265,2843 2661,2942 3277,2870 2881,2725 365,2809"/>
                <Baseline points="387,2834 477,2840 566,2840 656,2840 746,2840 835,2840 925,2834 1014,2840 1104,2840 1193,2840 1283,2846 1372,2846 1462,2846 1551,2840 1641,2840 1730,2840 1820,2840 1909,2840 1999,2840 2088,2846 2178,2840 2267,2846 2357,2846 2446,2846 2536,2846 2626,2846 2715,2846 2805,2846 2894,2852 2984,2858 3073,2858 3163,2858 3252,2858 3288,2858"/>
                <TextEquiv>
                    <Unicode>der Thränensack entleert, so füllen sich die entlasteten Ge¬</Unicode>
                </TextEquiv>
            </TextLine>
            <TextLine id="tr_2_tl_8" custom="readingOrder {index:7;}">
                <Coords points="373,3041 1705,2957 2025,3060 2584,3064 2721,2965 3140,3037 3319,2889 373,2893"/>
                <Baseline points="393,2948 483,2960 572,2960 662,2960 752,2960 841,2960 931,2960 1020,2960 1110,2960 1199,2960 1289,2960 1378,2960 1468,2966 1557,2966 1647,2960 1736,2960 1826,2966 1915,2966 2005,2966 2094,2972 2184,2972 2273,2966 2363,2966 2452,2966 2542,2966 2632,2966 2721,2960 2811,2966 2900,2966 2990,2972 3079,2972 3169,2966 3258,2966 3330,2954"/>
                <TextEquiv>
                    <Unicode>fäße wieder, es kommt der Hysperaemie. Infolge dieses</Unicode>
                </TextEquiv>
            </TextLine>
            <TextLine id="tr_2_tl_9" custom="readingOrder {index:8;}">
                <Coords points="365,3094 3296,3129 3338,2984 2010,3060 731,2957 365,3041"/>
                <Baseline points="387,3085 477,3091 566,3091 656,3091 746,3091 835,3085 925,3085 1014,3079 1104,3079 1193,3085 1283,3085 1372,3085 1462,3085 1551,3085 1641,3085 1730,3085 1820,3085 1909,3085 1999,3085 2088,3091 2178,3091 2267,3085 2357,3085 2446,3085 2536,3085 2626,3085 2715,3085 2805,3085 2894,3091 2984,3091 3073,3097 3163,3097 3252,3103 3342,3109 3348,3109"/>
                <TextEquiv>
                    <Unicode>am Tage häufigen Wechsel von Academie und Hyperiamie</Unicode>
                </TextEquiv>
            </TextLine>
            <TextLine id="tr_2_tl_10" custom="readingOrder {index:9;}">
                <Coords points="377,3243 2996,3281 3254,3262 3254,3114 1484,3159 1149,3083 377,3167"/>
                <Baseline points="399,3204 489,3210 578,3210 668,3210 757,3210 847,3210 937,3210 1026,3210 1116,3204 1205,3204 1295,3204 1384,3210 1474,3210 1563,3210 1653,3210 1742,3210 1832,3210 1921,3210 2011,3210 2100,3216 2190,3204 2279,3210 2369,3210 2458,3210 2548,3204 2637,3210 2727,3216 2817,3210 2906,3216 2996,3216 3085,3210 3175,3216 3264,3222"/>
                <TextEquiv>
                    <Unicode>werden die Gefäße relaxat und passiv dilatirt, die</Unicode>
                </TextEquiv>
            </TextLine>
            <TextLine id="tr_2_tl_11" custom="readingOrder {index:10;}">
                <Coords points="384,3395 1511,3334 2288,3426 2451,3342 3235,3376 3235,3266 384,3270"/>
                <Baseline points="405,3324 495,3318 584,3324 674,3324 763,3324 853,3324 942,3324 1032,3318 1122,3324 1211,3324 1301,3324 1390,3330 1480,3330 1569,3330 1659,3336 1748,3330 1838,3336 1927,3336 2017,3336 2106,3336 2196,3336 2285,3336 2375,3336 2464,3336 2554,3336 2643,3336 2733,3342 2822,3348 2912,3348 3002,3342 3091,3336 3181,3336 3240,3336"/>
                <TextEquiv>
                    <Unicode>Schleimhaut gelöckert und katarrhalisch verändert. Die</Unicode>
                </TextEquiv>
            </TextLine>
            <TextLine id="tr_2_tl_12" custom="readingOrder {index:11;}">
                <Coords points="343,3471 3289,3509 3289,3395 3148,3353 343,3395"/>
                <Baseline points="364,3443 453,3449 543,3449 632,3449 722,3449 811,3455 901,3455 990,3455 1080,3449 1169,3449 1259,3449 1348,3455 1438,3449 1527,3449 1617,3455 1706,3455 1796,3455 1885,3455 1975,3455 2065,3455 2154,3455 2244,3449 2333,3449 2423,3449 2512,3455 2602,3461 2691,3461 2781,3461 2870,3461 2960,3461 3049,3467 3139,3461 3228,3467 3294,3455"/>
                <TextEquiv>
                    <Unicode>eingeführte Sonde bewirkt einen Schwund der Strictur durch</Unicode>
                </TextEquiv>
            </TextLine>
            <TextLine id="tr_2_tl_13" custom="readingOrder {index:12;}">
                <Coords points="384,3646 1496,3582 1899,3692 2055,3582 2535,3684 2649,3582 3334,3673 3334,3490 3197,3479 384,3517"/>
                <Baseline points="405,3569 495,3569 584,3574 674,3569 763,3574 853,3574 942,3574 1032,3574 1122,3580 1211,3580 1301,3580 1390,3580 1480,3580 1569,3580 1659,3580 1748,3580 1838,3574 1927,3580 2017,3574 2106,3574 2196,3574 2285,3574 2375,3574 2464,3580 2554,3580 2643,3580 2733,3586 2822,3580 2912,3586 3002,3592 3091,3592 3181,3592 3270,3598 3342,3598"/>
                <TextEquiv>
                    <Unicode>Drückatrophin. Diese Ca ist sehr langwierig, muss aber ge¬</Unicode>
                </TextEquiv>
            </TextLine>
            <TextLine id="tr_2_tl_14" custom="readingOrder {index:13;}">
                <Coords points="365,3711 476,3738 537,3703 658,3780 735,3723 925,3703 1035,3761 1210,3703 1465,3703 1469,3585 1336,3658 1237,3616 1058,3627 936,3570 856,3616 769,3589 457,3665 365,3650"/>
                <Baseline points="387,3700 399,3700 489,3706 578,3700 668,3700 757,3700 847,3700 937,3694 1026,3694 1116,3694 1205,3700 1295,3694 1384,3688 1474,3682"/>
                <TextEquiv>
                    <Unicode>macht werden, weil</Unicode>
                </TextEquiv>
            </TextLine>
            <TextLine id="tr_2_tl_15" custom="readingOrder {index:14;}">
                <Coords points="384,3856 3273,3890 3273,3761 3125,3734 384,3707"/>
                <Baseline points="405,3819 495,3825 584,3819 674,3819 763,3819 853,3825 942,3819 1032,3819 1122,3819 1211,3819 1301,3819 1390,3819 1480,3819 1569,3825 1659,3825 1748,3825 1838,3825 1927,3831 2017,3825 2106,3831 2196,3825 2285,3825 2375,3825 2464,3831 2554,3831 2643,3837 2733,3837 2822,3837 2912,3831 3002,3837 3091,3843 3181,3843 3270,3843 3282,3843"/>
                <TextEquiv>
                    <Unicode>8. Aus jeder atronischen Dacryceptitis eine acute phleg¬</Unicode>
                </TextEquiv>
            </TextLine>
        </TextRegion>
        <TextRegion id="tr_4" custom="readingOrder {index:2;}">
            <Coords points="3455,326 6517,326 6517,1901 3455,1901"/>
            <TextLine id="tr_4_tl_1" custom="readingOrder {index:0;}">
                <Coords points="3452,396 4027,499 4366,407 5923,487 6353,430 6353,247 4861,289 4495,202 3452,308"/>
                <Baseline points="3473,376 3563,393 3652,393 3742,393 3831,399 3921,393 4010,393 4100,399 4189,399 4279,405 4368,405 4458,405 4547,405 4637,405 4726,405 4816,405 4905,405 4995,405 5084,405 5174,405 5264,399 5353,399 5443,399 5532,399 5622,399 5711,399 5801,399 5890,399 5980,393 6069,393 6159,393 6248,405 6338,411 6362,411"/>
                <TextEquiv>
                    <Unicode>monöse entstehen kann, mit schweren Processen (Pisteln</Unicode>
                </TextEquiv>
            </TextLine>
            <TextLine id="tr_4_tl_2" custom="readingOrder {index:1;}">
                <Coords points="3433,552 3650,620 4168,548 4404,613 4518,548 4956,560 4956,426 4864,487 4754,411 4647,453 4362,407 4035,499 3578,403 3433,449"/>
                <Baseline points="3455,531 3545,537 3634,531 3724,531 3813,531 3903,525 3992,525 4082,531 4171,531 4261,531 4350,531 4440,531 4529,531 4619,531 4708,525 4798,531 4888,531 4965,531"/>
                <TextEquiv>
                    <Unicode>knochenühren, Perforationen)</Unicode>
                </TextEquiv>
            </TextLine>
            <TextLine id="tr_4_tl_3" custom="readingOrder {index:2;}">
                <Coords points="3433,716 3643,666 3726,731 4107,666 4377,738 4739,658 5192,700 5371,670 5371,540 4666,540 4430,613 4168,544 3734,620 3433,552"/>
                <Baseline points="3455,644 3497,650 3586,650 3676,650 3765,650 3855,650 3945,644 4034,644 4124,650 4213,650 4303,656 4392,656 4482,650 4571,650 4661,650 4750,650 4840,650 4929,650 5019,650 5108,650 5198,650 5287,650 5377,638"/>
                <TextEquiv>
                    <Unicode>2) wegen der Gefahr durch das Secret.</Unicode>
                </TextEquiv>
            </TextLine>
            <TextLine id="tr_4_tl_4" custom="readingOrder {index:3;}">
                <Coords points="3506,845 6105,826 6364,708 5706,643 3506,731"/>
                <Baseline points="3527,769 3616,775 3706,775 3795,775 3885,769 3974,775 4064,769 4153,775 4243,775 4332,775 4422,775 4512,775 4601,769 4691,769 4780,769 4870,769 4959,775 5049,769 5138,769 5228,769 5317,769 5407,775 5496,769 5586,775 5675,775 5765,775 5854,769 5944,775 6033,769 6123,769 6212,769 6302,769 6374,769"/>
                <TextEquiv>
                    <Unicode>(Corneageschwüre können dadurch septisch werden). Man</Unicode>
                </TextEquiv>
            </TextLine>
            <TextLine id="tr_4_tl_5" custom="readingOrder {index:4;}">
                <Coords points="3441,925 5938,906 6071,982 6444,921 6444,788 3441,826"/>
                <Baseline points="3461,907 3497,907 3586,895 3676,895 3765,895 3855,895 3945,895 4034,895 4124,901 4213,901 4303,901 4392,895 4482,895 4571,895 4661,895 4750,895 4840,895 4929,895 5019,895 5108,889 5198,889 5287,889 5377,895 5466,895 5556,895 5645,895 5735,895 5825,889 5914,889 6004,889 6093,889 6183,889 6272,889 6362,889 6451,883"/>
                <TextEquiv>
                    <Unicode>kann nebenbei noch medicamentos behandeln, adstringirende</Unicode>
                </TextEquiv>
            </TextLine>
            <TextLine id="tr_4_tl_6" custom="readingOrder {index:5;}">
                <Coords points="3452,1043 4636,1119 6493,1028 6493,944 6235,902 6067,986 5964,906 3452,925"/>
                <Baseline points="3473,1026 3545,1020 3634,1020 3724,1020 3813,1026 3903,1026 3992,1026 4082,1026 4171,1026 4261,1020 4350,1026 4440,1020 4529,1020 4619,1020 4708,1014 4798,1020 4888,1020 4977,1020 5067,1014 5156,1014 5246,1014 5335,1008 5425,1014 5514,1020 5604,1020 5693,1020 5783,1020 5872,1020 5962,1014 6051,1014 6141,1014 6230,1014 6320,1008 6409,1014 6499,1020"/>
                <TextEquiv>
                    <Unicode>oder desinficirendeflüssigkeiten durch den ductus lacrima¬</Unicode>
                </TextEquiv>
            </TextLine>
            <TextLine id="tr_4_tl_7" custom="readingOrder {index:6;}">
                <Coords points="3452,1222 6467,1157 6467,1054 6284,1024 5275,1111 3452,1043"/>
                <Baseline points="3473,1145 3563,1145 3652,1139 3742,1145 3831,1151 3921,1145 4010,1145 4100,1151 4189,1151 4279,1151 4368,1151 4458,1151 4547,1145 4637,1145 4726,1145 4816,1145 4905,1145 4995,1145 5084,1145 5174,1145 5264,1145 5353,1145 5443,1145 5532,1151 5622,1139 5711,1145 5801,1145 5890,1139 5980,1139 6069,1139 6159,1139 6248,1139 6338,1139 6427,1145 6475,1145"/>
                <TextEquiv>
                    <Unicode>lis (Zincum, Kalium Lypermanganikum, Acidum bora¬</Unicode>
                </TextEquiv>
            </TextLine>
            <TextLine id="tr_4_tl_8" custom="readingOrder {index:7;}">
                <Coords points="3445,1302 3795,1275 4103,1351 4305,1271 4784,1351 5146,1283 5386,1351 5481,1328 5481,1169 5078,1233 4221,1153 3445,1214"/>
                <Baseline points="3467,1259 3521,1259 3610,1265 3700,1259 3789,1259 3879,1259 3968,1259 4058,1265 4147,1265 4237,1265 4326,1265 4416,1265 4506,1271 4595,1271 4685,1265 4774,1271 4864,1271 4953,1271 5043,1265 5132,1265 5222,1265 5311,1265 5401,1259 5490,1253"/>
                <TextEquiv>
                    <Unicode>cicum, Jodoform mit Magnesia usta¬</Unicode>
                </TextEquiv>
            </TextLine>
            <TextLine id="tr_4_tl_9" custom="readingOrder {index:8;}">
                <Coords points="3513,1408 6482,1412 6509,1271 3513,1317"/>
                <Baseline points="3533,1390 3563,1384 3652,1378 3742,1378 3831,1384 3921,1384 4010,1384 4100,1384 4189,1390 4279,1390 4368,1390 4458,1390 4547,1390 4637,1390 4726,1390 4816,1390 4905,1390 4995,1390 5084,1390 5174,1390 5264,1390 5353,1384 5443,1384 5532,1390 5622,1390 5711,1390 5801,1384 5890,1384 5980,1378 6069,1384 6159,1384 6248,1384 6338,1378 6427,1384 6517,1384"/>
                <TextEquiv>
                    <Unicode>Auf die Frage: was macht man, wenn aus einer chronischen</Unicode>
                </TextEquiv>
            </TextLine>
            <TextLine id="tr_4_tl_10" custom="readingOrder {index:9;}">
                <Coords points="3464,1580 3601,1503 6425,1591 6505,1408 6216,1484 5869,1389 3464,1424"/>
                <Baseline points="3485,1504 3574,1498 3664,1498 3754,1498 3843,1498 3933,1498 4022,1504 4112,1504 4201,1504 4291,1504 4380,1504 4470,1504 4559,1504 4649,1509 4738,1509 4828,1509 4917,1509 5007,1509 5096,1509 5186,1515 5275,1509 5365,1515 5454,1509 5544,1509 5634,1515 5723,1509 5813,1509 5902,1509 5992,1515 6081,1509 6171,1515 6260,1515 6350,1515 6439,1515 6511,1515"/>
                <TextEquiv>
                    <Unicode>Thränensackblenvorrhon eine acute geworden ist? gllt zunächst</Unicode>
                </TextEquiv>
            </TextLine>
            <TextLine id="tr_4_tl_11" custom="readingOrder {index:10;}">
                <Coords points="3445,1675 6101,1633 6227,1717 6486,1667 6486,1557 3445,1583"/>
                <Baseline points="3467,1617 3557,1629 3646,1635 3736,1635 3825,1635 3915,1635 4004,1635 4094,1629 4183,1629 4273,1629 4362,1629 4452,1635 4541,1635 4631,1635 4720,1635 4810,1635 4899,1635 4989,1629 5078,1629 5168,1629 5258,1635 5347,1635 5437,1635 5526,1635 5616,1635 5705,1635 5795,1629 5884,1629 5974,1635 6063,1635 6153,1629 6242,1629 6332,1629 6421,1629 6493,1623"/>
                <TextEquiv>
                    <Unicode>als Antwort, dass eine solche durch Leptotrix und den Reiz der</Unicode>
                </TextEquiv>
            </TextLine>
            <TextLine id="tr_4_tl_12" custom="readingOrder {index:11;}">
                <Coords points="3464,1762 6292,1823 6410,1686 3464,1698"/>
                <Baseline points="3485,1748 3551,1754 3640,1760 3730,1760 3819,1754 3909,1760 3998,1760 4088,1760 4177,1760 4267,1754 4356,1760 4446,1760 4535,1766 4625,1766 4714,1766 4804,1766 4893,1760 4983,1754 5073,1760 5162,1760 5252,1760 5341,1760 5431,1760 5520,1766 5610,1760 5699,1760 5789,1760 5878,1754 5968,1754 6057,1754 6147,1748 6236,1748 6326,1748 6415,1742"/>
                <TextEquiv>
                    <Unicode>Secrete entsteht. Man entfernt durch intensiven Druck auf</Unicode>
                </TextEquiv>
            </TextLine>
            <TextLine id="tr_4_tl_13" custom="readingOrder {index:12;}">
                <Coords points="3464,1884 3681,1972 3833,1888 4012,1972 4122,1892 6478,1945 6478,1766 3464,1793"/>
                <Baseline points="3485,1874 3574,1880 3664,1885 3754,1880 3843,1880 3933,1880 4022,1880 4112,1880 4201,1880 4291,1874 4380,1880 4470,1880 4559,1885 4649,1891 4738,1891 4828,1885 4917,1880 5007,1880 5096,1880 5186,1880 5275,1880 5365,1880 5454,1880 5544,1880 5634,1880 5723,1874 5813,1874 5902,1868 5992,1868 6081,1868 6171,1868 6260,1868 6350,1868 6439,1874 6487,1874"/>
                <TextEquiv>
                    <Unicode>den Thränensack die Secrete und dilatirt früher das Thränenwähr¬</Unicode>
                </TextEquiv>
            </TextLine>
        </TextRegion>
        <TextRegion id="tr_1" custom="readingOrder {index:3;}">
            <Coords points="3455,1949 6517,1949 6517,3889 3455,3889"/>
            <TextLine id="tr_1_tl_1" custom="readingOrder {index:0;}">
                <Coords points="3460,2086 4153,2002 6501,2082 6353,1907 4012,1975 3829,1892 3681,1975 3460,1884"/>
                <Baseline points="3479,1999 3569,1999 3658,2005 3748,1999 3837,1999 3927,1999 4016,1999 4106,1999 4195,1999 4285,1999 4374,1999 4464,1999 4553,2005 4643,2005 4732,2005 4822,2005 4911,2005 5001,2005 5090,1999 5180,2005 5269,1999 5359,1999 5449,2005 5538,1999 5628,1999 5717,2005 5807,1999 5896,1999 5986,1999 6075,1999 6165,2005 6254,1999 6344,1999 6433,2005 6511,2005"/>
                <TextEquiv>
                    <Unicode>chen. Hierauf giebt man einen festen Verband und warme Um¬</Unicode>
                </TextEquiv>
            </TextLine>
            <TextLine id="tr_1_tl_2" custom="readingOrder {index:1;}">
                <Coords points="3452,2196 5374,2132 5679,2208 6410,2151 6410,2029 5184,2017 4891,2105 3703,2006 3452,2090"/>
                <Baseline points="3473,2124 3563,2130 3652,2130 3742,2130 3831,2130 3921,2130 4010,2124 4100,2124 4189,2124 4279,2118 4368,2124 4458,2124 4547,2124 4637,2130 4726,2130 4816,2130 4905,2130 4995,2130 5084,2130 5174,2130 5264,2130 5353,2130 5443,2130 5532,2124 5622,2124 5711,2124 5801,2124 5890,2130 5980,2124 6069,2124 6159,2124 6248,2124 6338,2124 6421,2124"/>
                <TextEquiv>
                    <Unicode>schläge, bis das Ganze abscedate, dann incidät man bei</Unicode>
                </TextEquiv>
            </TextLine>
            <TextLine id="tr_1_tl_3" custom="readingOrder {index:2;}">
                <Coords points="3460,2310 6509,2345 6509,2151 3460,2200"/>
                <Baseline points="3479,2244 3569,2250 3658,2250 3748,2250 3837,2256 3927,2256 4016,2250 4106,2250 4195,2250 4285,2250 4374,2250 4464,2250 4553,2250 4643,2250 4732,2250 4822,2250 4911,2250 5001,2250 5090,2250 5180,2250 5269,2250 5359,2250 5449,2250 5538,2250 5628,2250 5717,2256 5807,2256 5896,2250 5986,2250 6075,2250 6165,2250 6254,2250 6344,2250 6433,2250 6517,2256"/>
                <TextEquiv>
                    <Unicode>Ructuation, dadurch mach macht man eine Thränenfistel, doch heilt die</Unicode>
                </TextEquiv>
            </TextLine>
            <TextLine id="tr_1_tl_4" custom="readingOrder {index:3;}">
                <Coords points="3433,2466 3677,2390 5188,2413 5283,2387 5283,2272 4899,2314 4609,2261 4499,2348 4069,2341 3886,2269 3433,2291"/>
                <Baseline points="3455,2375 3545,2375 3634,2375 3724,2375 3813,2375 3903,2381 3992,2381 4082,2375 4171,2375 4261,2375 4350,2375 4440,2375 4529,2375 4619,2375 4708,2369 4798,2375 4888,2375 4977,2375 5067,2375 5156,2375 5246,2375 5293,2375"/>
                <TextEquiv>
                    <Unicode>se bald, wenn man fleißig sondirt.</Unicode>
                </TextEquiv>
            </TextLine>
            <TextLine id="tr_1_tl_5" custom="readingOrder {index:4;}">
                <Coords points="4274,2508 4655,2524 4693,2562 4754,2508 4952,2493 5009,2539 5161,2501 5363,2535 5363,2432 5127,2379 4902,2447 4712,2367 4510,2436 4430,2387 4274,2406"/>
                <Baseline points="4297,2488 4386,2482 4476,2482 4565,2482 4655,2488 4744,2488 4834,2488 4923,2494 5013,2494 5102,2494 5192,2488 5281,2494 5371,2494"/>
                <TextEquiv>
                    <Unicode>VII. Staphyloma.</Unicode>
                </TextEquiv>
            </TextLine>
            <TextLine id="tr_1_tl_6" custom="readingOrder {index:5;}">
                <Coords points="3547,2592 6254,2706 6512,2664 6512,2459 6120,2569 3544,2466"/>
                <Baseline points="3569,2584 3658,2590 3748,2596 3837,2596 3927,2596 4016,2602 4106,2602 4195,2602 4285,2602 4374,2608 4464,2602 4553,2602 4643,2602 4732,2608 4822,2608 4911,2614 5001,2614 5090,2614 5180,2614 5269,2614 5359,2620 5449,2614 5538,2620 5628,2620 5717,2626 5807,2632 5896,2632 5986,2632 6075,2626 6165,2626 6254,2626 6344,2626 6433,2632 6517,2637"/>
                <TextEquiv>
                    <Unicode>Man muss unterscheiden zwischen einer eclatischen Herrn</Unicode>
                </TextEquiv>
            </TextLine>
            <TextLine id="tr_1_tl_7" custom="readingOrder {index:6;}">
                <Coords points="3464,2801 6505,2767 6406,2638 6246,2714 3460,2619"/>
                <Baseline points="3479,2709 3569,2715 3658,2715 3748,2721 3837,2721 3927,2727 4016,2727 4106,2721 4195,2721 4285,2715 4374,2721 4464,2727 4553,2721 4643,2727 4732,2733 4822,2727 4911,2733 5001,2739 5090,2739 5180,2739 5269,2745 5359,2739 5449,2739 5538,2739 5628,2745 5717,2751 5807,2751 5896,2757 5986,2757 6075,2757 6165,2751 6254,2751 6344,2757 6433,2757 6511,2757"/>
                <TextEquiv>
                    <Unicode>hautmarbe mit vorderer Synechie und einer eclatischen Horn¬</Unicode>
                </TextEquiv>
            </TextLine>
            <TextLine id="tr_1_tl_8" custom="readingOrder {index:7;}">
                <Coords points="3445,2912 4552,2855 4796,2946 5534,2874 6056,2954 6505,2893 6505,2801 3574,2733 3445,2809"/>
                <Baseline points="3467,2834 3557,2840 3646,2846 3736,2846 3825,2846 3915,2840 4004,2840 4094,2840 4183,2846 4273,2846 4362,2846 4452,2846 4541,2846 4631,2852 4720,2852 4810,2852 4899,2852 4989,2858 5078,2864 5168,2864 5258,2858 5347,2864 5437,2864 5526,2864 5616,2864 5705,2870 5795,2870 5884,2870 5974,2870 6063,2870 6153,2870 6242,2870 6332,2870 6421,2876 6511,2876"/>
                <TextEquiv>
                    <Unicode>hautmarbe ohne Syneckie (narbiges Hornhautstapholom). Sie ent¬</Unicode>
                </TextEquiv>
            </TextLine>
            <TextLine id="tr_1_tl_9" custom="readingOrder {index:8;}">
                <Coords points="3448,3037 6490,3045 6486,2893 3445,2916"/>
                <Baseline points="3467,2954 3557,2954 3646,2960 3736,2960 3825,2966 3915,2966 4004,2966 4094,2960 4183,2966 4273,2966 4362,2966 4452,2966 4541,2966 4631,2972 4720,2978 4810,2978 4899,2978 4989,2978 5078,2978 5168,2984 5258,2990 5347,2990 5437,2990 5526,2990 5616,2990 5705,2996 5795,2996 5884,2996 5974,2996 6063,2996 6153,2996 6242,3002 6332,3002 6421,3008 6499,3008"/>
                <TextEquiv>
                    <Unicode>stehen durch Perfration von Hornhautgeschwüren. Wir müssen da¬</Unicode>
                </TextEquiv>
            </TextLine>
            <TextLine id="tr_1_tl_10" custom="readingOrder {index:9;}">
                <Coords points="3456,3174 3650,3075 4659,3201 4975,3106 6509,3174 6505,3022 6383,3015 3452,3045"/>
                <Baseline points="3473,3073 3563,3079 3652,3079 3742,3085 3831,3085 3921,3091 4010,3091 4100,3091 4189,3091 4279,3091 4368,3091 4458,3091 4547,3091 4637,3097 4726,3097 4816,3097 4905,3097 4995,3103 5084,3103 5174,3109 5264,3109 5353,3109 5443,3115 5532,3115 5622,3115 5711,3115 5801,3121 5890,3121 5980,3121 6069,3127 6159,3121 6248,3127 6338,3127 6427,3127 6517,3139"/>
                <TextEquiv>
                    <Unicode>her bei einem tiefen Geschwür den Parienten ins Bett schicken,</Unicode>
                </TextEquiv>
            </TextLine>
            <TextLine id="tr_1_tl_11" custom="readingOrder {index:10;}">
                <Coords points="3487,3243 6425,3289 6425,3155 6155,3129 3487,3144"/>
                <Baseline points="3509,3216 3598,3216 3688,3210 3777,3210 3867,3210 3956,3210 4046,3210 4136,3210 4225,3210 4315,3216 4404,3216 4494,3216 4583,3222 4673,3228 4762,3228 4852,3228 4941,3222 5031,3228 5120,3222 5210,3228 5299,3228 5389,3234 5478,3234 5568,3240 5657,3240 5747,3240 5836,3240 5926,3240 6016,3240 6105,3246 6195,3240 6284,3240 6374,3234 6433,3228"/>
                <TextEquiv>
                    <Unicode>Verband geben, Ateopin einträufeln, also verhindern, daß das</Unicode>
                </TextEquiv>
            </TextLine>
            <TextLine id="tr_1_tl_12" custom="readingOrder {index:11;}">
                <Coords points="3464,3426 6410,3384 6410,3277 6296,3258 5473,3330 5203,3239 4933,3315 3464,3247"/>
                <Baseline points="3485,3330 3574,3336 3664,3342 3754,3342 3843,3336 3933,3330 4022,3336 4112,3336 4201,3342 4291,3342 4380,3342 4470,3342 4559,3342 4649,3348 4738,3354 4828,3348 4917,3348 5007,3348 5096,3348 5186,3348 5275,3354 5365,3354 5454,3354 5544,3354 5634,3360 5723,3366 5813,3372 5902,3372 5992,3372 6081,3366 6171,3372 6260,3378 6350,3372 6421,3366"/>
                <TextEquiv>
                    <Unicode>Geschwür perferirt. Haben wir jedoch schon ein Staphylom vor uns</Unicode>
                </TextEquiv>
            </TextLine>
            <TextLine id="tr_1_tl_13" custom="readingOrder {index:12;}">
                <Coords points="3464,3547 4038,3464 6254,3551 6436,3528 6436,3410 3464,3433"/>
                <Baseline points="3485,3467 3574,3467 3664,3467 3754,3467 3843,3461 3933,3461 4022,3461 4112,3455 4201,3461 4291,3461 4380,3461 4470,3467 4559,3467 4649,3473 4738,3473 4828,3467 4917,3473 5007,3467 5096,3467 5186,3473 5275,3473 5365,3479 5454,3479 5544,3479 5634,3479 5723,3479 5813,3485 5902,3491 5992,3491 6081,3497 6171,3497 6260,3497 6350,3503 6439,3497 6445,3497"/>
                <TextEquiv>
                    <Unicode>so hat man bei der Operation zu berücksichtigen, 1) ob man noch</Unicode>
                </TextEquiv>
            </TextLine>
            <TextLine id="tr_1_tl_14" custom="readingOrder {index:13;}">
                <Coords points="3460,3624 6269,3700 6501,3665 6501,3525 3456,3528"/>
                <Baseline points="3479,3586 3569,3580 3658,3580 3748,3580 3837,3574 3927,3574 4016,3569 4106,3574 4195,3574 4285,3574 4374,3574 4464,3574 4553,3580 4643,3580 4732,3580 4822,3586 4911,3586 5001,3586 5090,3592 5180,3598 5269,3598 5359,3604 5449,3604 5538,3604 5628,3604 5717,3610 5807,3610 5896,3616 5986,3622 6075,3622 6165,3628 6254,3628 6344,3628 6433,3628 6505,3628"/>
                <TextEquiv>
                    <Unicode>etwas fürs Sehen leisten kann, oder 2) obman blos den intraven</Unicode>
                </TextEquiv>
            </TextLine>
            <TextLine id="tr_1_tl_15" custom="readingOrder {index:14;}">
                <Coords points="3445,3783 6467,3764 5873,3624 3441,3631"/>
                <Baseline points="3461,3712 3551,3712 3640,3712 3730,3706 3819,3706 3909,3706 3998,3706 4088,3706 4177,3706 4267,3718 4356,3718 4446,3718 4535,3718 4625,3718 4714,3718 4804,3718 4893,3718 4983,3724 5073,3724 5162,3730 5252,3736 5341,3730 5431,3730 5520,3730 5610,3736 5699,3736 5789,3736 5878,3742 5968,3742 6057,3748 6147,3754 6236,3760 6326,3754 6415,3760 6475,3760"/>
                <TextEquiv>
                    <Unicode>laren Druck herabsetzen, oder 3) ob man das Staphylom ge¬</Unicode>
                </TextEquiv>
            </TextLine>
            <TextLine id="tr_1_tl_16" custom="readingOrder {index:15;}">
                <Coords points="3456,3905 5953,3943 6429,3848 5523,3742 3452,3806"/>
                <Baseline points="3473,3849 3563,3843 3652,3843 3742,3843 3831,3843 3921,3843 4010,3843 4100,3843 4189,3843 4279,3843 4368,3843 4458,3843 4547,3843 4637,3843 4726,3843 4816,3849 4905,3849 4995,3849 5084,3849 5174,3855 5264,3855 5353,3861 5443,3855 5532,3861 5622,3861 5711,3861 5801,3867 5890,3873 5980,3873 6069,3879 6159,3879 6248,3873 6338,3873 6427,3873 6439,3867"/>
                <TextEquiv>
                    <Unicode>wegbringen kann. 1) Wenn noch etwas durchsichtige Haus auf</Unicode>
                </TextEquiv>
            </TextLine>
        </TextRegion>
    </Page>
</PcGts>
