6744 4200
3557 180 5091 447 Beiden reifen Ratar. löst sich die
1993 226 3429 496 Die hypllmatiere erkannt man
3546 368 5076 594 Ratar von der Kargsel wie die rei¬
1910 350 3497 624 manchmal an tiefer Vordekammer
3542 523 4749 778 fe Freihl an der Schale.
1948 534 3444 846 Verflüssig der Cortic (An schmfein)
3531 598 5095 951 die vorflüssigkeitspermat in Raten
1918 718 3463 1000 grau per retirte, Aussehen dersel¬
3516 835 5038 1117 kann derde's) schaden, daß die ver¬
1933 869 3448 1169 ben zu erkennen) u. an Kapsel
3527 974 5008 1301 flüsserte Corstialis in der Auge
1959 1038 3418 1354 verdickung d. hollgröne Punckte u.
3519 1154 5035 1436 wimmt. Bei der Verflüssen kommt
1959 1184 3410 1489 Streifen an die hintere Fläch, der
3512 1312 5046 1647 es zur Bildg von Fellsäum¬
1993 1372 3493 1654 Mordeskapsel, die aber nicht die radi¬
3516 1481 4959 1846 die zu Jritik klilio führen
1963 1553 3486 1842 Äre Zeichnung des Kinsenfahren zeigt.
3519 1636 5053 1970 können. Die verdickte Regsel
1948 1722 3470 1959 Unreise Ratar soll man nicht
3523 1869 4978 2139 mit oft schwacher gezerrte
989 1816 1542 2053 Naturation. -
1993 1835 3448 2151 opiniren, weil die nicht getrübt.
504 1918 1895 2196 ist die absichtlich herbeigeführte Beschlu¬
3549 1970 5020 2312 Zon. Zimii kann die Discession
2019 2004 3399 2267 Linsenfahren fest an der
519 2083 1884 2327 nigung der Rälai Prozesses dadurch
3572 2132 5031 2500 erschweren oder unmöglich
515 2211 1831 2444 op man Cat Traum exeng
1974 2162 3452 2463 Rapsel hängen u sich nicht ab
3549 2264 5031 2651 machen, so daß das Glück.
1966 2324 3429 2621 streifenlassen u. dann bei
526 2365 1042 2572 2 Melfoden
523 2391 1794 2688 Die eine veraltet iksission
2008 2478 3358 2779 Berührung mit dem Kamer
3561 2497 4696 2790 vor den Linse kommt.
466 2579 1884 2831 d's andre. lassage de tiense may
3674 2598 4986 2963 Zufäll bei der Operation
1963 2621 3433 2944 wasser quellen u zu Reize
534 2734 1609 2929 Tärster. Operation
3598 2809 4986 3158 1. Glückörpervorfall Im
1966 2790 3452 3136 In Gedökyklebs des oper.
523 2839 1899 3091 Jnoekt an Horenhand, den solange
3572 2985 5008 3290 ersten und zweiten Moment
466 2967 3497 3339 Anlangt besser die Herrheit Gänger führen.Vom Vorhanden
523 2982 1940 3200 Die Kirche noch der hinter Hornhants¬
3557 3094 5042 3407 (I u 4) kau die Operation forçoit
1993 3102 3478 3422 sein durchsichtiges Porticalreste
3512 3219 5020 3561 werden, od. man verbineht der
455 3249 1944 3497 mit ein Kreis der Ahre Gekerte
1955 3331 3429 3632 kann man Eich nicht überzeigen
3512 3425 4986 3692 Auge u beginnt die Operation
489 3403 1820 3625 Im allgemeinen sind der
1948 3489 3418 3771 da die Pupill schwarzer¬
3542 3591 5035 3862 nach ca 14 Tagen von vorm
489 3561 1884 3843 vorden Scheifen der Linf nach
1951 3666 2376 3925 schreit.
481 3704 1895 3993 6 - 8 Wochen wollkommen Gedrukt
5178 169 6494 350 homogen; doch schiene d
5162 259 6524 496 hinter Schichte auf der Ose,
5159 406 6456 684 nicht beeinfließt zu werde.
5166 553 6516 823 to p a Effekt & opei for
5129 722 5937 936 in Musos &c
5159 718 6494 1079 contrain Unfliffder Geich
5147 948 6437 1245 ob Tock den Lonula (zu
5121 1102 6542 1387 erkennen am Schlossen den Kruß¬
5140 1278 6490 1545 weil durch der
5114 1418 6595 1748 der Zammle zerrissen wird, beim
5140 1624 6524 1839 to Laifonfey beamflupt wurde
