6920 4824
3947 601 6165 1008 Läsman, d. Cricoar. consulis
4863 795 5945 982 (wollamt postum)
3573 894 6516 1169 Trifilelli Markt it klei d'agnose in neuer
3852 1125 4885 1393 Neapel Tall non
3610 1330 6384 1686 Lei der Schon. nähert sich der Krield nicht ganz
3628 1576 6252 1891 der Mittellung, das u. überschreitet hie¬
3614 1811 6403 2140 bei der Just. Ueberglichtkeit der l. Stemb nur
3592 2012 6469 2404 mehr als phys. d. Cat. Excurs des rechts
3647 2291 6465 2639 Ogopath Uhrmär (21. Calcurt) Galo
3672 2547 4347 2888 Besserung.
