7098 4824
1260 202 1432 485 be
1822 143 1987 419 be
3757 580 6497 936 Aphonia hyslaica, Sycpr. spast verum
3658 819 5079 1102 Durch Unterleiten
3636 970 6331 1351 A. Prreaborski Lodj, Gazela le Karska N.
6210 1105 6482 1362 1818
3610 1252 6214 1612 Fall von 18. Müdchen; vervös, anaemsik
3614 1484 6559 1847 Nothzuchtsversuch. - Andl Anláll von Appen¬
3606 1704 6464 2057 Aphonia. Quaesthes. d Hautl. ubi dem
3643 1910 6394 2222 Zeugenbein u der Eheplaten, Antikegster.
3592 2119 6456 2442 erfolglos. Ein letzt Chloroforum varkose
3581 2394 6519 2736 (Trachetoncie) - Sesmoet et dzspaoe; Hautnus
3577 2596 6482 2945 sion – U den kommt. kein Frac. nach 8 Wochen
3573 2839 6526 3173 minder Aphonia u Langzrepasmin. - Wüschel
3584 3089 6449 3386 verdikt, dem Sept anleger (linker, mittle)
3584 3316 6394 3661 Kirche der Rücksa Thormenstuf als bis Ohnmehr,
3581 3533 6519 3856 Cauteris mit sowissenen Erfel (10 Monate)
3639 3728 6467 4043 ein Polanik gegen Hack. Zufring zu Herius¬
3599 3963 6519 4209 der einige Formen vom Ap. hysten apart, u Kopf
3614 4117 6368 4330 durch Rein noch dreit 5 Sept entheil kog
