6840 4712
3984 305 6236 669 Inuition seine Rehlkopferve
3720 524 6567 992 Erner (wien) Bemontr über K. sowie
3646 769 6448 1282 Sargn, Section 59. Vers. Natürf-Cents
3679 1133 4593 1479 Berlin 1886
3690 1219 6567 1657 Dement d. M. lag. med an arrat. Praep., aus
3683 1442 6581 1925 beim Kinde. Wird an einem Bannich
3623 1754 6470 2174 mit schwachen in den Stromen geexzt: der
3627 1899 6630 2386 Neuse-crico lhge. Contr. sich wie bei Ker¬
3679 2211 6529 2635 O Leu. Sup. — Ihiere, denen beitrseits
3690 2482 6593 2962 D Laryer M.D. beiderheit verschritte wird
3720 2717 6678 3151 stecke nach wenig Tage; inde sie nicht fasser
3731 2973 6563 3378 Seilig nicht besonders. - Noch kassen
3698 3244 6593 3642 A. L. sup. od. med. beich sowohl das
3683 3493 6626 3917 Schlücke als der Ihrem in der Freienhor¬
3857 3772 4541 4080 Zurück
