6888 4264
3623 199 5125 524 u. ist das zweite Augeamawrohte
1975 304 3531 611 des Lichtes das Schvermögen heral¬
3570 410 5068 662 denn kann man die Durchschneid
1963 463 3505 777 setzen. (Beistark bahschemende
3598 566 5086 856 des rect. sup. vomahmen, unser
1987 635 3507 932 Hochautträt, die mehr durch
3627 688 5123 1005 das Coloton nicht in den Bereich
2001 818 3515 1066 Blauden als durch Abhaltung des
3635 913 5100 1216 der Lidscholte zu bringen. Ihr das
2048 1019 3479 1268 hufte schaden, toetowert eeure
3623 1078 5129 1362 andere Auge gesund so würde denn
2019 1100 3532 1443 zuerst, u auch sie so undurch¬
3645 1303 4692 1565 Dozgelbild entsche. -
2034 1303 3544 1622 sichtig. Die Krogerne Haupt
3692 1441 4891 1689 a) ohne eodere Synechien
2011 1443 3532 1780 ab von der Größe, den Wölbg¬
3704 1642 4561 1853 b) mit solchen.
2017 1648 3578 1999 verhältnissen, der durchsichtste
3686 1695 5111 2013 Lai vordre Lyncahien, bei
2030 1851 3525 2202 jener Herr Hausgartinschinter
3641 1867 5155 2206 denen der Conseillarand ein¬
3670 2076 5169 2403 geheilt ist, muss man jeitweise
2048 2038 3580 2312 der man die Inseille Anle¬
2036 2194 3566 2561 gen will. Selbstverstandlich
3696 2235 5121 2576 Atropin geben, weil sonst die
2058 2423 3552 2681 ist einer Leistenpfind im
3670 2448 5165 2740 Jupille sich ad a.x. contenfert
2097 2541 3564 2817 Ceaturin in Sargliche zu
3680 2659 5182 2943 (des Sphincter hat einen Exan¬
3670 2821 5165 3126 Punkt.) Sonst ist im allge¬
2036 2815 2576 3077 prüfen.
2084 2886 3570 3189 der Einstich kann auch in der
3680 3010 5149 3284 maensi Jas Colobour an
2044 3050 3641 3361 Homsaut liegen, laut man
3663 3180 5198 3531 Mellis der Lynechie angelegen,
2070 3172 3619 3544 che sein nicht bis an den Raad
3682 3369 5182 3680 u diese dabei antwort mit der
2074 3375 3542 3755 herauszehn muß. Ist der
2101 3531 3607 3903 einzige noch übrige Reht
3734 3519 5190 3840 Pincette oder et Lange zu lösen.
2135 3755 3562 4067 nach an obem Hausuhauch
