6840 4408
3616 372 4828 602 1. Restit. ad integrum.
1931 376 3527 683 2. Eigentliches bleuwsch. Stadum
3592 461 5078 768 2. Die gesetzten Exudalmassen
1931 533 3531 816 Secret fließt sehr reichlich, ent¬
3620 594 5086 953 Formen sich in Herzen, die Capi¬
1879 663 3499 957 befeute daderi) gebessert, Schwellig
3616 768 5098 1067 Iphypectrophist im Epilte Klager.
1879 848 3519 1054 keine Menschige die leicht nur¬
3600 933 5074 1232 aus den Ämter ist ein pharische
1919 974 3535 1273 stulybar Fichsche Erscheinung sind
3588 1091 5111 1426 Projess geworden - Svachoui.
1862 1151 2670 1406 mer vorhanden.
1915 1159 3495 1559 Wichtigste Concylic.
3624 1208 5187 1580 Treapie Auliphlogore, Doinfer.
1866 1345 3519 1721 Cörnea infolg des Regeswerk
3612 1378 5094 1737 Contracher erwehrter Gefäße,
1919 1568 3543 1891 Geilhebräflichte gesetzt, es ent¬
3624 1604 4929 1915 Schutz der andere Auge.
3616 1749 5074 2077 die Autiphlogose besteht in
1858 1701 3575 2073 stehe am Raub iung schelform,
3628 1895 5082 2250 euerg. Appli. von Eisenschlägen,
1875 1887 3575 2287 Geschwerde; welche deshalb so gefährte
1854 2036 3539 2428 lich sind, weil sie durch den bleu¬
1830 2093 5046 2549 Decret sept schweren uhr die Cor- Atropus gegen hinter Heechau
1866 2238 5078 2763 naa in kurzes Zeit zerstören können, die Umschlage müssen rasch ge¬
1891 2448 4973 2949 da das Secretim Cinj. seit retime wechselt werden. damit es ja
1842 2578 5103 3095 ichte u einen Höhse sezt. Charakter keiner Nairalgie kommt.
3640 2780 4719 3062 Blatenziehung nicht
3616 2860 5163 3240 Desinfection witt lahal same.
1862 2893 3559 3244 of Armea kan and conhut
3620 3066 5103 3422 sondern 3 % kals hypermanganz an;
1879 3058 3567 3438 eitrig inhiltwirt sein. Das begie¬
3664 3248 5147 3583 [illegible] Lofty davon gibt aca
1830 3232 3543 3583 mit justa Frugg in £4 Stunden
3628 3394 5107 3737 in Wasser, bis es eine schwach
1858 3434 2852 3773 eitriges Geschwer¬
3648 3583 5123 3903 niolalte Fach hat u damit
1931 3495 3583 3886 Mit der Verschwiede des Locatz
3680 3693 5131 4109 wesest mais gens, so oft sich heimt
1943 3745 3499 4076 fort de Blinwoshoele auf
2020 3911 3547 4242 Esgibt zwei Aus 6 ganze
3781 4012 4088 4214 zeugt.
