6712 4280
4992 46 6107 286 Vorhelligen fehlt. Man
476 175 1249 373 12 à 1h.
5072 225 6244 442 Untersuch von Haare
3412 255 4893 487 Anhnlich ist der spectralaual Verhalte
1854 289 3305 560 zug, an den Kleider abgewischt,
362 327 1797 560 Me durch Etschriften. Evert ohne Zschgt
3427 407 4915 628 Querulare, doch
4984 461 6419 693 Culicula ziegelform, liege Epschüppfe,
1828 426 2597 682 Glatt des Klungels)
1850 506 3347 796 Blutkörperchen - man breit der Emp¬
362 514 1793 758 trennen ohne Projektl-Wassesschrift.
3434 529 4889 758 verändert hier Ehrehelammann nicht
4954 583 6496 796 die mit ihm obgeründet Schippe geg da¬
1812 636 3293 891 Hlut mit 12 pecc kassagloss, rück¬
312 659 1721 925 etc. - Kost u Herzgeyd; Nachschäfft
5007 689 6370 937 Juni Ende des Haarsgerichtet sind,
3442 682 4885 902 u Essissourer thut nichts, wahren siebe
1850 796 3282 1036 wasse, Glge, mit Nr. 1007
343 830 1770 1024 Waffe neben dem Todten. D est
5011 830 6416 1055 Cortcabe Hoveselle Spaltraum,
3431 822 4900 1100 einer Blutlöse der Absorbsstreif
1904 895 3366 1180 Alte Bluthaus. Janiusch Flüssigkeit
4999 937 6416 1180 Markhuf durch ängerst aufgefall
358 948 1778 1211 halten der Schußwaff in s Hand
3446 982 4333 1207 verschwinden macht.
1892 1047 3297 1317 1300 Agn, 100 ThGlyi, 22/ kalsal,
5014 1058 6530 1333 fehlt oft, constantte Wollhaus unkapen
3404 1089 4954 1333 Dichrowams (nach Karlung deutlich)
346 1112 1740 1375 Schwärz, co. Vedelz der Haus
4995 1192 6515 1470 wunzige Zellen, an alter Haare Aufth
1881 1249 2559 1458 17 s Lublimat).
3476 1256 4904 1496 Erreißgehalt (Millon Ich Reaction)
362 1249 1797 1527 Zahl und entspr Qualit. des Schußver¬
1934 1298 3396 1546 Bousoin 3 Ap 1 corc Schwefell - dto; 182
5034 1321 6526 1576 Lei den Thieren Gubic deutliches (¬
3453 1390 4957 1630 teßungskeit der Fach geg Amminak:
362 1432 1344 1660 Patz an einer Leiche
5022 1466 6477 1675 woll.) ergezähnt (Nedermann)
1919 1447 3282 1645 Kocher Brick, 30% Karl lange
3442 1538 4923 1774 Griajerk und Ofongrädle Quaysay-
5022 1569 6530 1797 costi macht wäre; die Nackhebst
350 1557 1828 1847 verabstügen, Ueberfahrenwerder
1896 1565 3255 1839 Bei schi alten auch Deel Wasser.
3461 1725 4855 1965 stergentmöl - Lösung; blau. Ehe
5037 1691 6461 1930 deutlicher, vieleh ihn zellige Stecker.
1908 1759 2334 1938 Verfahren
377 1770 940 2003 Hinbwunden
1896 1809 3358 2064 Die bleibte der nicht Tanzuffiern blößte
5007 1831 6499 2056 Bei einzeln (Zunck!) haaren obt groß
3453 1919 3792 2060 wchrol!)
506 1797 1790 2121 Untersuchr von. Plutspine
3476 1949 4946 2197 Dethaemoglobin kaum Lößg. Neben den
1927 1968 3362 2201 Faitz der Kornelament, stark Lüs¬
5014 1953 6496 2216 Angebihkeit mit Ums Hensam
381 2083 1748 2323 Vertheilchen der Blutspuren an Deitrich,
3461 2094 4942 2361 Vighannglobenstreif Bundespr. C- D.
1900 2125 2555 2307 brecht Korn
3461 2136 6435 2463 (Orange). Mit 1ste, Klayde Kruby und Lätze de Gaare, bekannte Thetseh
1904 2140 3343 2471 Sorphriderieut, Ocher Schönberg
366 2208 1824 2444 trüren Fremder blutz Hände an gleich
5049 2258 6465 2502 Stärke am starkst den Barthaan,
362 2330 1816 2559 Bluthere in andre Stellen 2 Local¬
1900 2292 3423 2623 sehr reichten zfah gegen Einer in Alker¬
3476 2380 4969 2574 Schwinde der Methaemozlobstreifs
5037 2361 6557 2578 o. 1/4.6.15 Uhr - weibl. Schauchenen. Man
381 2486 1333 2669 als wo die Teiche lag.
1938 2467 3392 2730 Hemoglobin kau sein Lootus ke
3446 2482 4980 2776 Reché Hamatin. Eine Cyankaline
5018 2502 6458 2738 sern - näml. Schammer – Kopfra¬
350 2566 1843 2810 Blut Herrn einer Arterie schief an eine
3488 2684 6499 2882 leihen gibt ein Land in Grün! Durch Prof. Altersuntertheit - verschieden den
1961 2639 3385 2848 unbüßen durch coaget Einflüch
358 2707 1862 2939 Flach spritzend: ein Spt auslauf tref.
1995 2768 3377 2985 kochend Wasser) u Alter besonders
5007 2806 5780 3004 an, selbe zwar.
3453 2840 4984 3099 ammon loß man diese Band in
5045 2799 6564 3141 Barthaan Drink Schamhaas over
259 2840 1843 3073 so Auffrede, blut seß sie oder blussend
1892 2890 3335 3118 nach Einfluß von Luft und Fuhl.
3491 2981 4965 3229 zwei der Orghalprähnliche auf¬
331 2985 1835 3236 am Orte d That -  Nachträglich durch
3495 3023 6381 3381 Haemin Probe mit Erbasse u. Kochsel. Kopfhaus verliche Querschnitte
1919 3016 3389 3217 - bekherenoglohin - benatu
5079 3141 6530 3469 Verhalte der freien Ender Nonnal
430 3118 1828 3389 Andere Personen eyngt?) (Von¬
1930 3160 3278 3392 (decke den Blebthaus). Mir färk
366 3313 1538 3556 verstorben selbst gänzt?
1965 3278 5030 3503 trammert-braau - geantrau – gern Rhomb. Nähchen, hanffemneh. Kostel,
5091 3305 6549 3621 Spitze; dann durch verschneiden Abnur
407 3415 1805 3678 nützlichen, Comantabdwirk,
3480 3442 4973 3709 Fell. Subst. (Arthe!) im Rost komme
1915 3461 3373 3697 Pectralaualyse Speckd Oly hamoylot
5079 3465 6515 3720 späte Ausfahren; mach. Insell
1911 3625 2368 3777 bei Duß
358 3545 1805 3830 Plutherrn an Thäter Natur verlangen,
5064 3594 6454 3880 schleibe ab; der Schreibswerk
3480 3621 4599 3872 ihn darstellg hindern.
1938 3678 3362 3918 Zusammenfließe der Streif nach
5072 3750 6458 3983 dochdem u Aufloß der Todesalß
388 3811 1211 4002 Raffinement etc
1923 3823 3370 4085 Redrich durch Schwefelammann,
5034 3918 5822 4078 der Hombosen
396 3918 1858 4173 Der Instrument unblick bei etzt
