6648 4168
3396 234 6451 522 Der Netzhaut, der Pat. ist daher gezwungen, stärker zu unvergieren,
408 310 3328 582 Verdeckung des gesunden Auges das strabotische Auge die Fina¬
3403 431 6466 650 um besser zu sehen, indem dadurch die Convexität der Linse vergrös¬
363 507 3229 688 tion übernimmt, während hinter der verbergenden Hand
3396 529 6474 839 ert wird. ad 2.) Ähnlich ist das Verhältnis der Parese der Accomodation
340 643 3343 877 der früher normale Bulbus schielt (secundare Schielablenkung.)
3396 703 4197 915 nach Dischteritis.
355 734 3206 953 Unter normalen Verhältnissen stehen beide Bulbi immer in
3471 794 4674 1021 Verlauf des Strabismus:
348 870 3335 1089 einem gewissen Corditationsverhältnisse. Dies ist unbedingt
3479 877 6481 1104 Der Strab. kann entweder persistirend sein, oder er wächst sich während der
325 998 3312 1180 nothwendig, damit Gegenstände auf correspondirenden Netzhaut¬
3418 1028 6466 1255 Pubertätzeit aus (schwindet). Bei lange über die Tubertätszeit hinaus
355 1104 3290 1354 stellen abgebildet werden. Sowie dies auf nicht corresp. Netzhaut¬
355 1172 6390 1467 stellen geschieht, entstehen doppelbilder Merkwürdigerweise fehlen persiehendem Strab. kommt es zu degenerativen Processen. Die
3396 1293 6421 1588 Musculi recti int werden schwielig verdickt, während die exterm
340 1369 3328 1558 beim Strabismus gappelbilder, obwohl sie der Theorie nach bedingt
3411 1422 5483 1656 atrophisch und relativ insuffeient werden
355 1475 3358 1671 wären. Der Strabismus entsteht gewöhnlich im frühesten Kindesalter
3524 1558 4469 1762 Zeit der Operation:
355 1588 3335 1815 Da kann man aber noch nicht auf Doppelbilderuntersuchen, und d.
3426 1573 6458 1838 Man darf daher erst tenetomiren, 1) wenn die Tubertätzeit vorüber
371 1702 3290 1928 Kind kommt sehr bald darauf, das zweite überflüssige Bild in
3426 1770 6489 2027 ist, ohne dass der Strab. sich ausgewachsen hat?) wenn es kein anderes Mittel
355 1838 3335 2080 seinem Gehirn zu unterdrücken. Daher wird die betreffende Re¬
3418 1944 6496 2140 giebt, ihn zu beheben 3) Man muß sich hüten, ein Individuum zu ter¬
355 1959 3335 2155 tina unterempfindlich, es entsteht Angesthesia Retinae. Wenn sich
378 2042 6451 2291 Der Itratismus spätter entwickelt, so findet man Doppelbilder: der von der, das die Tubertätszeit weithinter sich hat, eben wegen der
3426 2170 4598 2405 degenerativen Processe.
386 2216 3328 2420 Strab. tritt besonders hervor bei der Sixation naher Gegenstände
3532 2307 4099 2526 Erklärung
378 2352 3358 2571 Er kann entweder monoculär oder binocular sein; im letzteren
3464 2344 6451 2594 ad 1.) Vor der Tubertätszeit wird man nicht operieren, weil der Strab sich
348 2488 2450 2692 falle spricht man von Strabismus alternans
3441 2473 6511 2730 auswachsen kann, und weil ein früher operierter Strab sich wieder ein¬
401 2586 2420 2798 Wodurch entsteht Strabismushmvergens?
3448 2670 6511 2889 stellen könnte. ad 2.) Man kann nämlich eine Carrectur der Stellung durch
340 2670 3365 2896 1.) Refonctionsanomalien des Auges, also: Hypermetroprie u. Asty,
3479 2753 6390 2972 Convexpläser vornehmen, indem man einem Lkaboten das
355 2836 3358 3048 matismus, Myopie seltener, und Combinationen beider, Ansomet¬
3464 2859 6489 3078 stärtste Convexylas giebt, mit dem er in die Perne sehen kann
333 2949 3184 3191 2) lang dauernde Beschäftigungen mit kleinen Gegenständen, ev. bei
3456 3002 6504 3222 Vor Eintritt der Subertät muss man Augendiät beobachten. Jede kleine
424 3070 1482 3282 schlechter Beleuchtung;
3456 3116 6481 3388 Spielerei entfernen, das Kind viel uns freie führen, es gewöhnen
340 3101 3282 3418 3.) Bei Lähmung der Accomodation nach schweren Allgemeinerkrankungen
3433 3290 6542 3501 in die ferne zu sehen, später Schulbesuch. Man muß zu bestimmten
408 3335 998 3539 (Diphteritis.)
3486 3403 6542 3630 Zeiten des Tages das gesunde Auge zubinden, um eine Anaesth
363 3343 3358 3683 4.) Trübungen der optischen Medien (Canceflächenfunktförmige Lesentrükungen.)
3479 3517 6421 3713 sia retinae des kranken Auges zu verhindern. Die Testomie
348 3592 1331 3796 5.) Nachahmungstrieb.
3517 3660 6428 3925 ist nur eine kosmetische Operation, die Sehscharfe wird dadurch nicht
454 3728 983 3932 Erklärung:
408 3728 3320 4001 ad 1.) Bei Hypometropie vereinigen sich die Strahlen erst hinter
3501 3819 3963 4008 gebessert
