6728 4408
3512 156 6041 589 lieber di Schömmige de Skint &
3445 461 6155 990 Paralye gros schenken Kilkerfurt
3469 766 5130 1121 N Sienandrski Petersburg
3512 968 5942 1440 Gesche klin gav. 26, 1887
3516 1366 4349 1770 Expenmente
3413 1405 6173 1898 Bei einem Pat. mit rechtsh. Res. Aufweg sind
3452 1728 6297 2072 Verf. der tiefen Buon der & Kunst, ein auf
3413 1887 6272 2380 weglich, bei hohe begann der v. Staubt¬
3448 2235 5275 2693 auch gleichzeit zu schwungen
3448 2402 6229 2856 the Innern & M. erudthap that M R
3452 2646 6265 3143 Alt. nav. Car sup fui bewiese.
3906 3955 4282 4222 O. 110.
