<?xml version="1.0" encoding="UTF-8" standalone="yes"?>
<PcGts xmlns="http://schema.primaresearch.org/PAGE/gts/pagecontent/2013-07-15" xmlns:xsi="http://www.w3.org/2001/XMLSchema-instance" xsi:schemaLocation="http://schema.primaresearch.org/PAGE/gts/pagecontent/2013-07-15 http://schema.primaresearch.org/PAGE/gts/pagecontent/2013-07-15/pagecontent.xsd">
    <Metadata>
        <Creator>prov=READ-COOP:name=TrHtr:version=2.1.0:model_id=51170:date=01_08_2023_03:39</Creator>
        <Created>2023-05-10T11:24:05.968+02:00</Created>
        <LastChange>2023-08-01T03:39:45.008+02:00</LastChange>
        <TranskribusMetadata docId="1428151" pageId="55388111" pageNr="340" tsid="131649573" status="IN_PROGRESS" userId="64420" imgUrl="https://files.transkribus.eu/Get?id=NSEMIPHPQRXCJYJYXXKVQBPL&amp;fileType=view" xmlUrl="https://files.transkribus.eu/Get?id=XRNJRZOSGEYXZVNYWIXFGOCV" imageId="44663004"/>
    </Metadata>
    <Page imageFilename="1428151_0340.jpg" imageWidth="6664" imageHeight="4296">
        <ReadingOrder>
            <OrderedGroup id="ro_1711821830193" caption="Regions reading order">
                <RegionRefIndexed index="0" regionRef="tr_1"/>
            </OrderedGroup>
        </ReadingOrder>
        <TextRegion id="tr_1" custom="readingOrder {index:0;}">
            <Coords points="262,129 6485,129 6485,4043 262,4043"/>
            <TextLine id="tr_1_tl_1" custom="readingOrder {index:0;}">
                <Coords points="4988,287 5349,261 5426,294 5573,232 5724,283 5996,221 6195,243 6199,92 6000,70 5816,114 5592,77 5481,129 5231,99 4992,151"/>
                <Baseline points="5012,214 5041,214 5131,220 5220,214 5310,208 5399,202 5489,202 5578,196 5668,196 5757,184 5847,179 5936,179 6026,196 6115,190 6205,184"/>
                <TextEquiv>
                    <Unicode>Vorstelligen fehlt. Man kann</Unicode>
                </TextEquiv>
            </TextLine>
            <TextLine id="tr_1_tl_2" custom="readingOrder {index:1;}">
                <Coords points="4900,416 5084,471 5378,412 5562,445 5643,390 5952,467 6055,386 6423,394 6427,246 4900,294"/>
                <Baseline points="4922,411 5000,399 5089,387 5179,387 5268,387 5358,381 5447,381 5537,381 5626,381 5716,381 5805,375 5895,363 5984,363 6074,363 6163,369 6253,363 6342,363 6432,363"/>
                <TextEquiv>
                    <Unicode>länger (youa) sehr bald gewisse Verur¬</Unicode>
                </TextEquiv>
            </TextLine>
            <TextLine id="tr_1_tl_3" custom="readingOrder {index:2;}">
                <Coords points="3421,464 3568,486 3686,427 4069,519 4422,416 4650,519 4815,519 4841,272 4470,372 4076,287 3969,335 3624,283 3550,342 3421,327"/>
                <Baseline points="3442,441 3508,435 3597,417 3687,423 3776,423 3866,423 3955,423 4045,417 4134,417 4224,417 4313,417 4403,417 4492,417 4582,417 4671,417 4761,417 4850,417"/>
                <TextEquiv>
                    <Unicode>der Horax; da Gerd ist ergo reffende</Unicode>
                </TextEquiv>
            </TextLine>
            <TextLine id="tr_1_tl_4" custom="readingOrder {index:3;}">
                <Coords points="1810,460 1983,497 2178,434 2273,504 2491,441 2733,500 2822,460 3326,508 3322,313 3123,368 2932,309 2748,364 2318,309 2071,394 1806,342"/>
                <Baseline points="1831,447 1921,441 2010,435 2100,429 2189,429 2279,435 2368,435 2458,441 2547,441 2637,441 2726,441 2816,435 2905,435 2995,435 3084,441 3174,441 3263,447 3335,453"/>
                <TextEquiv>
                    <Unicode>Verweg der Quant des Dinge passu¬</Unicode>
                </TextEquiv>
            </TextLine>
            <TextLine id="tr_1_tl_5" custom="readingOrder {index:4;}">
                <Coords points="276,541 489,471 728,567 831,522 956,548 1004,500 1185,500 1284,559 1335,504 1556,541 1578,357 1063,342 956,416 658,327 423,419 272,408"/>
                <Baseline points="292,483 381,477 471,471 560,465 650,465 739,465 829,471 918,477 1008,483 1097,489 1187,489 1276,489 1366,483 1455,483 1545,489 1587,495"/>
                <TextEquiv>
                    <Unicode>Hann u Kothfiftes bleiben zurück.</Unicode>
                </TextEquiv>
            </TextLine>
            <TextLine id="tr_1_tl_6" custom="readingOrder {index:5;}">
                <Coords points="4904,585 6132,504 6430,548 6434,375 6066,383 5971,464 5717,478 5408,412 4907,449"/>
                <Baseline points="4928,542 5006,537 5095,531 5185,525 5274,525 5364,525 5453,519 5543,513 5632,513 5722,513 5811,513 5901,507 5990,501 6080,501 6169,495 6259,501 6348,501 6438,519"/>
                <TextEquiv>
                    <Unicode>die aus Vorhandenen pakol Verhalter</Unicode>
                </TextEquiv>
            </TextLine>
            <TextLine id="tr_1_tl_7" custom="readingOrder {index:6;}">
                <Coords points="1806,578 1858,589 1906,559 1990,585 2031,559 2145,607 2200,578 2299,607 2347,578 2428,629 2513,592 2505,449 2435,445 2402,478 2358,460 2273,504 2174,434 2119,475 1979,500 1935,467 1803,456"/>
                <Baseline points="1825,548 1915,542 2004,548 2094,548 2183,554 2273,560 2362,560 2452,566 2517,554"/>
                <TextEquiv>
                    <Unicode>Hiebes (Verblände)</Unicode>
                </TextEquiv>
            </TextLine>
            <TextLine id="tr_1_tl_8" custom="readingOrder {index:7;}">
                <Coords points="3392,603 3532,589 3701,666 4403,563 4624,614 4852,574 4823,508 4646,519 4422,416 4315,475 3918,519 3734,445 3392,504"/>
                <Baseline points="3412,584 3430,584 3520,578 3609,572 3699,566 3788,566 3878,572 3967,566 4057,566 4146,566 4236,566 4325,566 4415,560 4504,560 4594,560 4683,560 4773,560 4862,560"/>
                <TextEquiv>
                    <Unicode>beim Erhängen verhindet d Compret</Unicode>
                </TextEquiv>
            </TextLine>
            <TextLine id="tr_1_tl_9" custom="readingOrder {index:8;}">
                <Coords points="243,706 324,658 405,681 567,647 633,603 684,636 798,629 842,673 1030,625 1026,563 971,533 934,552 828,522 721,563 618,500 239,526"/>
                <Baseline points="262,608 352,608 441,596 531,596 620,590 710,596 799,602 889,614 978,620 1038,626"/>
                <TextEquiv>
                    <Unicode>Abertus als Folge. —</Unicode>
                </TextEquiv>
            </TextLine>
            <TextLine id="tr_1_tl_10" custom="readingOrder {index:9;}">
                <Coords points="3399,787 5956,640 6155,710 6350,541 4407,563 3870,688 3407,611"/>
                <Baseline points="3418,745 3508,733 3597,721 3687,716 3776,716 3866,716 3955,710 4045,710 4134,710 4224,704 4313,704 4403,698 4492,698 4582,692 4671,698 4761,704 4850,704 4910,686 4928,680 5017,668 5107,662 5196,662 5286,656 5375,650 5465,650 5554,644 5644,644 5733,644 5823,638 5912,632 6002,632 6091,626 6181,620 6270,614 6360,620"/>
                <TextEquiv>
                    <Unicode>die Cyanone. In der Ogone schwindet sein, des kluts in entzel Krks, wo mussurch</Unicode>
                </TextEquiv>
            </TextLine>
            <TextLine id="tr_1_tl_11" custom="readingOrder {index:10;}">
                <Coords points="1839,721 2031,762 2410,684 2877,787 3292,750 3289,581 3046,530 2833,530 2535,629 2487,589 2417,640 2038,559 1839,589"/>
                <Baseline points="1861,668 1951,680 2040,680 2130,680 2219,680 2309,686 2398,680 2488,686 2577,686 2667,692 2756,692 2846,698 2935,698 3025,692 3114,692 3204,692 3293,710 3299,710"/>
                <TextEquiv>
                    <Unicode>die Fahrzkeit der Blick, Aufzunehmen,</Unicode>
                </TextEquiv>
            </TextLine>
            <TextLine id="tr_1_tl_12" custom="readingOrder {index:11;}">
                <Coords points="4952,820 5161,791 5353,839 5419,791 5735,842 5853,776 6412,817 6475,802 6482,622 6280,618 6147,710 5960,644 5772,714 4955,677"/>
                <Baseline points="4970,799 5053,781 5143,781 5232,781 5322,775 5411,775 5501,775 5590,775 5680,775 5769,769 5859,769 5948,763 6038,757 6127,757 6217,757 6306,739 6396,739 6485,739"/>
                <TextEquiv>
                    <Unicode>Kbrinausscher stattfinden, anzuschehen?</Unicode>
                </TextEquiv>
            </TextLine>
            <TextLine id="tr_1_tl_13" custom="readingOrder {index:12;}">
                <Coords points="695,850 1041,806 1137,824 1207,787 1265,809 1317,784 1372,824 1567,791 1571,633 1438,662 1299,614 1126,699 1023,625 964,666 901,644 846,673 795,629 699,625"/>
                <Baseline points="721,775 811,781 900,781 990,787 1079,787 1169,787 1258,781 1348,781 1437,775 1527,775 1581,775"/>
                <TextEquiv>
                    <Unicode>Echeuriteiten</Unicode>
                </TextEquiv>
            </TextLine>
            <TextLine id="tr_1_tl_14" custom="readingOrder {index:13;}">
                <Coords points="1792,846 2347,824 2516,879 2608,831 2671,879 2726,853 2847,890 2844,717 2693,758 2546,721 2491,765 2270,692 2064,721 2023,762 1931,710 1788,728"/>
                <Baseline points="1813,811 1903,811 1992,811 2082,805 2171,805 2261,811 2350,805 2440,811 2529,811 2619,817 2708,817 2798,823 2858,823"/>
                <TextEquiv>
                    <Unicode>schmückt (Kellevog Herzitz.)</Unicode>
                </TextEquiv>
            </TextLine>
            <TextLine id="tr_1_tl_15" custom="readingOrder {index:14;}">
                <Coords points="3381,923 3524,861 3638,934 3830,879 3966,949 4326,887 4462,920 4635,853 4852,883 4856,739 4407,736 4260,798 3958,732 3830,780 3682,750 3532,820 3384,776"/>
                <Baseline points="3401,859 3430,859 3520,853 3609,847 3699,847 3788,847 3878,847 3967,847 4057,847 4146,841 4236,835 4325,835 4415,829 4504,829 4594,829 4683,823 4773,829 4862,835"/>
                <TextEquiv>
                    <Unicode>in Folge Erlehng der bei lauenhalten Kraft,</Unicode>
                </TextEquiv>
            </TextLine>
            <TextLine id="tr_1_tl_16" custom="readingOrder {index:15;}">
                <Coords points="4893,979 4985,945 5128,1019 5720,920 6375,912 6379,809 4900,820"/>
                <Baseline points="4916,930 4952,930 5041,918 5131,912 5220,906 5310,906 5399,900 5489,895 5578,895 5668,895 5757,900 5847,895 5936,883 6026,871 6115,865 6205,853 6294,847 6384,847"/>
                <TextEquiv>
                    <Unicode>2 receose Hypocannier a lange</Unicode>
                </TextEquiv>
            </TextLine>
            <TextLine id="tr_1_tl_17" custom="readingOrder {index:16;}">
                <Coords points="1832,975 3160,1015 3311,975 3318,791 3116,865 2965,798 2711,894 2630,842 2513,879 2233,813 1836,857"/>
                <Baseline points="1855,954 1891,948 1980,954 2070,948 2159,942 2249,942 2338,948 2428,954 2517,948 2607,948 2696,948 2786,948 2875,936 2965,924 3054,918 3144,918 3233,924 3323,936"/>
                <TextEquiv>
                    <Unicode>Vasom Kneuert (gilepsie), trauen Laß</Unicode>
                </TextEquiv>
            </TextLine>
            <TextLine id="tr_1_tl_18" custom="readingOrder {index:17;}">
                <Coords points="3410,1034 3487,1008 3550,1041 3620,997 3668,1012 3693,993 3745,997 3785,1023 3830,1019 3833,927 3800,931 3778,909 3708,923 3690,909 3638,934 3528,861 3491,876 3414,865"/>
                <Baseline points="3430,978 3478,978 3568,972 3657,978 3747,972 3836,966"/>
                <TextEquiv>
                    <Unicode>in lyamose).</Unicode>
                </TextEquiv>
            </TextLine>
            <TextLine id="tr_1_tl_19" custom="readingOrder {index:18;}">
                <Coords points="4915,1089 5121,1166 5820,1012 5923,1067 6033,990 6379,1015 6390,912 4922,1004"/>
                <Baseline points="4940,1074 4964,1079 5053,1079 5143,1074 5232,1068 5322,1056 5411,1044 5501,1032 5590,1032 5680,1026 5769,1014 5859,1008 5948,1002 6038,984 6127,978 6217,972 6306,972 6396,966"/>
                <TextEquiv>
                    <Unicode>Nach der Luftdruckerehalterische - normas¬</Unicode>
                </TextEquiv>
            </TextLine>
            <TextLine id="tr_1_tl_20" custom="readingOrder {index:19;}">
                <Coords points="324,1093 795,1126 982,1041 1034,1093 1207,1048 1310,1115 1545,1096 1711,1034 1718,905 1545,868 1460,931 1376,857 1299,912 1012,868 824,927 581,876 456,934 331,912"/>
                <Baseline points="346,1044 381,1044 471,1044 560,1038 650,1032 739,1026 829,1026 918,1020 1008,1008 1097,1002 1187,1002 1276,996 1366,990 1455,984 1545,984 1634,984 1724,996"/>
                <TextEquiv>
                    <Unicode>Gefährendasch, Nerven, Muskel,</Unicode>
                </TextEquiv>
            </TextLine>
            <TextLine id="tr_1_tl_21" custom="readingOrder {index:20;}">
                <Coords points="3418,1137 3524,1107 3579,1170 3638,1122 3999,1133 4150,1082 4253,1148 4396,1144 4771,1071 4782,901 4518,898 4341,960 4028,927 3646,1048 3425,1026"/>
                <Baseline points="3442,1103 3532,1097 3621,1091 3711,1085 3800,1074 3890,1068 3979,1056 4069,1056 4158,1050 4248,1050 4337,1044 4427,1038 4516,1032 4606,1020 4695,1020 4785,1020"/>
                <TextEquiv>
                    <Unicode>Eichmosen der Consumat (gesteiz blätte</Unicode>
                </TextEquiv>
            </TextLine>
            <TextLine id="tr_1_tl_22" custom="readingOrder {index:21;}">
                <Coords points="1825,1144 1931,1085 1964,1107 2112,1082 2189,1107 2384,1093 2391,986 2248,971 2189,997 2071,960 1994,993 1836,979"/>
                <Baseline points="1849,1085 1855,1085 1945,1068 2034,1062 2124,1050 2213,1044 2303,1044 2392,1050"/>
                <TextEquiv>
                    <Unicode>d. led. obl. -</Unicode>
                </TextEquiv>
            </TextLine>
            <TextLine id="tr_1_tl_23" custom="readingOrder {index:22;}">
                <Coords points="4918,1251 5908,1177 5978,1218 6397,1140 6401,1052 6313,1001 6070,1001 5926,1067 5592,1041 5121,1166 4926,1107"/>
                <Baseline points="4940,1205 4976,1205 5065,1199 5155,1199 5244,1193 5334,1175 5423,1169 5513,1163 5602,1157 5692,1157 5781,1157 5871,1145 5960,1139 6050,1133 6139,1121 6229,1115 6318,1109 6408,1115"/>
                <TextEquiv>
                    <Unicode>Zuflicht, meiner Absicht. - Erflehe den</Unicode>
                </TextEquiv>
            </TextLine>
            <TextLine id="tr_1_tl_24" custom="readingOrder {index:23;}">
                <Coords points="1832,1218 2189,1269 2505,1174 2862,1221 2980,1133 3296,1144 3307,979 3127,1048 2950,982 2781,1071 2638,1019 2516,1078 1839,1122"/>
                <Baseline points="1855,1187 1873,1187 1963,1187 2052,1181 2142,1181 2231,1181 2321,1169 2410,1163 2500,1157 2589,1151 2679,1145 2768,1139 2858,1133 2947,1127 3037,1121 3126,1121 3216,1121 3305,1133"/>
                <TextEquiv>
                    <Unicode>Kagnoi, in d. 1. M. respir Charakter</Unicode>
                </TextEquiv>
            </TextLine>
            <TextLine id="tr_1_tl_25" custom="readingOrder {index:24;}">
                <Coords points="3440,1247 3539,1240 3613,1284 3752,1218 3881,1269 3973,1232 4146,1229 4153,1082 3966,1155 3756,1111 3701,1137 3638,1122 3579,1170 3524,1107 3447,1122"/>
                <Baseline points="3460,1217 3532,1223 3621,1223 3711,1211 3800,1205 3890,1205 3979,1199 4069,1193 4158,1199"/>
                <TextEquiv>
                    <Unicode>Rujet d'Capill.)</Unicode>
                </TextEquiv>
            </TextLine>
            <TextLine id="tr_1_tl_26" custom="readingOrder {index:25;}">
                <Coords points="294,1243 324,1240 368,1210 412,1251 500,1203 570,1221 581,1210 640,1218 644,1166 581,1151 563,1162 493,1133 471,1148 434,1115 405,1118 390,1104 357,1115 331,1096 298,1111"/>
                <Baseline points="316,1211 381,1205 471,1199 560,1199 650,1199"/>
                <TextEquiv>
                    <Unicode>Sehren.</Unicode>
                </TextEquiv>
            </TextLine>
            <TextLine id="tr_1_tl_27" custom="readingOrder {index:26;}">
                <Coords points="4941,1361 5875,1354 5985,1295 6401,1288 6408,1148 5463,1262 5360,1218 4948,1254"/>
                <Baseline points="4964,1330 4982,1330 5071,1330 5161,1324 5250,1324 5340,1318 5429,1312 5519,1312 5608,1300 5698,1294 5787,1282 5877,1282 5966,1276 6056,1276 6145,1270 6235,1264 6324,1253 6414,1247"/>
                <TextEquiv>
                    <Unicode>bestandes sonach, ob das Verhältnis den</Unicode>
                </TextEquiv>
            </TextLine>
            <TextLine id="tr_1_tl_28" custom="readingOrder {index:27;}">
                <Coords points="1788,1346 2325,1372 2524,1291 2733,1350 2972,1265 3237,1313 3300,1284 3304,1199 3138,1129 2855,1221 2513,1170 2200,1269 1792,1247"/>
                <Baseline points="1813,1312 1873,1312 1963,1312 2052,1318 2142,1318 2231,1312 2321,1306 2410,1300 2500,1288 2589,1288 2679,1282 2768,1282 2858,1270 2947,1264 3037,1253 3126,1253 3216,1247 3305,1258"/>
                <TextEquiv>
                    <Unicode>dann exh. herandens Exposition kurzf.</Unicode>
                </TextEquiv>
            </TextLine>
            <TextLine id="tr_1_tl_29" custom="readingOrder {index:28;}">
                <Coords points="313,1339 1023,1332 1144,1284 1405,1380 1740,1280 1744,1177 1567,1166 1431,1221 1243,1148 703,1236 316,1232"/>
                <Baseline points="334,1312 405,1312 495,1312 584,1318 674,1318 763,1312 853,1300 942,1294 1032,1282 1121,1276 1211,1270 1300,1264 1390,1270 1479,1264 1569,1270 1658,1270 1748,1276"/>
                <TextEquiv>
                    <Unicode>du rationen (déposblaibt jnonitz)</Unicode>
                </TextEquiv>
            </TextLine>
            <TextLine id="tr_1_tl_30" custom="readingOrder {index:29;}">
                <Coords points="3454,1368 3771,1383 3833,1449 4050,1343 4260,1376 4337,1328 4381,1380 4554,1383 4735,1313 4896,1354 4904,1192 4580,1129 4190,1196 4025,1280 3741,1214 3613,1288 3465,1251"/>
                <Baseline points="3478,1354 3568,1354 3657,1354 3747,1348 3836,1342 3926,1336 4015,1330 4105,1318 4194,1318 4284,1306 4373,1306 4463,1294 4552,1288 4642,1276 4731,1276 4821,1276 4910,1288"/>
                <TextEquiv>
                    <Unicode>kleine Erbgenossen in der Gesichtshaus Auge</Unicode>
                </TextEquiv>
            </TextLine>
            <TextLine id="tr_1_tl_31" custom="readingOrder {index:30;}">
                <Coords points="1792,1483 2108,1545 2413,1449 2697,1512 2917,1438 3311,1567 3333,1273 1795,1413"/>
                <Baseline points="1813,1455 1903,1461 1992,1461 2082,1461 2171,1461 2261,1455 2350,1449 2440,1443 2529,1432 2619,1426 2708,1420 2798,1408 2887,1402 2977,1390 3066,1384 3156,1378 3245,1378 3335,1366"/>
                <TextEquiv>
                    <Unicode>tirte Jesper-Stellmann - Termin Assi¬</Unicode>
                </TextEquiv>
            </TextLine>
            <TextLine id="tr_1_tl_32" custom="readingOrder {index:31;}">
                <Coords points="4904,1523 5290,1534 5397,1453 5518,1497 5614,1435 5985,1505 6261,1383 6397,1391 6405,1288 5956,1354 5669,1328 5459,1405 4918,1335"/>
                <Baseline points="4928,1461 4976,1461 5065,1467 5155,1455 5244,1455 5334,1449 5423,1437 5513,1432 5602,1420 5692,1408 5781,1408 5871,1396 5960,1390 6050,1390 6139,1378 6229,1378 6318,1372 6408,1366"/>
                <TextEquiv>
                    <Unicode>Raszwege unmittel nach Junjo od</Unicode>
                </TextEquiv>
            </TextLine>
            <TextLine id="tr_1_tl_33" custom="readingOrder {index:32;}">
                <Coords points="250,1530 441,1472 530,1549 706,1497 798,1534 909,1449 1089,1490 1196,1420 1343,1442 1350,1343 1254,1299 964,1343 791,1317 647,1398 607,1350 460,1365 405,1324 258,1380"/>
                <Baseline points="274,1479 280,1479 369,1461 459,1467 548,1467 638,1467 727,1467 817,1461 906,1443 996,1437 1085,1432 1175,1420 1264,1414 1354,1408"/>
                <TextEquiv>
                    <Unicode>Fractum. Heilagsdine,</Unicode>
                </TextEquiv>
            </TextLine>
            <TextLine id="tr_1_tl_34" custom="readingOrder {index:33;}">
                <Coords points="3392,1519 3521,1519 3624,1571 3719,1512 3815,1512 3951,1560 4286,1460 4348,1527 4462,1475 4473,1357 4381,1380 4334,1328 4256,1376 4150,1335 3969,1357 3837,1446 3749,1387 3668,1424 3590,1368 3403,1365"/>
                <Baseline points="3412,1509 3490,1503 3580,1503 3669,1503 3759,1485 3848,1479 3938,1467 4027,1461 4117,1455 4206,1443 4296,1437 4385,1432 4475,1426"/>
                <TextEquiv>
                    <Unicode>lide), Schleunhaut der tipper¬</Unicode>
                </TextEquiv>
            </TextLine>
            <TextLine id="tr_1_tl_35" custom="readingOrder {index:34;}">
                <Coords points="3414,1670 3881,1689 3991,1637 4319,1681 4407,1622 4801,1589 4812,1449 4514,1494 4455,1457 4352,1527 4227,1468 3969,1578 3808,1516 3590,1582 3421,1560"/>
                <Baseline points="3436,1652 3466,1646 3556,1646 3645,1640 3735,1628 3824,1622 3914,1616 4003,1616 4093,1611 4182,1611 4272,1599 4361,1593 4451,1581 4540,1569 4630,1557 4719,1551 4809,1545"/>
                <TextEquiv>
                    <Unicode>Auch als Leichenerschrei durch Gratz des</Unicode>
                </TextEquiv>
            </TextLine>
            <TextLine id="tr_1_tl_36" custom="readingOrder {index:35;}">
                <Coords points="4955,1604 5106,1637 5191,1600 5312,1600 5364,1641 5411,1622 5456,1659 5507,1648 5621,1608 5636,1442 5522,1497 5404,1449 5305,1534 5253,1505 5099,1527 4963,1497"/>
                <Baseline points="4976,1593 5012,1587 5101,1593 5191,1587 5280,1581 5370,1569 5459,1557 5549,1551 5638,1545"/>
                <TextEquiv>
                    <Unicode>Esspie erfolgt.</Unicode>
                </TextEquiv>
            </TextLine>
            <TextLine id="tr_1_tl_37" custom="readingOrder {index:36;}">
                <Coords points="327,1666 1192,1578 1409,1652 1567,1575 1733,1604 1725,1442 1497,1475 1203,1427 1085,1494 979,1457 592,1549 335,1464"/>
                <Baseline points="346,1605 399,1599 489,1599 578,1599 668,1599 757,1587 847,1581 936,1575 1026,1569 1115,1563 1205,1563 1294,1563 1384,1563 1473,1557 1563,1551 1652,1557 1742,1557"/>
                <TextEquiv>
                    <Unicode>Trugersdied 2 W. Mttelforf. kr. 3 W</Unicode>
                </TextEquiv>
            </TextLine>
            <TextLine id="tr_1_tl_38" custom="readingOrder {index:37;}">
                <Coords points="1799,1600 1898,1608 1942,1586 2020,1644 2108,1589 2145,1608 2174,1600 2178,1479 2137,1479 2123,1464 2027,1538 1961,1545 1876,1475 1803,1464"/>
                <Baseline points="1819,1587 1825,1581 1915,1581 2004,1581 2094,1575 2183,1569"/>
                <TextEquiv>
                    <Unicode>beweg.-</Unicode>
                </TextEquiv>
            </TextLine>
            <TextLine id="tr_1_tl_39" custom="readingOrder {index:38;}">
                <Coords points="4959,1766 5180,1729 5305,1769 5474,1696 5720,1747 6169,1633 6294,1678 6438,1641 6449,1545 6243,1497 6096,1530 6018,1479 5459,1659 5316,1600 5216,1648 4974,1611"/>
                <Baseline points="4982,1736 5017,1724 5107,1718 5196,1718 5286,1712 5375,1700 5465,1688 5554,1682 5644,1670 5733,1664 5823,1652 5912,1646 6002,1622 6091,1616 6181,1611 6270,1611 6360,1605 6449,1616"/>
                <TextEquiv>
                    <Unicode>bevor fällt nach rasche Ersteckung; an</Unicode>
                </TextEquiv>
            </TextLine>
            <TextLine id="tr_1_tl_40" custom="readingOrder {index:39;}">
                <Coords points="1832,1733 1998,1747 2075,1722 2145,1758 2181,1736 2273,1744 2314,1711 2476,1707 2491,1530 2421,1560 2310,1556 2244,1604 2215,1575 2134,1611 2112,1586 2023,1641 1942,1586 1843,1597"/>
                <Baseline points="1855,1706 1861,1706 1951,1694 2040,1682 2130,1670 2219,1664 2309,1664 2398,1658 2488,1658"/>
                <TextEquiv>
                    <Unicode>Bempllosigkeit</Unicode>
                </TextEquiv>
            </TextLine>
            <TextLine id="tr_1_tl_41" custom="readingOrder {index:40;}">
                <Coords points="372,1762 574,1821 820,1747 1012,1795 1203,1744 1644,1740 1722,1714 1725,1597 1556,1589 1372,1655 1210,1567 629,1659 375,1630"/>
                <Baseline points="393,1730 483,1730 572,1730 662,1724 751,1724 841,1718 930,1718 1020,1712 1109,1706 1199,1706 1288,1700 1378,1700 1467,1700 1557,1694 1646,1682 1736,1688"/>
                <TextEquiv>
                    <Unicode>Vorderam 5 W. Obenare 6 W.</Unicode>
                </TextEquiv>
            </TextLine>
            <TextLine id="tr_1_tl_42" custom="readingOrder {index:41;}">
                <Coords points="3414,1799 4804,1825 4841,1600 4514,1655 4403,1622 4197,1689 4139,1652 3421,1689"/>
                <Baseline points="3436,1778 3502,1778 3591,1778 3681,1772 3770,1766 3860,1760 3949,1760 4039,1760 4128,1754 4218,1742 4307,1736 4397,1736 4486,1724 4576,1718 4665,1712 4755,1706 4844,1706"/>
                <TextEquiv>
                    <Unicode>Bluts u. Rüstunde morsche Capill</Unicode>
                </TextEquiv>
            </TextLine>
            <TextLine id="tr_1_tl_43" custom="readingOrder {index:42;}">
                <Coords points="1836,1854 3267,1788 3315,1567 3061,1560 2954,1637 2509,1733 2413,1692 2023,1773 1843,1740"/>
                <Baseline points="1861,1825 1879,1825 1969,1813 2058,1807 2148,1801 2237,1801 2327,1795 2416,1795 2506,1790 2595,1784 2685,1778 2774,1766 2864,1754 2953,1748 3043,1742 3132,1748 3222,1748 3311,1754"/>
                <TextEquiv>
                    <Unicode>Conclame (Klomsch.) Alte, Krassegeßer</Unicode>
                </TextEquiv>
            </TextLine>
            <TextLine id="tr_1_tl_44" custom="readingOrder {index:43;}">
                <Coords points="4959,1839 4988,1850 5047,1825 5117,1876 5213,1843 5308,1861 5411,1810 5463,1832 5522,1795 5555,1806 5562,1736 5478,1696 5426,1733 5345,1733 5312,1766 5228,1769 5187,1725 5084,1777 5036,1736 4966,1755"/>
                <Baseline points="4982,1819 5029,1819 5119,1813 5208,1813 5298,1807 5387,1801 5477,1784 5566,1778"/>
                <TextEquiv>
                    <Unicode>Lucubus ist der</Unicode>
                </TextEquiv>
            </TextLine>
            <TextLine id="tr_1_tl_45" custom="readingOrder {index:44;}">
                <Coords points="353,1913 478,1953 574,1917 625,1968 743,1898 1151,1872 1229,1909 1313,1869 1486,1924 1567,1872 1700,1884 1707,1736 1129,1747 1012,1795 625,1747 508,1795 364,1733"/>
                <Baseline points="375,1897 459,1891 548,1897 638,1891 727,1891 817,1879 906,1873 996,1861 1085,1861 1175,1855 1264,1849 1354,1849 1443,1849 1533,1843 1622,1843 1712,1837"/>
                <TextEquiv>
                    <Unicode>Oberarnhof 7 W. Tractub 6 W.</Unicode>
                </TextEquiv>
            </TextLine>
            <TextLine id="tr_1_tl_46" custom="readingOrder {index:45;}">
                <Coords points="4955,1990 5441,1906 5720,1939 5996,1854 6066,1891 6313,1850 6394,1902 6401,1792 6232,1736 6048,1766 5934,1707 5640,1843 5544,1788 5297,1861 4966,1847"/>
                <Baseline points="4982,1915 5059,1915 5149,1909 5238,1903 5328,1903 5417,1897 5507,1885 5596,1879 5686,1873 5775,1867 5865,1861 5954,1855 6044,1849 6133,1849 6223,1849 6312,1843 6402,1843"/>
                <TextEquiv>
                    <Unicode>Schauen vor dem Mund etc. woll im</Unicode>
                </TextEquiv>
            </TextLine>
            <TextLine id="tr_1_tl_47" custom="readingOrder {index:46;}">
                <Coords points="3429,1920 3513,1950 3627,1909 3841,1953 3936,1898 4109,1928 4212,1891 4278,1924 4448,1884 4448,1828 4249,1799 4164,1839 4047,1803 3984,1836 3785,1777 3624,1825 3432,1803"/>
                <Baseline points="3448,1903 3472,1903 3562,1897 3651,1897 3741,1891 3830,1885 3920,1885 4009,1885 4099,1879 4188,1879 4278,1873 4367,1873 4457,1867"/>
                <TextEquiv>
                    <Unicode>kommen Ersbymosen vor.</Unicode>
                </TextEquiv>
            </TextLine>
            <TextLine id="tr_1_tl_48" custom="readingOrder {index:47;}">
                <Coords points="1839,1950 2042,2020 2193,1957 2560,1968 2855,1898 3311,2001 3322,1803 3098,1762 1843,1872"/>
                <Baseline points="1861,1939 1897,1933 1986,1933 2076,1927 2165,1921 2255,1921 2344,1915 2434,1915 2523,1909 2613,1897 2702,1897 2792,1891 2881,1879 2971,1879 3060,1873 3150,1867 3239,1867 3329,1873"/>
                <TextEquiv>
                    <Unicode>bei erschöpften, nackotierte, Thierfall,</Unicode>
                </TextEquiv>
            </TextLine>
            <TextLine id="tr_1_tl_49" custom="readingOrder {index:48;}">
                <Coords points="3429,2049 3557,2090 3760,2020 4076,2060 4264,1994 4724,1979 4731,1806 4278,1924 3936,1898 3822,1953 3635,1906 3539,1953 3436,1909"/>
                <Baseline points="3448,2034 3478,2034 3568,2022 3657,2016 3747,2010 3836,2010 3926,2004 4015,2004 4105,2004 4194,1992 4284,1992 4373,1980 4463,1974 4552,1963 4642,1957 4731,1951"/>
                <TextEquiv>
                    <Unicode>Verhalten 3 Pupelle incontaut</Unicode>
                </TextEquiv>
            </TextLine>
            <TextLine id="tr_1_tl_50" custom="readingOrder {index:49;}">
                <Coords points="4974,2049 5095,2108 5327,2042 5628,2086 5761,2005 5923,2064 6107,1987 6401,2020 6445,1887 5993,1854 5882,1920 5544,1953 5386,1913 4977,2001"/>
                <Baseline points="4994,2046 5017,2040 5107,2034 5196,2022 5286,2022 5375,2022 5465,2016 5554,2010 5644,2004 5733,1992 5823,1986 5912,1980 6002,1980 6091,1974 6181,1969 6270,1957 6360,1951 6449,1957"/>
                <TextEquiv>
                    <Unicode>mich läge Erstücksnot (achter Oeden)</Unicode>
                </TextEquiv>
            </TextLine>
            <TextLine id="tr_1_tl_51" custom="readingOrder {index:50;}">
                <Coords points="1825,2163 2067,2082 2193,2112 2457,2049 2586,2071 2667,2020 2943,2053 3057,2027 3064,1906 2932,1946 2851,1898 2571,1975 2509,1939 2193,1961 2034,2023 1839,1950"/>
                <Baseline points="1849,2094 1903,2082 1992,2070 2082,2058 2171,2052 2261,2052 2350,2040 2440,2034 2529,2022 2619,2022 2708,2016 2798,2010 2887,2010 2977,2004 3066,2004"/>
                <TextEquiv>
                    <Unicode>hm aus; auch bei bewuschte?</Unicode>
                </TextEquiv>
            </TextLine>
            <TextLine id="tr_1_tl_52" custom="readingOrder {index:51;}">
                <Coords points="338,2082 633,2130 747,2064 931,2071 1082,2163 1199,2123 1571,2174 1700,2152 1714,1917 1034,1872 743,1902 625,1990 416,1906 346,1942"/>
                <Baseline points="358,2070 375,2070 465,2070 554,2064 644,2064 733,2058 823,2046 912,2040 1002,2028 1091,2028 1181,2016 1270,2016 1360,2016 1449,2010 1539,2010 1628,2010 1718,2010"/>
                <TextEquiv>
                    <Unicode>Oberschick 10 bis Schenkelfak 12 M</Unicode>
                </TextEquiv>
            </TextLine>
            <TextLine id="tr_1_tl_53" custom="readingOrder {index:52;}">
                <Coords points="3440,2170 4499,2148 4900,2071 4911,1909 4797,1906 4661,1994 4256,1998 4080,2060 3447,2056"/>
                <Baseline points="3460,2153 3478,2153 3568,2148 3657,2142 3747,2130 3836,2130 3926,2124 4015,2124 4105,2118 4194,2106 4284,2106 4373,2100 4463,2088 4552,2082 4642,2064 4731,2052 4821,2046 4910,2052"/>
                <TextEquiv>
                    <Unicode>Anstell von Spana (Erschlaff) der Acten.</Unicode>
                </TextEquiv>
            </TextLine>
            <TextLine id="tr_1_tl_54" custom="readingOrder {index:53;}">
                <Coords points="4963,2181 5242,2196 5371,2130 5632,2167 5713,2119 6059,2152 6202,2126 6210,2012 6110,1987 5923,2064 5842,2020 5625,2086 5342,2042 5161,2101 4966,2075"/>
                <Baseline points="4982,2159 5053,2153 5143,2142 5232,2136 5322,2130 5411,2124 5501,2118 5590,2118 5680,2112 5769,2106 5859,2100 5948,2100 6038,2094 6127,2088 6217,2082"/>
                <TextEquiv>
                    <Unicode>Stau der Blut von rechte Herzo¬</Unicode>
                </TextEquiv>
            </TextLine>
            <TextLine id="tr_1_tl_55" custom="readingOrder {index:54;}">
                <Coords points="1917,2222 2042,2270 2259,2181 2432,2211 2516,2159 2752,2204 2983,2148 3090,2193 3204,2123 3340,2126 3344,2056 2961,2034 2619,2108 2538,2053 1928,2112"/>
                <Baseline points="1939,2201 2004,2195 2094,2189 2183,2183 2273,2177 2362,2171 2452,2165 2541,2159 2631,2153 2720,2148 2810,2148 2899,2136 2989,2130 3078,2124 3168,2118 3257,2112 3347,2106"/>
                <TextEquiv>
                    <Unicode>Erhöhy d. tot dreiter, Stamm von einer</Unicode>
                </TextEquiv>
            </TextLine>
            <TextLine id="tr_1_tl_56" custom="readingOrder {index:55;}">
                <Coords points="3454,2299 3657,2329 3785,2248 3844,2307 3966,2262 4054,2314 4249,2229 4621,2193 4878,2318 4896,2075 4804,2053 4484,2148 4128,2115 4028,2189 3911,2130 3774,2196 3462,2174"/>
                <Baseline points="3478,2261 3556,2261 3645,2261 3735,2255 3824,2249 3914,2243 4003,2237 4093,2231 4182,2225 4272,2219 4361,2207 4451,2195 4540,2183 4630,2177 4719,2171 4809,2165 4898,2165"/>
                <TextEquiv>
                    <Unicode>teren). Enblay J Exvemente in Gone</Unicode>
                </TextEquiv>
            </TextLine>
            <TextLine id="tr_1_tl_57" custom="readingOrder {index:56;}">
                <Coords points="4981,2314 5419,2244 5676,2292 6239,2189 6394,2226 6401,2104 6243,2071 6055,2156 5720,2115 5662,2167 5529,2130 5334,2137 5239,2196 4992,2178"/>
                <Baseline points="5006,2261 5065,2261 5155,2249 5244,2243 5334,2237 5423,2237 5513,2231 5602,2225 5692,2219 5781,2207 5871,2201 5960,2189 6050,2183 6139,2177 6229,2171 6318,2165 6408,2165"/>
                <TextEquiv>
                    <Unicode>Jegst den S Orinhaut der Tracta¬</Unicode>
                </TextEquiv>
            </TextLine>
            <TextLine id="tr_1_tl_58" custom="readingOrder {index:57;}">
                <Coords points="298,2251 519,2215 1225,2233 1229,2159 1085,2163 971,2097 909,2115 780,2078 688,2086 596,2152 478,2082 305,2093"/>
                <Baseline points="322,2225 340,2219 429,2213 519,2213 608,2213 698,2207 787,2201 877,2195 966,2189 1056,2189 1145,2189 1235,2183"/>
                <TextEquiv>
                    <Unicode>I send arthroner: —</Unicode>
                </TextEquiv>
            </TextLine>
            <TextLine id="tr_1_tl_59" custom="readingOrder {index:58;}">
                <Coords points="1858,2343 2296,2310 2388,2362 2568,2285 2954,2354 3134,2266 3315,2273 3318,2152 3167,2137 3075,2196 2991,2145 2704,2226 2627,2163 2362,2222 2262,2181 2104,2270 1861,2262"/>
                <Baseline points="1879,2315 1891,2315 1980,2309 2070,2303 2159,2297 2249,2297 2338,2291 2428,2291 2517,2285 2607,2279 2696,2279 2786,2273 2875,2267 2965,2261 3054,2255 3144,2255 3233,2255 3323,2249"/>
                <TextEquiv>
                    <Unicode>Kreislauf. Verlaufen der Herzberg</Unicode>
                </TextEquiv>
            </TextLine>
            <TextLine id="tr_1_tl_60" custom="readingOrder {index:59;}">
                <Coords points="4966,2413 5205,2454 5415,2384 5724,2391 5820,2332 6394,2358 6405,2233 6224,2196 5684,2303 5279,2251 4974,2321"/>
                <Baseline points="4988,2404 5065,2392 5155,2386 5244,2374 5334,2374 5423,2368 5513,2362 5602,2356 5692,2350 5781,2332 5871,2321 5960,2309 6050,2309 6139,2303 6229,2303 6318,2303 6408,2303"/>
                <TextEquiv>
                    <Unicode>Veuon Hyporaauxen entfernten</Unicode>
                </TextEquiv>
            </TextLine>
            <TextLine id="tr_1_tl_61" custom="readingOrder {index:60;}">
                <Coords points="3447,2498 3907,2413 3999,2432 4120,2395 4161,2417 4183,2266 4131,2259 4054,2314 3995,2288 3914,2303 3888,2277 3841,2310 3796,2251 3657,2329 3473,2325"/>
                <Baseline points="3478,2428 3550,2410 3639,2404 3729,2386 3818,2374 3908,2356 3997,2350 4087,2338 4176,2332"/>
                <TextEquiv>
                    <Unicode>Inte Refund</Unicode>
                </TextEquiv>
            </TextLine>
            <TextLine id="tr_1_tl_62" custom="readingOrder {index:61;}">
                <Coords points="890,2369 1185,2402 1258,2354 1501,2376 1501,2193 1376,2215 1350,2189 1295,2222 1177,2237 1085,2211 979,2237 890,2222"/>
                <Baseline points="912,2368 972,2356 1062,2350 1151,2350 1241,2344 1330,2350 1420,2350 1509,2350"/>
                <TextEquiv>
                    <Unicode>Tod durch</Unicode>
                </TextEquiv>
            </TextLine>
            <TextLine id="tr_1_tl_63" custom="readingOrder {index:62;}">
                <Coords points="1806,2468 1964,2513 2439,2446 3053,2472 3120,2421 3373,2465 3381,2255 3134,2270 2947,2358 2535,2288 2388,2358 2097,2325 1990,2391 1810,2376"/>
                <Baseline points="1825,2446 1861,2440 1951,2440 2040,2440 2130,2434 2219,2434 2309,2428 2398,2422 2488,2416 2577,2416 2667,2404 2756,2404 2846,2404 2935,2392 3025,2392 3114,2392 3204,2398 3293,2410 3383,2428"/>
                <TextEquiv>
                    <Unicode>wahrt die Höhe der Erstücken; heraus fregniert</Unicode>
                </TextEquiv>
            </TextLine>
            <TextLine id="tr_1_tl_64" custom="readingOrder {index:63;}">
                <Coords points="3465,2605 3833,2605 4705,2435 4812,2479 4830,2329 4411,2332 4168,2410 3476,2487"/>
                <Baseline points="3490,2577 3574,2565 3663,2553 3753,2541 3842,2529 3932,2517 4021,2511 4111,2500 4200,2494 4290,2482 4379,2470 4469,2452 4558,2446 4648,2434 4737,2428 4827,2422"/>
                <TextEquiv>
                    <Unicode>1. dunkelchiss Bertaffh. 3 Blutes</Unicode>
                </TextEquiv>
            </TextLine>
            <TextLine id="tr_1_tl_65" custom="readingOrder {index:64;}">
                <Coords points="3454,2704 6217,2476 6287,2336 3465,2605"/>
                <Baseline points="3478,2685 3514,2685 3603,2673 3693,2667 3782,2655 3872,2643 3961,2631 4051,2625 4140,2613 4230,2607 4319,2595 4409,2589 4498,2577 4588,2565 4677,2559 4767,2559 4856,2553 4946,2541 5035,2529 5125,2517 5214,2511 5304,2506 5393,2494 5483,2488 5572,2476 5662,2470 5751,2458 5841,2434 5930,2428 6020,2428 6109,2422 6199,2428 6288,2422"/>
                <TextEquiv>
                    <Unicode>drukte darbe des Leihenblater normal. Organen (nacomot Kramf.)</Unicode>
                </TextEquiv>
            </TextLine>
            <TextLine id="tr_1_tl_66" custom="readingOrder {index:65;}">
                <Coords points="559,2557 1534,2531 1534,2388 1457,2406 1357,2351 1240,2358 1188,2402 949,2399 887,2351 688,2491 559,2465"/>
                <Baseline points="578,2523 668,2517 757,2517 847,2517 936,2517 1026,2523 1115,2523 1205,2523 1294,2511 1384,2511 1473,2511 1545,2523"/>
                <TextEquiv>
                    <Unicode>- Erstickung,</Unicode>
                </TextEquiv>
            </TextLine>
            <TextLine id="tr_1_tl_67" custom="readingOrder {index:66;}">
                <Coords points="1817,2601 2031,2641 2200,2571 2318,2641 2612,2575 2807,2634 3120,2571 3204,2630 3274,2619 3281,2450 2936,2432 2608,2509 2439,2443 2233,2505 2126,2461 2005,2535 1821,2476"/>
                <Baseline points="1837,2559 1855,2559 1945,2565 2034,2565 2124,2565 2213,2565 2303,2565 2392,2559 2482,2559 2571,2547 2661,2541 2750,2535 2840,2529 2929,2529 3019,2523 3108,2511 3198,2523 3287,2529"/>
                <TextEquiv>
                    <Unicode>isten des herzschlages nach last lage,</Unicode>
                </TextEquiv>
            </TextLine>
            <TextLine id="tr_1_tl_68" custom="readingOrder {index:67;}">
                <Coords points="4959,2700 5113,2719 5235,2656 5294,2704 5470,2645 5698,2689 5915,2616 6081,2660 6221,2579 6390,2590 6397,2476 6081,2502 5941,2428 5437,2575 5334,2520 4970,2557"/>
                <Baseline points="4982,2661 5059,2655 5149,2649 5238,2643 5328,2631 5417,2625 5507,2619 5596,2613 5686,2607 5775,2589 5865,2589 5954,2583 6044,2577 6133,2571 6223,2565 6312,2559 6402,2559"/>
                <TextEquiv>
                    <Unicode>Uypaarman des Gehöres u/ hant.</Unicode>
                </TextEquiv>
            </TextLine>
            <TextLine id="tr_1_tl_69" custom="readingOrder {index:68;}">
                <Coords points="1843,2774 1975,2700 2365,2744 2524,2689 2638,2755 2877,2671 3098,2726 3204,2663 3270,2689 3274,2612 2958,2627 2895,2586 2800,2630 2616,2568 2318,2641 2181,2597 2049,2649 1847,2623"/>
                <Baseline points="1867,2696 1939,2690 2028,2696 2118,2696 2207,2690 2297,2696 2386,2690 2476,2685 2565,2679 2655,2673 2744,2667 2834,2667 2923,2661 3013,2661 3102,2661 3192,2661 3281,2661"/>
                <TextEquiv>
                    <Unicode>Zeit nach) der biß d'Athembeweg. —</Unicode>
                </TextEquiv>
            </TextLine>
            <TextLine id="tr_1_tl_70" custom="readingOrder {index:69;}">
                <Coords points="3451,2792 3565,2822 3668,2777 3752,2818 3881,2759 3966,2792 4039,2759 4094,2800 4253,2730 4683,2715 4698,2590 4492,2594 4345,2652 4220,2608 4128,2656 4014,2634 3844,2708 3462,2697"/>
                <Baseline points="3472,2780 3538,2780 3627,2780 3717,2774 3806,2762 3896,2756 3985,2744 4075,2738 4164,2726 4254,2714 4343,2702 4433,2690 4522,2679 4612,2667 4701,2667"/>
                <TextEquiv>
                    <Unicode>weg der reitre Hauslohn.</Unicode>
                </TextEquiv>
            </TextLine>
            <TextLine id="tr_1_tl_71" custom="readingOrder {index:70;}">
                <Coords points="375,2825 673,2866 857,2844 938,2777 1678,2733 1769,2715 1781,2560 1659,2527 1368,2685 1170,2641 614,2730 386,2711"/>
                <Baseline points="399,2804 435,2798 525,2798 614,2792 704,2786 793,2780 883,2768 972,2762 1062,2756 1151,2750 1241,2744 1330,2732 1420,2720 1509,2708 1599,2696 1688,2690 1778,2679"/>
                <TextEquiv>
                    <Unicode>Wech behinden dem Clop. atmosph. Luft.</Unicode>
                </TextEquiv>
            </TextLine>
            <TextLine id="tr_1_tl_72" custom="readingOrder {index:71;}">
                <Coords points="4933,2844 5334,2807 5397,2862 6055,2722 6379,2744 6394,2597 6221,2579 6088,2660 5923,2616 5456,2733 5235,2660 4944,2733"/>
                <Baseline points="4958,2810 5047,2804 5137,2804 5226,2798 5316,2792 5405,2780 5495,2768 5584,2762 5674,2756 5763,2750 5853,2738 5942,2732 6032,2720 6121,2714 6211,2702 6300,2696 6390,2690"/>
                <TextEquiv>
                    <Unicode>an den Organen des Unterleibs</Unicode>
                </TextEquiv>
            </TextLine>
            <TextLine id="tr_1_tl_73" custom="readingOrder {index:72;}">
                <Coords points="3491,2925 3649,2969 3944,2888 4098,2947 4613,2811 4852,2829 4871,2689 4731,2663 4094,2800 3881,2759 3749,2818 3690,2774 3506,2822"/>
                <Baseline points="3514,2923 3526,2917 3615,2917 3705,2911 3794,2899 3884,2893 3973,2881 4063,2875 4152,2864 4242,2846 4331,2834 4421,2822 4510,2810 4600,2798 4689,2786 4779,2780 4868,2774"/>
                <TextEquiv>
                    <Unicode>dreflüssige Beschliff fahr bei allen</Unicode>
                </TextEquiv>
            </TextLine>
            <TextLine id="tr_1_tl_74" custom="readingOrder {index:73;}">
                <Coords points="1975,2895 2296,2866 2505,2925 2682,2880 2814,2928 2972,2873 3230,2936 3278,2921 3289,2685 3208,2663 3086,2730 2873,2667 2634,2755 2472,2693 2325,2792 2104,2722 1983,2744"/>
                <Baseline points="1998,2852 2034,2846 2124,2846 2213,2840 2303,2834 2392,2822 2482,2816 2571,2810 2661,2810 2750,2810 2840,2810 2929,2810 3019,2804 3108,2798 3198,2798 3287,2816"/>
                <TextEquiv>
                    <Unicode>Leichenbefein bei Erschikl</Unicode>
                </TextEquiv>
            </TextLine>
            <TextLine id="tr_1_tl_75" custom="readingOrder {index:74;}">
                <Coords points="364,2936 1026,2895 1111,2965 1420,2866 1475,2910 1692,2866 1795,2906 1810,2722 938,2777 850,2847 533,2877 375,2825"/>
                <Baseline points="387,2923 471,2917 560,2911 650,2905 739,2905 829,2893 918,2893 1008,2893 1097,2887 1187,2869 1276,2864 1366,2858 1455,2846 1545,2840 1634,2828 1724,2822 1813,2822"/>
                <TextEquiv>
                    <Unicode>Feste Körper und Flüssigkeiten, die Respoffe¬</Unicode>
                </TextEquiv>
            </TextLine>
            <TextLine id="tr_1_tl_76" custom="readingOrder {index:75;}">
                <Coords points="4963,3013 5169,2950 5375,2998 6265,2947 6441,2917 6453,2763 6368,2719 6206,2777 5985,2733 5783,2836 5673,2766 5397,2858 5345,2811 4977,2825"/>
                <Baseline points="4988,2965 5023,2959 5113,2953 5202,2935 5292,2923 5381,2917 5471,2905 5560,2899 5650,2893 5739,2893 5829,2887 5918,2881 6008,2869 6097,2864 6187,2858 6276,2852 6366,2858 6455,2858"/>
                <TextEquiv>
                    <Unicode>3. Supplein, bezir subporie Entge¬</Unicode>
                </TextEquiv>
            </TextLine>
            <TextLine id="tr_1_tl_77" custom="readingOrder {index:76;}">
                <Coords points="368,3061 1151,3075 1310,2998 1600,3024 1781,2972 1788,2884 1475,2914 1420,2869 1104,2969 1023,2895 706,2921 611,2987 375,2936"/>
                <Baseline points="387,3043 447,3037 537,3031 626,3025 716,3019 805,3013 895,3013 984,3013 1074,3007 1163,3001 1253,2995 1342,2977 1432,2965 1521,2953 1611,2941 1700,2941 1790,2947"/>
                <TextEquiv>
                    <Unicode>es canal verschließen.  Strenzelahr</Unicode>
                </TextEquiv>
            </TextLine>
            <TextLine id="tr_1_tl_78" custom="readingOrder {index:77;}">
                <Coords points="1884,3017 2468,2987 2608,2954 2667,2976 2711,2965 2715,2891 2594,2895 2542,2932 2432,2891 2365,2914 2314,2869 1887,2903"/>
                <Baseline points="1903,2989 1915,2995 2004,2989 2094,2989 2183,2983 2273,2971 2362,2965 2452,2959 2541,2959 2631,2953 2720,2959"/>
                <TextEquiv>
                    <Unicode>Aufrere Befunde.</Unicode>
                </TextEquiv>
            </TextLine>
            <TextLine id="tr_1_tl_79" custom="readingOrder {index:78;}">
                <Coords points="3454,3090 3491,3116 3587,3075 3671,3112 3896,3042 3947,3072 4231,2980 4315,2995 4326,2917 4249,2921 4220,2884 4087,2947 4043,2906 3958,2899 3866,2947 3590,2947 3469,2983"/>
                <Baseline points="3478,3060 3526,3060 3615,3048 3705,3043 3794,3025 3884,3007 3973,2995 4063,2983 4152,2977 4242,2965 4331,2959"/>
                <TextEquiv>
                    <Unicode>glötzl Todesarte.</Unicode>
                </TextEquiv>
            </TextLine>
            <TextLine id="tr_1_tl_80" custom="readingOrder {index:79;}">
                <Coords points="3436,3189 3896,3186 4238,3079 4308,3138 4709,3024 4852,3079 4885,2818 4650,2899 4510,2880 3955,3079 3892,3042 3675,3112 3451,3086"/>
                <Baseline points="3460,3180 3532,3162 3621,3156 3711,3144 3800,3132 3890,3114 3979,3102 4069,3096 4158,3078 4248,3066 4337,3060 4427,3043 4516,3031 4606,3019 4695,3007 4785,2995 4874,2995"/>
                <TextEquiv>
                    <Unicode>(Lebens eigensch d. Gef. Zwannt.)</Unicode>
                </TextEquiv>
            </TextLine>
            <TextLine id="tr_1_tl_81" custom="readingOrder {index:80;}">
                <Coords points="4974,3094 5128,3112 5349,3064 5540,3109 5801,3039 5908,3072 5978,3061 5985,2958 5934,2980 5812,2943 5658,2980 5592,2950 5283,3002 4981,2980"/>
                <Baseline points="4994,3084 5006,3084 5095,3072 5185,3066 5274,3060 5364,3048 5453,3048 5543,3043 5632,3043 5722,3031 5811,3025 5901,3019 5990,3013"/>
                <TextEquiv>
                    <Unicode>Ruptoreyn Capillen</Unicode>
                </TextEquiv>
            </TextLine>
            <TextLine id="tr_1_tl_82" custom="readingOrder {index:81;}">
                <Coords points="379,3234 658,3171 868,3197 968,3145 1155,3201 1449,3145 1762,3193 1777,2998 1321,3009 1155,3072 394,3053"/>
                <Baseline points="405,3156 441,3150 531,3138 620,3132 710,3126 799,3132 889,3132 978,3132 1068,3126 1157,3120 1247,3108 1336,3096 1426,3084 1515,3078 1605,3060 1694,3054 1784,3048"/>
                <TextEquiv>
                    <Unicode>gedruckt, verschultet werden; traun</Unicode>
                </TextEquiv>
            </TextLine>
            <TextLine id="tr_1_tl_83" custom="readingOrder {index:82;}">
                <Coords points="1902,3127 2067,3160 2682,3075 3300,3086 3307,2932 3098,2969 2822,2917 2685,2980 1909,3009"/>
                <Baseline points="1927,3102 1969,3096 2058,3096 2148,3096 2237,3090 2327,3084 2416,3084 2506,3072 2595,3066 2685,3066 2774,3060 2864,3054 2953,3054 3043,3054 3132,3054 3222,3048 3311,3048"/>
                <TextEquiv>
                    <Unicode>Langsaniers Erkalten (prae upost</Unicode>
                </TextEquiv>
            </TextLine>
            <TextLine id="tr_1_tl_84" custom="readingOrder {index:83;}">
                <Coords points="4977,3201 5080,3252 5308,3245 6195,3094 6361,3160 6419,2961 6243,3020 6140,2965 5985,3064 4988,3101"/>
                <Baseline points="5000,3192 5071,3186 5161,3180 5250,3174 5340,3162 5429,3162 5519,3162 5608,3156 5698,3144 5787,3132 5877,3120 5966,3108 6056,3102 6145,3090 6235,3084 6324,3084 6414,3078"/>
                <TextEquiv>
                    <Unicode>keine Theilrath der venos Staun.</Unicode>
                </TextEquiv>
            </TextLine>
            <TextLine id="tr_1_tl_85" custom="readingOrder {index:84;}">
                <Coords points="3443,3333 3539,3381 3752,3285 4021,3300 4212,3204 4319,3230 4495,3160 4893,3189 4907,3068 4746,3086 4668,3028 4227,3167 3462,3201"/>
                <Baseline points="3466,3299 3478,3293 3568,3281 3657,3269 3747,3263 3836,3257 3926,3239 4015,3222 4105,3210 4194,3198 4284,3186 4373,3174 4463,3162 4552,3150 4642,3144 4731,3138 4821,3132 4910,3126"/>
                <TextEquiv>
                    <Unicode>(die Rollens, fällt einen der Führingenen</Unicode>
                </TextEquiv>
            </TextLine>
            <TextLine id="tr_1_tl_86" custom="readingOrder {index:85;}">
                <Coords points="1872,3226 2395,3292 2700,3267 2844,3186 3315,3182 3318,3079 3171,3057 3101,3116 2899,3072 2833,3127 2748,3068 2067,3160 1876,3112"/>
                <Baseline points="1891,3186 1980,3192 2070,3192 2159,3198 2249,3198 2338,3192 2428,3192 2517,3192 2607,3198 2696,3192 2786,3186 2875,3180 2965,3174 3054,3168 3144,3162 3233,3162 3323,3162"/>
                <TextEquiv>
                    <Unicode>Mortall Tempfteige).  Beschleim Boten</Unicode>
                </TextEquiv>
            </TextLine>
            <TextLine id="tr_1_tl_87" custom="readingOrder {index:86;}">
                <Coords points="4959,3344 5239,3292 5371,3326 5445,3274 5570,3348 5812,3252 6077,3245 6088,3127 5971,3164 5831,3127 5161,3259 4970,3230"/>
                <Baseline points="4982,3317 5017,3317 5107,3311 5196,3299 5286,3287 5375,3281 5465,3275 5554,3275 5644,3263 5733,3257 5823,3239 5912,3227 6002,3216 6091,3216"/>
                <TextEquiv>
                    <Unicode>kon. aspir zu, sondern</Unicode>
                </TextEquiv>
            </TextLine>
            <TextLine id="tr_1_tl_88" custom="readingOrder {index:87;}">
                <Coords points="327,3289 368,3304 397,3278 567,3322 662,3259 732,3289 887,3263 956,3307 1012,3304 1019,3178 912,3164 868,3197 846,3178 802,3197 658,3171 574,3219 478,3193 416,3234 335,3226"/>
                <Baseline points="352,3275 399,3269 489,3263 578,3257 668,3245 757,3239 847,3233 936,3233 1026,3233"/>
                <TextEquiv>
                    <Unicode>Preaswthorat</Unicode>
                </TextEquiv>
            </TextLine>
            <TextLine id="tr_1_tl_89" custom="readingOrder {index:88;}">
                <Coords points="346,3418 714,3362 982,3414 1082,3329 1299,3414 1453,3307 1736,3300 1906,3370 2163,3322 2167,3223 1251,3153 956,3304 795,3252 567,3322 353,3296"/>
                <Baseline points="369,3395 381,3395 471,3377 560,3371 650,3365 739,3353 829,3353 918,3347 1008,3335 1097,3329 1187,3317 1276,3311 1366,3305 1455,3299 1545,3287 1634,3281 1724,3281 1813,3293 1867,3311 1957,3305 2046,3305 2136,3305 2171,3311"/>
                <TextEquiv>
                    <Unicode>Herr Vorgänge, Stov des Innerwoben karen?</Unicode>
                </TextEquiv>
            </TextLine>
            <TextLine id="tr_1_tl_90" custom="readingOrder {index:89;}">
                <Coords points="4966,3454 5316,3451 5404,3403 5640,3440 5989,3359 6140,3451 6364,3436 6405,3256 6210,3278 6033,3219 5566,3348 5430,3281 5290,3377 4977,3337"/>
                <Baseline points="4988,3454 5065,3436 5155,3424 5244,3412 5334,3406 5423,3395 5513,3389 5602,3389 5692,3377 5781,3359 5871,3347 5960,3335 6050,3329 6139,3323 6229,3317 6318,3317 6408,3323"/>
                <TextEquiv>
                    <Unicode>varum Knoch &amp; bedt Stemüh</Unicode>
                </TextEquiv>
            </TextLine>
            <TextLine id="tr_1_tl_91" custom="readingOrder {index:90;}">
                <Coords points="1854,3451 2001,3491 2259,3407 2895,3425 3031,3370 3315,3429 3326,3212 3171,3175 2708,3348 2513,3351 2413,3285 1858,3348"/>
                <Baseline points="1879,3406 1897,3406 1986,3401 2076,3395 2165,3401 2255,3395 2344,3395 2434,3389 2523,3389 2613,3383 2702,3377 2792,3371 2881,3365 2971,3359 3060,3341 3150,3335 3239,3335 3329,3335"/>
                <TextEquiv>
                    <Unicode>Feyhzeit Auftreten u übers Ausbied</Unicode>
                </TextEquiv>
            </TextLine>
            <TextLine id="tr_1_tl_92" custom="readingOrder {index:91;}">
                <Coords points="3443,3550 3701,3601 3859,3498 4117,3546 4300,3454 4543,3491 4698,3414 4918,3418 4948,3193 4804,3167 4591,3248 4039,3281 3705,3447 3458,3440"/>
                <Baseline points="3466,3526 3502,3526 3591,3508 3681,3502 3770,3490 3860,3472 3949,3466 4039,3454 4128,3448 4218,3436 4307,3430 4397,3418 4486,3401 4576,3383 4665,3371 4755,3365 4844,3359 4934,3365"/>
                <TextEquiv>
                    <Unicode>der Grad in welchen das Lechenblick sey</Unicode>
                </TextEquiv>
            </TextLine>
            <TextLine id="tr_1_tl_93" custom="readingOrder {index:92;}">
                <Coords points="3429,3432 3447,3436 3469,3421 3476,3436 3510,3436 3557,3414 3601,3436 3631,3414 3653,3432 3675,3429 3682,3344 3664,3344 3653,3326 3624,3348 3601,3337 3539,3381 3517,3381 3498,3362 3476,3370 3440,3355"/>
                <Baseline points="3454,3418 3508,3412 3597,3401 3687,3395"/>
                <TextEquiv>
                    <Unicode>aus?</Unicode>
                </TextEquiv>
            </TextLine>
            <TextLine id="tr_1_tl_94" custom="readingOrder {index:93;}">
                <Coords points="375,3539 544,3587 695,3502 828,3568 931,3487 1115,3462 1126,3370 1071,3344 979,3410 916,3370 879,3403 758,3359 581,3462 493,3414 386,3421"/>
                <Baseline points="399,3508 411,3508 501,3502 590,3496 680,3484 769,3472 859,3472 948,3460 1038,3454 1127,3448"/>
                <TextEquiv>
                    <Unicode>Curare, Strychum,</Unicode>
                </TextEquiv>
            </TextLine>
            <TextLine id="tr_1_tl_95" custom="readingOrder {index:94;}">
                <Coords points="386,3697 1247,3642 1659,3506 3050,3543 3281,3399 1994,3491 1247,3388 824,3572 394,3557"/>
                <Baseline points="411,3645 459,3633 548,3633 638,3621 727,3609 817,3591 906,3580 996,3568 1085,3562 1175,3544 1264,3532 1354,3526 1443,3526 1533,3514 1622,3508 1712,3502 1801,3502 1837,3532 1855,3532 1945,3520 2034,3514 2124,3508 2213,3502 2303,3502 2392,3496 2482,3496 2571,3484 2661,3478 2750,3478 2840,3472 2929,3472 3019,3460 3108,3454 3198,3454 3287,3466"/>
                <TextEquiv>
                    <Unicode>Prozesse, die der Mertheilen Ärzteren sistiren. Den Erdtenflecke (er leibt die ganze</Unicode>
                </TextEquiv>
            </TextLine>
            <TextLine id="tr_1_tl_96" custom="readingOrder {index:95;}">
                <Coords points="4963,3576 5021,3605 5257,3521 5459,3561 5588,3491 5838,3524 5886,3510 5893,3410 5761,3392 5640,3440 5404,3403 5312,3451 5290,3425 5025,3480 4974,3462"/>
                <Baseline points="4988,3538 5000,3538 5089,3532 5179,3526 5268,3514 5358,3502 5447,3496 5537,3484 5626,3484 5716,3484 5805,3478 5895,3478"/>
                <TextEquiv>
                    <Unicode>de S. tendents.-</Unicode>
                </TextEquiv>
            </TextLine>
            <TextLine id="tr_1_tl_97" custom="readingOrder {index:96;}">
                <Coords points="3443,3712 3675,3649 3804,3690 4021,3605 4124,3664 4381,3572 4444,3624 4705,3517 4845,3587 4863,3410 4540,3491 4308,3451 4102,3550 4017,3491 3859,3498 3697,3601 3458,3576"/>
                <Baseline points="3472,3663 3520,3657 3609,3645 3699,3633 3788,3621 3878,3609 3967,3597 4057,3585 4146,3580 4236,3574 4325,3562 4415,3550 4504,3538 4594,3526 4683,3514 4773,3502 4862,3496"/>
                <TextEquiv>
                    <Unicode>gerenen Zindel, steht in geraden</Unicode>
                </TextEquiv>
            </TextLine>
            <TextLine id="tr_1_tl_98" custom="readingOrder {index:97;}">
                <Coords points="5010,3690 5143,3708 5628,3594 6044,3660 6239,3554 6419,3594 6438,3443 6055,3425 5827,3532 5595,3495 5283,3579 5025,3546"/>
                <Baseline points="5029,3663 5089,3651 5179,3645 5268,3633 5358,3627 5447,3615 5537,3609 5626,3597 5716,3591 5805,3591 5895,3580 5984,3568 6074,3538 6163,3532 6253,3526 6342,3520 6432,3532"/>
                <TextEquiv>
                    <Unicode>nicht nur bei mech Erstich</Unicode>
                </TextEquiv>
            </TextLine>
            <TextLine id="tr_1_tl_99" custom="readingOrder {index:98;}">
                <Coords points="1847,3642 2980,3638 3006,3498 2730,3524 2674,3484 2347,3576 2174,3532 2097,3579 2027,3539 1847,3565"/>
                <Baseline points="1867,3621 1933,3615 2022,3609 2112,3609 2201,3609 2291,3609 2380,3603 2470,3609 2559,3609 2649,3609 2738,3603 2828,3597 2917,3591 3007,3585"/>
                <TextEquiv>
                    <Unicode>blutmerze zurück, u flüssig.)</Unicode>
                </TextEquiv>
            </TextLine>
            <TextLine id="tr_1_tl_100" custom="readingOrder {index:99;}">
                <Coords points="3447,3808 3686,3833 3796,3785 3888,3830 4036,3741 4205,3785 4433,3712 4819,3738 4871,3730 4885,3598 4709,3554 4448,3624 4381,3572 4249,3642 3808,3690 3675,3653 3454,3712"/>
                <Baseline points="3472,3782 3550,3782 3639,3764 3729,3753 3818,3759 3908,3753 3997,3747 4087,3729 4176,3723 4266,3717 4355,3705 4445,3699 4534,3687 4624,3675 4713,3669 4803,3663 4892,3651"/>
                <TextEquiv>
                    <Unicode>Verhalts zum Lanzi der Todekapfes</Unicode>
                </TextEquiv>
            </TextLine>
            <TextLine id="tr_1_tl_101" custom="readingOrder {index:100;}">
                <Coords points="3432,3944 6044,3738 6379,3671 6386,3583 3443,3808"/>
                <Baseline points="3454,3920 3490,3920 3580,3914 3669,3908 3759,3896 3848,3890 3938,3884 4027,3866 4117,3854 4206,3854 4296,3848 4385,3842 4475,3830 4564,3824 4654,3818 4743,3812 4833,3812 4922,3812 4976,3800 5047,3782 5137,3770 5226,3759 5316,3747 5405,3741 5495,3729 5584,3723 5674,3711 5763,3711 5853,3705 5942,3705 6032,3699 6121,3663 6211,3657 6300,3651 6390,3657"/>
                <TextEquiv>
                    <Unicode>das Blut erleucht durch einen lang sind auch bei Eheslepe, jetzt es</Unicode>
                </TextEquiv>
            </TextLine>
            <TextLine id="tr_1_tl_102" custom="readingOrder {index:101;}">
                <Coords points="397,3763 456,3796 552,3752 607,3800 887,3708 1357,3719 1409,3675 1655,3749 1766,3723 1781,3546 1376,3583 1247,3646 1063,3609 673,3675 405,3657"/>
                <Baseline points="417,3741 441,3741 531,3735 620,3729 710,3723 799,3711 889,3705 978,3693 1068,3687 1157,3675 1247,3675 1336,3669 1426,3663 1515,3663 1605,3651 1694,3651 1784,3663"/>
                <TextEquiv>
                    <Unicode>dichtig der Blutureulation verlöhn¬</Unicode>
                </TextEquiv>
            </TextLine>
            <TextLine id="tr_1_tl_103" custom="readingOrder {index:102;}">
                <Coords points="1839,3771 2152,3785 2384,3723 2546,3811 2652,3752 3197,3708 3355,3774 3399,3763 3399,3613 3171,3579 2914,3664 2601,3624 2513,3682 2443,3635 1839,3642"/>
                <Baseline points="1861,3729 1951,3723 2040,3717 2130,3723 2219,3723 2309,3717 2398,3723 2488,3723 2577,3729 2667,3723 2756,3723 2846,3723 2935,3717 3025,3711 3114,3705 3204,3711 3293,3723 3383,3741 3406,3741"/>
                <TextEquiv>
                    <Unicode>Truheil Erntritt, rasche Verlauß Taulens</Unicode>
                </TextEquiv>
            </TextLine>
            <TextLine id="tr_1_tl_104" custom="readingOrder {index:103;}">
                <Coords points="478,3877 695,3852 809,3907 1037,3855 1192,3907 1324,3855 1530,3899 1681,3826 1755,3855 1762,3727 1648,3749 1427,3675 1159,3734 883,3708 603,3804 486,3745"/>
                <Baseline points="501,3854 519,3854 608,3848 698,3842 787,3836 877,3830 966,3824 1056,3818 1145,3818 1235,3812 1324,3806 1414,3806 1503,3794 1593,3788 1682,3782 1772,3770"/>
                <TextEquiv>
                    <Unicode>Schok, Geftwitz, felti degenen</Unicode>
                </TextEquiv>
            </TextLine>
            <TextLine id="tr_1_tl_105" custom="readingOrder {index:104;}">
                <Coords points="4970,3980 5456,3859 5599,3922 5912,3859 6004,3918 6140,3903 6438,3826 6449,3693 6228,3660 6055,3730 5400,3738 5334,3793 5136,3767 4985,3819"/>
                <Baseline points="4994,3926 5017,3914 5107,3896 5196,3884 5286,3872 5375,3860 5465,3860 5554,3854 5644,3854 5733,3842 5823,3836 5912,3824 6002,3812 6091,3806 6181,3794 6270,3788 6360,3800 6449,3806"/>
                <TextEquiv>
                    <Unicode>Hedivis Leid. Zartheit Gefäster</Unicode>
                </TextEquiv>
            </TextLine>
            <TextLine id="tr_1_tl_106" custom="readingOrder {index:105;}">
                <Coords points="1872,3944 2285,3870 2424,3944 2568,3885 3156,3914 3307,3855 3307,3734 3160,3705 2936,3767 2656,3752 2546,3811 2384,3723 2181,3804 2112,3760 1876,3785"/>
                <Baseline points="1891,3884 1969,3878 2058,3872 2148,3872 2237,3866 2327,3872 2416,3872 2506,3872 2595,3872 2685,3872 2774,3860 2864,3860 2953,3854 3043,3854 3132,3848 3222,3848 3311,3848"/>
                <TextEquiv>
                    <Unicode>byaure de Gesichts, trop thalmus (im</Unicode>
                </TextEquiv>
            </TextLine>
            <TextLine id="tr_1_tl_107" custom="readingOrder {index:106;}">
                <Coords points="567,4043 677,3999 736,4036 879,4006 1052,4058 1317,3962 1391,3995 1438,3969 1442,3866 1361,3885 1310,3855 1210,3896 1181,3866 1082,3899 1034,3859 931,3852 806,3907 684,3848 633,3881 574,3866"/>
                <Baseline points="590,3961 644,3961 733,3955 823,3955 912,3949 1002,3943 1091,3938 1181,3938 1270,3932 1360,3932 1449,3943"/>
                <TextEquiv>
                    <Unicode>Kromtke des Inlinart,</Unicode>
                </TextEquiv>
            </TextLine>
            <TextLine id="tr_1_tl_108" custom="readingOrder {index:107;}">
                <Coords points="3429,4043 3778,4028 3855,4080 4142,4010 4323,4069 4668,3969 4874,4039 4911,3874 4598,3826 4271,3936 4164,3866 3631,3969 3432,3947"/>
                <Baseline points="3448,4033 3484,4027 3574,4027 3663,4021 3753,4021 3842,4021 3932,4015 4021,4003 4111,3991 4200,3985 4290,3979 4379,3973 4469,3973 4558,3967 4648,3961 4737,3961 4827,3961 4916,3961"/>
                <TextEquiv>
                    <Unicode>dauern Erstücksgeaget (soo übrst</Unicode>
                </TextEquiv>
            </TextLine>
            <TextLine id="tr_1_tl_109" custom="readingOrder {index:108;}">
                <Coords points="1836,4061 2376,4025 2612,4113 3086,3980 3315,4036 3318,3907 2954,3870 2781,3929 2520,3892 2424,3944 2288,3866 1839,3962"/>
                <Baseline points="1855,4033 1897,4033 1986,4027 2076,4015 2165,4009 2255,4003 2344,4003 2434,4009 2523,4009 2613,4003 2702,3997 2792,3991 2881,3991 2971,3985 3060,3979 3150,3979 3239,3985 3329,3991"/>
                <TextEquiv>
                    <Unicode>Conveils Stad der Erstichung; exp Kranzt</Unicode>
                </TextEquiv>
            </TextLine>
            <TextLine id="tr_1_tl_110" custom="readingOrder {index:109;}">
                <Coords points="327,4002 357,4002 375,4021 412,4036 423,4025 475,4050 508,4043 486,3899 464,3907 452,3899 445,3911 434,3903 416,3922 405,3914 397,3929 372,3918 357,3940 316,3947"/>
                <Baseline points="346,4003 435,4015 513,4027"/>
                <TextEquiv>
                    <Unicode>-</Unicode>
                </TextEquiv>
            </TextLine>
        </TextRegion>
    </Page>
</PcGts>
