7016 4472
4780 66 5338 329 a à ces ces
3641 279 5102 542 Der geringste Gnad ist Eversion
2007 279 3521 573 dadurch des Druck herabgesetzt be¬
1929 488 2545 740 Gloucour.
3641 434 5129 709 des Thünepunktes. Der Thümer
1972 519 3548 825 Atropia erweiß seine Nachlichten
3587 662 5121 910 punkt schaut nicht mehr in den
1948 740 3099 968 in mancheilei Weise.
3541 841 5106 1077 Thranauhen, er ist nach auswärts
1979 895 3173 1112 1. und die Pupille weit
3591 999 5090 1294 gekehrt. Die Thümerleiß ist
1929 999 3467 1228 2. es wirkt antiphlopstiock
5264 1011 6132 1251 Nicht ein Wortwehr garanhöre:
5977 1112 6202 1267 ( Majex).
3556 1120 5140 1433 unterbrochen, das Auge scheint
1960 1127 3479 1437 3. das Zustandekommen hartres
3568 1325 5109 1596 in Thänen. Durch fortdauernde
1945 1305 3533 1608 Hyrnchien und verhütet, vorhandl¬
1960 1464 3223 1716 ne eventuell gesprengt.
3579 1457 5082 1743 Contraction des Liebs, wieder
1948 1635 3494 1883 Es ist aber amt schidlich, insofern
3587 1615 5179 1902 beim Lidschlag der Fall ist, und
1952 1759 3502 2072 das ganze Blick in die Clonodica,
3622 1759 5148 2127 durch Zug des M. sublant. der Eid
1921 1925 3459 2251 gewesen wird, darauf steigt
3575 1941 5137 2243 immer mehr u mehr nachmöchteits
1852 2111 3281 2367 istr intravend druck.
3572 2115 5137 2506 gevollt, so daß in höheren Gnade,
1921 2196 3506 2526 durch Etsen wird der Bulber
3575 2332 5148 2626 die Conj. ganz frei zu tage liegt.
1945 2367 3498 2669 vom intrave druck entlastet.
3606 2502 5140 2816 Leute Prozesse sind wahre Eitrop.
2115 2568 3459 2766 Getropium luxin. u. sarcom.
3548 2723 5160 2956 die Auswirtsvollg kommt durch
1976 2777 3386 3033 ist eine Auswärtsdechung
3618 2839 5140 3149 Muckelaction zu Stande; sind
1945 2948 3533 3192 des Lides, bedingt durchlang¬
1979 3060 5094 3339 an dauernden einhändl hyper nicht doch Nader u Löchnung
3599 3207 5129 3502 entstande (Falsches Estrosium)
1960 3262 3506 3544 troptienden Projets der Conj.
3614 3405 5102 3703 Therapie. Grundleiben heilen
1941 3440 3517 3715 des Jaesus, die ganze Häus er¬
3618 3548 5075 3827 sorichiren mit 2% Arz eitric.
1918 3614 3525 3843 weicht, der Lidern daß verlanget
3634 3676 5082 3990 und Capl auch, an das Gereb
1964 3785 3552 4002 Das Lid schließt nicht vollkommen
