6536 4136
1820 151 3285 376 Ausdach aber nicht geschehe, wenn ich
3382 162 4844 425 Miethorte, zu lesung auf den Rosf
1769 272 3303 522 Striß in der B. könne getreten seyen.
3322 360 4893 650 1)cte einfachste durch Seitenlager der Frau
1785 460 3247 675 ist - selbstwegen Fuhrneb¬
3345 508 4872 789 Bei Schaglage dorthin wo A. Kysabq
1718 559 3250 817 dem Streißberg. dann Geschluß
3370 687 4844 966 weisen; bei Ausdage sein Leitendge,
1725 706 3097 977 der Extracten. Urtheil
3389 840 4865 1072 wo der Intreffd Soel Abtheil auf den
1743 857 3113 1142 1.) Kaszage an die Fröck
3433 1021 3798 1226 P.S.
3354 1021 4937 1370 2) Cathra denhause Knehr Witzler.
1729 1019 3234 1260 2.) Steißgänze, 2 Haken an der Hüfte
1760 1198 3292 1423 3.) Schleibe zwische den Schenkeln dies
3343 1263 4858 1530 die Beute Hand auf je einen groß
1720 1356 2314 1537 der Zuftben.
3394 1356 4884 1701 Toetaltheil, druckt in der Gesorgung
1729 1400 3268 1655 4.) Public'sche Fakon in der sich praes hufte,
3363 1527 4879 1887 den Kost gegen den B. E. in Reise
1725 1574 3254 1869 An der Gerichts Schul, geblieht als
3361 1692 4858 2059 langsen in der hohe (Gelustleicht
1762 1725 3217 1973 das nicht, sondern nur überübt sie die
1760 1864 3215 2115 gewöhnliche Mathek mit den
3357 1894 4290 2175 bei bewegl. Frucht.
3387 1922 4921 2296 3. Urtheil noch Büsch oder Dentspraat
1750 2026 2718 2289 Siegern. (Lukant.)
1750 2082 3271 2384 Espiess. wethode, Beschleunig der
3405 2143 4851 2514 4. Comt. Händzaff, Wiene-Miethe.
1727 2201 3305 2597 Getrückbaktes Alteris von äuße aufasser
3347 2298 4891 2665 Ene Haar Cervix, däumen vorlige Faller,
1713 2386 3296 2751 während eine Utera contrainte druck.
3336 2430 4851 2795 Dasie, E Finge Kysfassen; ande
1704 2591 2772 2848 nach abwärts ausüben.
3380 2607 4789 2948 gend am Aldrann aufm Reichs
1769 2669 3229 2985 (Werbei mäßig verensten B. der
3315 2823 4308 3069 in die Höhe schreiben.
1342 2809 3227 3252 (nachfolge) Kopf im B. A. steht, kann in Gehülfe
3319 2874 4833 3215 Und die untern Extr. nach neuen gekret,
1692 2999 3245 3312 den Utors umfassez, einen gleichen
3303 3015 4840 3389 so weacht man in das Naturlage, weil
1650 3192 3271 3493 Das R noch unhe ausüber u. so nichtes
3322 3217 4803 3505 man leichte zu den Extr kommt.
3329 3340 4759 3744 Ist das Ob. vid stricherirt (Cavische
1650 3445 2163 3637 werden.
3354 3538 4849 3842 delatirt war u sich mälig zusammengezogen,
3366 3751 4849 3965 hat, weis kein Soetaltheil entrat) so wir
