<?xml version="1.0" encoding="UTF-8" standalone="yes"?>
<PcGts xmlns="http://schema.primaresearch.org/PAGE/gts/pagecontent/2013-07-15" xmlns:xsi="http://www.w3.org/2001/XMLSchema-instance" xsi:schemaLocation="http://schema.primaresearch.org/PAGE/gts/pagecontent/2013-07-15 http://schema.primaresearch.org/PAGE/gts/pagecontent/2013-07-15/pagecontent.xsd">
    <Metadata>
        <Creator>prov=READ-COOP:name=TrHtr:version=2.1.0:model_id=51170:date=01_08_2023_03:39</Creator>
        <Created>2023-05-10T11:24:08.870+02:00</Created>
        <LastChange>2023-08-01T03:39:50.644+02:00</LastChange>
        <TranskribusMetadata docId="1428151" pageId="55388190" pageNr="355" tsid="131649589" status="IN_PROGRESS" userId="64420" imgUrl="https://files.transkribus.eu/Get?id=GQKYUQRNMXBTCFWQUBTHZXRD&amp;fileType=view" xmlUrl="https://files.transkribus.eu/Get?id=HJAVWBUIGDJJUQFLBALNKLOA" imageId="44663083"/>
    </Metadata>
    <Page imageFilename="1428151_0355.jpg" imageWidth="6616" imageHeight="4296">
        <ReadingOrder>
            <OrderedGroup id="ro_1711821853730" caption="Regions reading order">
                <RegionRefIndexed index="0" regionRef="tr_1"/>
            </OrderedGroup>
        </ReadingOrder>
        <TextRegion id="tr_1" custom="readingOrder {index:0;}">
            <Coords points="3293,248 4910,248 4910,2050 3293,2050"/>
            <TextLine id="tr_1_tl_1" custom="readingOrder {index:0;}">
                <Coords points="3951,329 4053,337 4099,365 4137,345 4186,365 4278,331 4332,339 4332,197 4226,185 4188,195 4139,177 4079,203 3951,199"/>
                <Baseline points="3961,304 3979,304 4069,298 4158,298 4248,304 4337,298"/>
                <TextEquiv>
                    <Unicode>Inselt.</Unicode>
                </TextEquiv>
            </TextLine>
            <TextLine id="tr_1_tl_2" custom="readingOrder {index:1;}">
                <Coords points="3417,391 3457,383 3517,410 3599,381 3642,399 3758,363 3818,367 3820,275 3740,251 3686,283 3638,291 3620,281 3559,301 3495,255 3421,287"/>
                <Baseline points="3430,340 3466,340 3556,334 3645,328 3735,328 3824,334"/>
                <TextEquiv>
                    <Unicode>Receple.</Unicode>
                </TextEquiv>
            </TextLine>
            <TextLine id="tr_1_tl_3" custom="readingOrder {index:2;}">
                <Coords points="3347,502 3423,520 3457,502 3479,522 3529,488 3628,496 3686,462 3806,482 3951,450 4033,462 4039,383 3977,401 3870,371 3802,408 3660,434 3585,391 3355,401"/>
                <Baseline points="3359,495 3412,489 3502,477 3591,465 3681,459 3770,453 3860,447 3949,441 4039,441"/>
                <TextEquiv>
                    <Unicode>1. Toutainemehaus</Unicode>
                </TextEquiv>
            </TextLine>
            <TextLine id="tr_1_tl_4" custom="readingOrder {index:3;}">
                <Coords points="3330,608 3678,580 3746,546 3911,578 4049,538 4133,596 4298,538 4368,568 4423,548 4427,454 3953,450 3626,536 3455,504 3334,522"/>
                <Baseline points="3341,584 3353,584 3442,578 3532,566 3621,560 3711,548 3800,542 3890,542 3979,537 4069,537 4158,537 4248,531 4337,531 4427,537"/>
                <TextEquiv>
                    <Unicode>2. Chancomilla (at trachmittel)</Unicode>
                </TextEquiv>
            </TextLine>
            <TextLine id="tr_1_tl_5" custom="readingOrder {index:4;}">
                <Coords points="3340,701 3834,666 3945,721 4129,658 4196,725 4344,638 4700,642 4706,526 4563,584 4300,536 4125,596 4041,538 3965,586 3609,568 3344,614"/>
                <Baseline points="3353,668 3365,668 3454,674 3544,668 3633,668 3723,656 3812,644 3902,644 3991,644 4081,638 4170,638 4260,632 4349,626 4439,620 4528,614 4618,620 4707,614"/>
                <TextEquiv>
                    <Unicode>v. Carbolfaunz außen Gedrämt.</Unicode>
                </TextEquiv>
            </TextLine>
            <TextLine id="tr_1_tl_6" custom="readingOrder {index:5;}">
                <Coords points="3349,807 3581,779 3698,827 3830,763 4322,803 4449,747 4808,831 4812,644 4639,644 4503,715 4330,660 4196,725 4129,660 3947,721 3351,701"/>
                <Baseline points="3359,763 3383,763 3472,769 3562,769 3651,769 3741,763 3830,757 3920,757 4009,751 4099,751 4188,751 4278,745 4367,745 4457,745 4546,739 4636,739 4725,739 4815,745"/>
                <TextEquiv>
                    <Unicode>4. Carboljäure mit Auslau zur Inhal.</Unicode>
                </TextEquiv>
            </TextLine>
            <TextLine id="tr_1_tl_7" custom="readingOrder {index:6;}">
                <Coords points="3355,881 3628,913 3973,857 4607,867 4710,853 4712,801 4611,809 4449,745 4270,819 4031,783 3887,835 3792,795 3648,837 3539,801 3357,821"/>
                <Baseline points="3365,877 3371,877 3460,877 3550,877 3639,877 3729,871 3818,865 3908,865 3997,853 4087,853 4176,847 4266,847 4355,847 4445,841 4534,835 4624,835 4713,841"/>
                <TextEquiv>
                    <Unicode>5. Carbolhör mit Chemin in Pillen.</Unicode>
                </TextEquiv>
            </TextLine>
            <TextLine id="tr_1_tl_8" custom="readingOrder {index:7;}">
                <Coords points="3353,1010 3513,1032 3694,986 3794,1040 3883,988 4003,1044 4091,1000 4141,1044 4388,970 4848,1032 4852,901 4645,849 4170,938 4053,873 3941,923 3874,881 3632,938 3357,905"/>
                <Baseline points="3365,990 3424,996 3514,990 3603,984 3693,984 3782,978 3872,978 3961,972 4051,972 4140,966 4230,966 4319,966 4409,966 4498,954 4588,954 4677,948 4767,960 4856,960"/>
                <TextEquiv>
                    <Unicode>6. Zinc. culfoe. für großer Mundflachen.</Unicode>
                </TextEquiv>
            </TextLine>
            <TextLine id="tr_1_tl_9" custom="readingOrder {index:8;}">
                <Coords points="3342,1122 3533,1108 3601,1138 3913,1092 4322,1152 4394,1102 4565,1098 4567,1000 4416,976 4162,1054 4089,998 4023,1050 3907,1000 3790,1040 3688,992 3342,1038"/>
                <Baseline points="3353,1109 3406,1103 3496,1097 3585,1097 3675,1091 3764,1091 3854,1091 3943,1091 4033,1091 4122,1097 4212,1091 4301,1091 4391,1085 4480,1085 4570,1079"/>
                <TextEquiv>
                    <Unicode>7. Agna Goullardi, z. à. Gebr.</Unicode>
                </TextEquiv>
            </TextLine>
            <TextLine id="tr_1_tl_10" custom="readingOrder {index:9;}">
                <Coords points="3361,1215 3999,1200 4246,1269 4338,1202 4535,1259 4681,1217 4868,1251 4842,1094 4734,1130 4467,1102 4302,1168 4073,1108 3993,1146 3909,1094 3361,1134"/>
                <Baseline points="3371,1205 3442,1199 3532,1187 3621,1187 3711,1187 3800,1187 3890,1193 3979,1199 4069,1199 4158,1205 4248,1205 4337,1199 4427,1199 4516,1193 4606,1193 4695,1193 4785,1193 4874,1199"/>
                <TextEquiv>
                    <Unicode>8. Flumbrunn bas. zur Injekt. (bei Gounorh.)</Unicode>
                </TextEquiv>
            </TextLine>
            <TextLine id="tr_1_tl_11" custom="readingOrder {index:10;}">
                <Coords points="3485,1295 3628,1337 3712,1285 3782,1307 3814,1285 3897,1301 3917,1289 3973,1323 4045,1323 4045,1223 3999,1198 3899,1249 3846,1217 3768,1207 3684,1249 3640,1251 3553,1215 3485,1225"/>
                <Baseline points="3496,1276 3585,1282 3675,1282 3764,1282 3854,1282 3943,1276 4033,1282 4051,1282"/>
                <TextEquiv>
                    <Unicode>Ung u. Olumbi¬</Unicode>
                </TextEquiv>
            </TextLine>
            <TextLine id="tr_1_tl_12" custom="readingOrder {index:11;}">
                <Coords points="3340,1431 3501,1417 3539,1383 3636,1435 3832,1367 3983,1391 4035,1363 4121,1387 4125,1319 4035,1305 3921,1339 3872,1295 3812,1285 3632,1337 3539,1311 3344,1349"/>
                <Baseline points="3353,1402 3412,1390 3502,1384 3591,1378 3681,1372 3770,1372 3860,1360 3949,1354 4039,1354 4128,1354"/>
                <TextEquiv>
                    <Unicode>10. Ungn. Corussal</Unicode>
                </TextEquiv>
            </TextLine>
            <TextLine id="tr_1_tl_13" custom="readingOrder {index:12;}">
                <Coords points="3351,1534 3501,1516 3539,1486 3650,1516 3864,1459 3941,1478 4013,1455 4150,1486 4158,1387 4099,1395 4037,1365 3901,1405 3844,1371 3770,1421 3738,1409 3640,1445 3537,1385 3499,1417 3359,1443"/>
                <Baseline points="3365,1503 3442,1497 3532,1479 3621,1479 3711,1473 3800,1461 3890,1455 3979,1449 4069,1449 4158,1443"/>
                <TextEquiv>
                    <Unicode>11. Empl. Cerusae</Unicode>
                </TextEquiv>
            </TextLine>
            <TextLine id="tr_1_tl_14" custom="readingOrder {index:13;}">
                <Coords points="3349,1580 3493,1618 3565,1582 3622,1612 3730,1580 4035,1590 4089,1562 4186,1596 4266,1558 4342,1586 4358,1500 4224,1514 4180,1480 4055,1474 3969,1504 3714,1492 3620,1534 3543,1498 3351,1534"/>
                <Baseline points="3359,1575 3377,1569 3466,1575 3556,1575 3645,1575 3735,1569 3824,1569 3914,1563 4003,1557 4093,1551 4182,1551 4272,1551 4361,1551"/>
                <TextEquiv>
                    <Unicode>12. Urgu ad dem bitum</Unicode>
                </TextEquiv>
            </TextLine>
            <TextLine id="tr_1_tl_15" custom="readingOrder {index:14;}">
                <Coords points="3503,1690 3674,1674 3766,1738 3870,1690 3927,1712 4089,1676 4170,1704 4228,1668 4284,1670 4286,1578 4186,1598 4143,1574 4007,1610 3975,1594 3927,1634 3720,1592 3628,1612 3557,1584 3529,1608 3505,1596"/>
                <Baseline points="3514,1664 3574,1664 3663,1664 3753,1670 3842,1670 3932,1670 4021,1664 4111,1664 4200,1658 4290,1658"/>
                <TextEquiv>
                    <Unicode>Collod flycerina tuer</Unicode>
                </TextEquiv>
            </TextLine>
            <TextLine id="tr_1_tl_16" custom="readingOrder {index:15;}">
                <Coords points="3361,1797 3541,1767 3666,1823 3762,1771 4087,1793 4143,1753 4256,1751 4487,1805 4515,1682 4304,1664 4063,1732 3860,1696 3774,1741 3642,1728 3565,1678 3361,1724"/>
                <Baseline points="3371,1772 3442,1766 3532,1760 3621,1760 3711,1766 3800,1760 3890,1766 3979,1760 4069,1754 4158,1754 4248,1748 4337,1748 4427,1748 4516,1754"/>
                <TextEquiv>
                    <Unicode>14. Ungn Hymnis (Trag)</Unicode>
                </TextEquiv>
            </TextLine>
            <TextLine id="tr_1_tl_17" custom="readingOrder {index:16;}">
                <Coords points="3349,1879 3515,1891 3581,1863 3680,1897 3762,1867 3824,1917 3945,1871 4089,1905 4196,1869 4198,1791 4051,1823 3975,1789 3925,1813 3846,1765 3742,1833 3557,1771 3349,1809"/>
                <Baseline points="3359,1861 3395,1861 3484,1849 3574,1855 3663,1855 3753,1855 3842,1849 3932,1843 4021,1843 4111,1849 4200,1843"/>
                <TextEquiv>
                    <Unicode>15. Ungue Gl. amyl</Unicode>
                </TextEquiv>
            </TextLine>
            <TextLine id="tr_1_tl_18" custom="readingOrder {index:17;}">
                <Coords points="3349,1979 4772,1943 4884,1989 4904,1861 4507,1859 4410,1909 3927,1873 3824,1917 3712,1867 3349,1879"/>
                <Baseline points="3359,1951 3448,1945 3538,1945 3627,1951 3717,1945 3806,1945 3896,1945 3985,1939 4075,1939 4164,1945 4254,1945 4343,1939 4433,1933 4522,1933 4612,1933 4701,1933 4791,1933 4880,1945 4910,1951"/>
                <TextEquiv>
                    <Unicode>16. Inf. sec. corn. (bei magels Wesen, Coll)</Unicode>
                </TextEquiv>
            </TextLine>
            <TextLine id="tr_1_tl_19" custom="readingOrder {index:18;}">
                <Coords points="3282,2048 4892,2040 4892,1989 4772,1943 4653,2005 4523,1959 3814,1995 3581,1959 3282,2016"/>
                <Baseline points="3293,2034 3383,2040 3472,2040 3562,2040 3651,2040 3741,2040 3830,2040 3920,2034 4009,2034 4099,2034 4188,2034 4278,2034 4367,2040 4457,2040 4546,2034 4636,2034 4725,2028 4815,2028 4898,2040"/>
                <TextEquiv>
                    <Unicode>17. Erärting mit Jair u. Elea an die am Kreuz¬</Unicode>
                </TextEquiv>
            </TextLine>
        </TextRegion>
    </Page>
</PcGts>
