6792 4248
3507 195 5011 481 den eine mysthenkaltform.
1897 224 3410 477 5. Ruatocmus Entweit angeboren
3509 304 4974 610 stritter aus des höchsten Stelle
1912 356 3420 668 als Hein od aobus od Gernsant
3513 460 4978 752 des Keratokorus; dann sonstfältig
1883 541 3393 888 paplylom  (Rhach. comeae)
1875 719 3447 1061 od. bleibt zurück, wie die Coma
3562 732 4022 958 Verband.
3546 767 4988 1141 May ancien. Man treponirt
1926 896 3443 1252 durch Knatilissciperf od in terst.
3556 968 4968 1340 aus der Spitze der Keratokonis¬
1938 1083 3422 1414 erreicht unktatisch worden ist.
3554 1202 4974 1437 ein kleine Scheib aus st ganzen.
1934 1283 3439 1583 in die Trührschaft od vollkommen.
3552 1309 5034 1644 Dicke den Herrnhaut, so daß Kerato¬
1977 1406 3478 1817 geschwunden ist. Er beeinträchtigt
3583 1513 4997 1831 kele entsteht; drie punctirt:
1924 1599 3400 1934 das Sehen nach Verlange der
3564 1677 5065 1983 man wiederholt dieselbe, es nicht
1936 1718 3488 2111 Bulbusaxa (Myojain) u Ästyma-
3576 1868 5017 2201 während diese Zeit die Hochmit¬
3595 2025 5042 2370 durch festen Verband abzusamten.
1912 2080 2430 2269 tismus.
2062 2074 3455 2419 Behandlg. Solange die Hausent¬
3580 2226 5048 2619 hat mir das erreicht, so bringt.
1955 2261 3502 2586 wesent ist, kann doch einen Genau
3580 2380 5093 2717 man de Rnætokéle zur Komarbe¬
1996 2368 3490 2752 anliegt Horband am Abfluch
3599 2615 5064 2871 saetowirt die Mark u macht nach
2023 2553 3478 2913 derselben erreicht werden. Ist
3597 2795 5030 3073 oben, unten eine frid een kluses
1957 2773 3437 3157 che Hochzeit bereits fest, so kann
1990 2910 3517 3282 man durch Morband Eseren eintre¬
3611 3028 4471 3272 od Tredekloune
1957 3089 3468 3459 fala od. Iridektoune wohl am
3716 3223 5171 3533 Descesser Acten.
1981 3258 3506 3650 weitere Zunahme hintanhalten,
3613 3391 5087 3763 ist ihr Zereiß aber untern Kirchen.
2000 3472 3472 3798 Aber de Ektain nicht abflachen.
3605 3554 5163 3911 kopfel, um die Liefahren mit dem
2033 3640 3509 3981 Verfahren nach Stellung. Aus sehnen
3611 3776 5062 4012 Kann erachten in Bericht zu bringen.
