6879 4440
2911 205 3087 311 le
3716 163 5160 370 auch Stropin einmal täglich, so
1910 282 3482 545 spätesters 5 Uhr. - Wie sich einige
3703 307 5127 535 sehr heftigen mehrmal. Auch
3706 466 5169 704 kalte u savene Amschläge können
1921 483 3446 721 Wocher kein Leffelff auftritt, Lige
3726 610 5177 874 gegeben werden; wenn, wante besser,
1917 604 3501 882 sulf. Pannusamhert Nr. Befand
3697 782 5202 1014 vertragen; bei stecken Luftschen Kälte!
1904 767 3434 1076 nicht; er schwunkt mit Heilung des
3699 934 5158 1150 lren alle Mittel nicht nahen, gbt
1812 974 2464 1152 Prachourb.
1848 966 3457 1300 Ist der Profess auf die Conz. allein
3699 1091 5162 1308 man Jodof. subhltissam zule.
1772 1204 3457 1476 beschränkt, so gelast gewöhnliche die
3716 1229 5208 1484 zu m Einsauben (Auch bei Lichtscheu¬
3689 1346 5196 1712 Auch als halb sodas 10 Vase 1000
1799 1342 3455 1578 Therapic wan Lapio nicht vertra¬
1837 1503 3478 1810 Gegründ, mit Cipas aals. besser ist
3680 1492 5181 1789 eine erbsangroße Masse in den Conz.
1825 1636 3455 1889 aber die Cornea stark ergriffen,
3697 1664 5200 1992 gebracht vorrieben, s. Augenhalb
1841 1793 3024 2071 so ist das beste Lapis.
3687 1814 5181 2165 Orangeas für den Gerich ist Faha¬
1877 1860 3455 2174 Lapis wird ausGeseht be¬ Appron
3674 1973 5204 2278 Tonka u dessen Extract Licuarin
1866 2048 3478 2339 u lonn ein packrer Raizgefhund
3676 2165 4964 2454 Jodrf 50, Cunai O’05.
1873 2211 3459 2506 vorhanden ist; auch wenn sich der Reue
3689 2328 4613 2562 Gelöst am besten.
1856 2408 3455 2667 ke daran gewohnt hat, u einleihen
3685 2422 5152 2725 Jodof 10, And olem. 20.0 Oul
1818 2596 3097 2803 keine Beklären, eintritt
3672 2564 5166 2876 Gis. u. f. wyn. woll. - Dr aber
1879 2690 3390 3003 Cuprum darf im Anfang u bei
3697 2757 5179 3001 alle beide stieben, nicht man
3662 2911 5041 3125 50 Bals Percio hinzusehen.
1852 2874 3400 3235 Ulcara nicht gegeben werden.
3647 3035 5171 3329 bei Ir. eccatric. qu'il nouvoudbar.
1839 3074 3311 3359 Ld benam Sracbom sint
1797 3267 3423 3572 stake Neigung u reichliche Ver¬
3973 3210 5127 3561 In frühem Zeiten
1812 3415 3411 3729 Chier gebt man Umschlag von
3664 3451 4989 3716 hat zwar Tübungen der
1845 3528 3463 3881 Phirab Acct. bas. sal in Atropus.
3674 3553 5158 3883 Comea nach in kaswen Tache¬
1831 3770 3421 4086 Bei heftiges Luftschen gibt man
