<?xml version="1.0" encoding="UTF-8" standalone="yes"?>
<PcGts xmlns="http://schema.primaresearch.org/PAGE/gts/pagecontent/2013-07-15" xmlns:xsi="http://www.w3.org/2001/XMLSchema-instance" xsi:schemaLocation="http://schema.primaresearch.org/PAGE/gts/pagecontent/2013-07-15 http://schema.primaresearch.org/PAGE/gts/pagecontent/2013-07-15/pagecontent.xsd">
    <Metadata>
        <Creator>prov=READ-COOP:name=TrHtr:version=2.1.0:model_id=51170:date=01_08_2023_03:38</Creator>
        <Created>2023-05-10T11:23:25.222+02:00</Created>
        <LastChange>2023-08-01T03:38:33.607+02:00</LastChange>
        <TranskribusMetadata docId="1428151" pageId="55387098" pageNr="122" tsid="131649318" status="IN_PROGRESS" userId="64420" imgUrl="https://files.transkribus.eu/Get?id=TFFGQHEPLLJJJNIKOTPCZKJI&amp;fileType=view" xmlUrl="https://files.transkribus.eu/Get?id=SWBPAQKKUNLGCWRQGMVVHWBZ" imageId="44661995"/>
    </Metadata>
    <Page imageFilename="1428151_0122.jpg" imageWidth="6376" imageHeight="4696">
        <ReadingOrder>
            <OrderedGroup id="ro_1711821457232" caption="Regions reading order">
                <RegionRefIndexed index="0" regionRef="tr_1"/>
                <RegionRefIndexed index="1" regionRef="tr_2"/>
            </OrderedGroup>
        </ReadingOrder>
        <TextRegion id="tr_1" custom="readingOrder {index:0;}">
            <Coords points="95,732 2831,732 2831,4293 95,4293"/>
            <TextLine id="tr_1_tl_1" custom="readingOrder {index:0;}">
                <Coords points="111,911 382,964 804,846 989,950 1264,814 2607,836 2675,732 2246,661 2103,746 1928,671 114,782"/>
                <Baseline points="131,866 173,860 262,854 352,854 442,848 531,848 621,842 710,842 800,842 890,842 979,836 1069,836 1159,830 1248,830 1338,824 1427,818 1517,818 1607,812 1696,812 1786,806 1876,806 1965,806 2055,800 2144,800 2234,794 2324,794 2413,788 2503,782 2592,782 2682,782"/>
                <TextEquiv>
                    <Unicode>eben wurden und durch ernannte jahrelange</Unicode>
                </TextEquiv>
            </TextLine>
            <TextLine id="tr_1_tl_2" custom="readingOrder {index:1;}">
                <Coords points="111,1036 1111,1032 1511,1168 1864,1007 2114,986 2236,1104 2400,1018 2821,1046 2828,879 2521,768 2078,954 1304,814 986,954 804,846 379,964 114,907"/>
                <Baseline points="131,1027 143,1033 233,1033 322,1027 412,1021 501,1021 591,1015 681,1021 770,1015 860,1015 949,1015 1039,1015 1129,1015 1218,1009 1308,1003 1398,1003 1487,1003 1577,1003 1666,997 1756,991 1846,991 1935,991 2025,985 2114,979 2204,979 2294,973 2383,973 2473,967 2563,961 2652,961 2742,967 2831,967"/>
                <TextEquiv>
                    <Unicode>gund den Grund zum Spitzenkatarr legten, weshalb</Unicode>
                </TextEquiv>
            </TextLine>
            <TextLine id="tr_1_tl_3" custom="readingOrder {index:2;}">
                <Coords points="104,1282 582,1218 1150,1325 1318,1250 1714,1293 2028,1171 2686,1154 2689,1054 2236,1100 2078,1004 1500,1168 1164,1136 1039,1018 882,1104 707,1032 107,1175"/>
                <Baseline points="125,1212 185,1212 274,1212 364,1206 454,1206 543,1200 633,1206 722,1206 812,1206 902,1206 991,1206 1081,1206 1171,1206 1260,1206 1350,1200 1439,1200 1529,1194 1619,1188 1708,1182 1798,1176 1887,1171 1977,1165 2067,1165 2156,1159 2246,1159 2336,1159 2425,1159 2515,1153 2604,1147 2694,1147"/>
                <TextEquiv>
                    <Unicode>hin die Gegensteinde nur mit der Ziehklinge</Unicode>
                </TextEquiv>
            </TextLine>
            <TextLine id="tr_1_tl_4" custom="readingOrder {index:3;}">
                <Coords points="93,1436 954,1400 1175,1493 1532,1393 1907,1471 2057,1350 2771,1346 2778,1179 2071,1161 1168,1329 575,1214 96,1282"/>
                <Baseline points="113,1404 185,1398 274,1398 364,1398 454,1392 543,1386 633,1386 722,1380 812,1380 902,1380 991,1380 1081,1374 1171,1374 1260,1374 1350,1368 1439,1368 1529,1362 1619,1350 1708,1344 1798,1338 1887,1332 1977,1326 2067,1320 2156,1320 2246,1320 2336,1320 2425,1320 2515,1320 2604,1314 2694,1314 2784,1308"/>
                <TextEquiv>
                    <Unicode>ile zu bevorbeiten wären. Anfangs November</Unicode>
                </TextEquiv>
            </TextLine>
            <TextLine id="tr_1_tl_5" custom="readingOrder {index:4;}">
                <Coords points="111,1618 1254,1636 1871,1528 2078,1682 2364,1511 2571,1582 2578,1414 1868,1471 1525,1393 1143,1514 921,1414 329,1414 114,1489"/>
                <Baseline points="131,1583 161,1583 250,1577 340,1583 430,1583 519,1577 609,1577 699,1571 788,1571 878,1571 967,1565 1057,1571 1147,1571 1236,1565 1326,1559 1415,1559 1505,1547 1595,1547 1684,1541 1774,1529 1864,1523 1953,1523 2043,1517 2132,1517 2222,1511 2312,1511 2401,1505 2491,1499 2581,1487"/>
                <TextEquiv>
                    <Unicode>ich mich nach Süden, wo ich in Görz ungefähr</Unicode>
                </TextEquiv>
            </TextLine>
            <TextLine id="tr_1_tl_6" custom="readingOrder {index:5;}">
                <Coords points="104,1861 682,1789 1614,1903 2061,1739 2686,1896 2786,1864 2796,1618 2368,1507 2075,1682 1818,1686 1686,1561 1264,1682 746,1571 111,1618"/>
                <Baseline points="125,1786 203,1780 292,1786 382,1786 471,1786 561,1780 651,1774 740,1768 830,1768 920,1762 1009,1756 1099,1750 1188,1750 1278,1744 1368,1744 1457,1738 1547,1738 1637,1738 1726,1732 1816,1726 1905,1720 1995,1720 2085,1714 2174,1714 2264,1708 2353,1708 2443,1702 2533,1696 2622,1690 2712,1696 2802,1690"/>
                <TextEquiv>
                    <Unicode>nützenden Kraft heilverfahren durch die Zeitung</Unicode>
                </TextEquiv>
            </TextLine>
            <TextLine id="tr_1_tl_7" custom="readingOrder {index:6;}">
                <Coords points="82,1996 521,1982 789,2096 1021,1971 1446,2046 1753,1953 2200,2000 2486,1939 2493,1807 2168,1828 2061,1739 1825,1889 646,1871 396,1957 89,1853"/>
                <Baseline points="101,1995 167,2001 256,1989 346,1989 436,1983 525,1977 615,1977 704,1977 794,1971 884,1977 973,1971 1063,1971 1153,1971 1242,1965 1332,1959 1421,1953 1511,1953 1601,1953 1690,1953 1780,1947 1870,1941 1959,1935 2049,1929 2138,1929 2228,1917 2318,1911 2407,1899 2497,1899"/>
                <TextEquiv>
                    <Unicode>nen lernte, welches mich so animierte, daß ich</Unicode>
                </TextEquiv>
            </TextLine>
            <TextLine id="tr_1_tl_8" custom="readingOrder {index:7;}">
                <Coords points="100,2268 257,2171 371,2250 636,2178 761,2275 1296,2132 2439,2121 2646,2078 2650,1928 111,2082"/>
                <Baseline points="125,2180 143,2180 233,2168 322,2162 412,2156 501,2156 591,2162 681,2162 770,2162 860,2162 949,2162 1039,2156 1129,2150 1218,2138 1308,2132 1398,2126 1487,2120 1577,2120 1666,2114 1756,2109 1846,2103 1935,2103 2025,2097 2114,2091 2204,2085 2294,2079 2383,2073 2473,2073 2563,2073 2652,2079"/>
                <TextEquiv>
                    <Unicode>nach Wien fuhr. durch den Herrn Assitenten</Unicode>
                </TextEquiv>
            </TextLine>
            <TextLine id="tr_1_tl_9" custom="readingOrder {index:8;}">
                <Coords points="75,2414 457,2518 1475,2321 2450,2478 2789,2332 2793,2239 2118,2239 1757,2107 1550,2293 79,2264"/>
                <Baseline points="95,2383 107,2383 197,2383 286,2365 376,2359 466,2359 555,2359 645,2359 734,2359 824,2359 914,2348 1003,2348 1093,2342 1182,2336 1272,2330 1362,2324 1451,2324 1541,2318 1631,2324 1720,2324 1810,2324 1899,2318 1989,2312 2079,2312 2168,2312 2258,2312 2348,2306 2437,2306 2527,2306 2616,2306 2706,2312 2796,2312"/>
                <TextEquiv>
                    <Unicode>Inffinger wurde mein Sputum vorigen</Unicode>
                </TextEquiv>
            </TextLine>
            <TextLine id="tr_1_tl_10" custom="readingOrder {index:9;}">
                <Coords points="75,2611 239,2686 468,2578 800,2686 939,2589 1139,2671 1789,2546 2096,2696 2703,2468 1853,2453 1593,2343 404,2525 82,2421"/>
                <Baseline points="95,2610 107,2616 197,2604 286,2598 376,2592 466,2581 555,2581 645,2581 734,2575 824,2569 914,2563 1003,2557 1093,2551 1182,2545 1272,2539 1362,2539 1451,2539 1541,2533 1631,2539 1720,2539 1810,2539 1899,2533 1989,2527 2079,2521 2168,2521 2258,2521 2348,2515 2437,2521 2527,2515 2616,2515 2706,2515"/>
                <TextEquiv>
                    <Unicode>erstag untersucht u. Baczillen in geringer</Unicode>
                </TextEquiv>
            </TextLine>
            <TextLine id="tr_1_tl_11" custom="readingOrder {index:10;}">
                <Coords points="79,2893 343,2825 496,2939 657,2811 1489,2736 1807,2882 1939,2761 2696,2764 2700,2632 2103,2703 1839,2561 1371,2675 925,2593 779,2711 464,2578 86,2711"/>
                <Baseline points="101,2819 107,2819 197,2814 286,2802 376,2802 466,2796 555,2796 645,2790 734,2784 824,2778 914,2772 1003,2766 1093,2754 1182,2748 1272,2742 1362,2730 1451,2730 1541,2736 1631,2736 1720,2736 1810,2736 1899,2742 1989,2736 2079,2736 2168,2736 2258,2736 2348,2736 2437,2736 2527,2736 2616,2730 2706,2736"/>
                <TextEquiv>
                    <Unicode>nye vorgefunden. Der Husten plagte</Unicode>
                </TextEquiv>
            </TextLine>
            <TextLine id="tr_1_tl_12" custom="readingOrder {index:11;}">
                <Coords points="79,3089 1011,2989 1603,3111 1736,3028 1971,3132 2253,3007 2386,3068 2643,2936 2646,2843 2550,2886 2371,2775 2096,2925 1989,2818 1621,2918 1368,2782 1079,2886 707,2800 396,2964 214,2818 86,2843"/>
                <Baseline points="101,3023 143,3029 233,3029 322,3023 412,3017 501,3017 591,3011 681,3011 770,3005 860,2993 949,2981 1039,2975 1129,2969 1218,2963 1308,2963 1398,2957 1487,2957 1577,2957 1666,2957 1756,2957 1846,2957 1935,2957 2025,2963 2114,2963 2204,2957 2294,2957 2383,2951 2473,2951 2563,2939 2652,2933"/>
                <TextEquiv>
                    <Unicode>Ein den letzten 14 Tagen sehr u. war</Unicode>
                </TextEquiv>
            </TextLine>
            <TextLine id="tr_1_tl_13" custom="readingOrder {index:12;}">
                <Coords points="96,3328 600,3321 914,3182 1082,3275 1282,3182 1614,3339 1853,3193 2211,3286 2582,3218 2582,3039 2343,3078 2257,3003 2086,3143 1107,2993 614,3121 100,3075"/>
                <Baseline points="119,3220 173,3220 262,3220 352,3214 442,3214 531,3208 621,3196 710,3190 800,3190 890,3178 979,3172 1069,3166 1159,3160 1248,3154 1338,3160 1427,3160 1517,3166 1607,3166 1696,3172 1786,3172 1876,3184 1965,3184 2055,3184 2144,3184 2234,3184 2324,3184 2413,3184 2503,3184 2592,3178"/>
                <TextEquiv>
                    <Unicode>der Auswurfs ein starker. Geringe Fieber¬</Unicode>
                </TextEquiv>
            </TextLine>
            <TextLine id="tr_1_tl_14" custom="readingOrder {index:13;}">
                <Coords points="100,3446 950,3478 1032,3557 1229,3468 1611,3550 2421,3500 2614,3478 2625,3189 2218,3293 1964,3196 1614,3339 1368,3214 964,3307 771,3189 611,3336 104,3336"/>
                <Baseline points="119,3435 209,3435 298,3435 388,3429 477,3423 567,3417 657,3411 746,3399 836,3387 926,3387 1015,3375 1105,3375 1194,3369 1284,3363 1374,3357 1463,3357 1553,3357 1643,3369 1732,3363 1822,3363 1911,3363 2001,3369 2091,3369 2180,3363 2270,3351 2359,3345 2449,3333 2539,3333 2628,3327"/>
                <TextEquiv>
                    <Unicode>zeungen traten zu Tage. Appetik war</Unicode>
                </TextEquiv>
            </TextLine>
            <TextLine id="tr_1_tl_15" custom="readingOrder {index:14;}">
                <Coords points="82,3646 139,3686 175,3657 300,3653 346,3675 429,3639 493,3653 575,3621 643,3643 650,3528 596,3536 386,3428 271,3511 89,3557"/>
                <Baseline points="101,3644 113,3650 203,3650 292,3644 382,3638 471,3626 561,3620 651,3614"/>
                <TextEquiv>
                    <Unicode>handen.</Unicode>
                </TextEquiv>
            </TextLine>
            <TextLine id="tr_1_tl_16" custom="readingOrder {index:15;}">
                <Coords points="75,3864 407,3839 761,3971 1071,3807 2407,3818 2411,3689 2071,3596 1661,3686 771,3614 271,3746 82,3661"/>
                <Baseline points="95,3829 179,3823 268,3823 358,3823 448,3817 537,3817 627,3811 716,3805 806,3811 896,3817 985,3817 1075,3805 1165,3805 1254,3805 1344,3799 1433,3793 1523,3781 1613,3775 1702,3769 1792,3769 1881,3763 1971,3757 2061,3757 2150,3757 2240,3752 2330,3752 2419,3757"/>
                <TextEquiv>
                    <Unicode>kann leben, gesund.  21 Gebereißen leben</Unicode>
                </TextEquiv>
            </TextLine>
            <TextLine id="tr_1_tl_17" custom="readingOrder {index:16;}">
                <Coords points="100,4078 1536,3993 1989,4003 2118,4111 2650,4039 2653,3853 2271,3918 1811,3825 1500,3950 946,3871 754,3971 429,3871 279,3950 104,3839"/>
                <Baseline points="119,4002 209,4014 298,4014 388,4014 477,4008 567,4014 657,4014 746,4014 836,4002 926,3996 1015,3996 1105,3996 1194,3991 1284,3991 1374,3991 1463,3991 1553,3985 1643,3979 1732,3973 1822,3979 1911,3973 2001,3973 2091,3973 2180,3979 2270,3996 2359,4002 2449,4008 2539,4014 2628,4020 2658,4020"/>
                <TextEquiv>
                    <Unicode>punste la Suerper  - a/m Kr? gestorben</Unicode>
                </TextEquiv>
            </TextLine>
            <TextLine id="tr_1_tl_18" custom="readingOrder {index:17;}">
                <Coords points="75,4239 400,4303 1018,4178 1650,4307 1875,4189 2214,4207 2568,4418 2775,4364 2707,3950 2607,4050 1932,4139 1389,4011 71,4103"/>
                <Baseline points="95,4182 185,4188 274,4188 364,4188 454,4188 543,4188 633,4188 722,4182 812,4182 902,4182 991,4176 1081,4170 1171,4170 1260,4164 1350,4164 1439,4164 1529,4158 1619,4164 1708,4170 1798,4170 1887,4170 1977,4182 2067,4188 2156,4200 2246,4206 2336,4224 2425,4247 2515,4259 2604,4271 2694,4277 2778,4283"/>
                <TextEquiv>
                    <Unicode>re frs Mutter og Nc gefur, er leb auch G</Unicode>
                </TextEquiv>
            </TextLine>
        </TextRegion>
        <TextRegion id="tr_2" custom="readingOrder {index:1;}">
            <Coords points="2903,487 5843,487 5843,1748 2903,1748"/>
            <TextLine id="tr_2_tl_1" custom="readingOrder {index:0;}">
                <Coords points="4635,646 4803,661 4950,579 5010,600 5043,568 5146,607 5232,586 5350,607 5350,400 5118,443 4975,436 4850,375 4639,411"/>
                <Baseline points="4660,543 4731,543 4821,543 4911,549 5000,549 5090,549 5179,543 5269,537 5359,537"/>
                <TextEquiv>
                    <Unicode>26.8.1890.</Unicode>
                </TextEquiv>
            </TextLine>
            <TextLine id="tr_2_tl_2" custom="readingOrder {index:1;}">
                <Coords points="2875,1050 3636,993 3811,875 4050,879 4310,1007 4535,904 4814,950 4857,775 4518,671 4096,793 3793,696 3243,764 2889,707"/>
                <Baseline points="2903,914 2981,908 3070,902 3160,896 3250,890 3339,884 3429,884 3519,878 3608,872 3698,866 3787,860 3877,854 3967,848 4056,842 4146,842 4235,836 4325,836 4415,842 4504,842 4594,842 4684,842 4773,848 4863,842"/>
                <TextEquiv>
                    <Unicode>25/X1. I. Jycktion im 3/6 s. Nm. -</Unicode>
                </TextEquiv>
            </TextLine>
            <TextLine id="tr_2_tl_3" custom="readingOrder {index:2;}">
                <Coords points="2968,1179 3446,1250 4750,1057 5082,1211 5468,1043 5832,1071 5839,946 4928,839 4560,1014 3693,946 2975,1043"/>
                <Baseline points="2987,1176 3064,1165 3154,1159 3244,1159 3333,1147 3423,1141 3513,1135 3602,1123 3692,1123 3781,1111 3871,1105 3961,1099 4050,1093 4140,1087 4229,1081 4319,1081 4409,1069 4498,1069 4588,1069 4678,1063 4767,1057 4857,1051 4946,1045 5036,1039 5126,1033 5215,1027 5305,1027 5395,1033 5484,1033 5574,1033 5663,1033 5753,1033 5843,1021"/>
                <TextEquiv>
                    <Unicode>10 Uhr Pat führt etwas mehr, den Kopf abgea¬</Unicode>
                </TextEquiv>
            </TextLine>
            <TextLine id="tr_2_tl_4" custom="readingOrder {index:3;}">
                <Coords points="3050,1361 4464,1329 4693,1250 4985,1304 5000,1107 4739,1057 4514,1150 3839,1139 3493,1243 3057,1250"/>
                <Baseline points="3070,1320 3118,1320 3208,1320 3297,1314 3387,1308 3477,1314 3566,1314 3656,1308 3746,1296 3835,1296 3925,1296 4014,1284 4104,1278 4194,1272 4283,1266 4373,1260 4462,1248 4552,1242 4642,1236 4731,1224 4821,1212 4911,1200 5000,1194"/>
                <TextEquiv>
                    <Unicode>mann 39. - Nur 96. -</Unicode>
                </TextEquiv>
            </TextLine>
            <TextLine id="tr_2_tl_5" custom="readingOrder {index:4;}">
                <Coords points="3118,1564 3425,1536 3686,1611 4310,1521 4432,1575 4707,1496 4810,1536 4964,1478 4971,1300 4693,1250 3961,1371 3128,1350"/>
                <Baseline points="3142,1475 3184,1487 3274,1487 3363,1487 3453,1487 3542,1487 3632,1481 3722,1481 3811,1481 3901,1481 3991,1481 4080,1475 4170,1475 4259,1463 4349,1457 4439,1445 4528,1433 4618,1433 4707,1427 4797,1421 4887,1415 4976,1415"/>
                <TextEquiv>
                    <Unicode>Hinrich Schüttelfrost, Fiebe</Unicode>
                </TextEquiv>
            </TextLine>
            <TextLine id="tr_2_tl_6" custom="readingOrder {index:5;}">
                <Coords points="2975,1818 3278,1743 3500,1818 3764,1768 4121,1857 4343,1803 4596,1882 4607,1532 4082,1553 3875,1632 3471,1575 2978,1625"/>
                <Baseline points="2993,1726 2999,1726 3088,1732 3178,1732 3268,1732 3357,1738 3447,1732 3536,1732 3626,1732 3716,1732 3805,1732 3895,1732 3985,1726 4074,1726 4164,1720 4253,1714 4343,1708 4433,1702 4522,1696 4612,1690"/>
                <TextEquiv>
                    <Unicode>26/11 - Malt, Koffent</Unicode>
                </TextEquiv>
            </TextLine>
        </TextRegion>
    </Page>
</PcGts>
