7541 6216
1664 194 2955 310 Missbrauche ihrer Lehren geführt hat; abgesehen davon
1664 262 2958 359 dass das Ansehen des ärztlichen Standes wiederhol
1859 325 2966 404 die trügerischen Hoffnungen, welche auf solche
1664 352 1870 419 durch d
1949 370 2981 494 gt wurden, auf das Tiefste erschüttert
1668 404 1874 468 Art ang
1788 378 1982 535 en ist.
1788 441 2973 565 Vollständig verwerflich aber ist das leider sehr
1649 527 2962 610 übliche Verfahren, Dingen von blos specialistischer
1646 580 2962 677 Bedeutung ein allgemeines Interesse zu vindiciren
1657 632 2977 722 um sie unter diesem Vorwand zu Reclamezwecken vor
1649 684 2970 770 die Oeffentlichkeit zu bringen, oder auch nur zu dulden,
1664 737 2981 827 dass solches geschehe. So erscheinen häufig in den
1642 785 2962 886 Tagesjournalen Berichte über medicinische Vorträge,
1661 845 2973 939 abgegebene Gutachten, Erfindungen, Operationen, De¬
1649 890 2977 999 monstrationen und ähnliche, zwischen deren Zeilen
1646 942 2981 1058 man deutlich die Absicht lesen kann, die Person des
1676 995 2985 1092 angeblichen Forschers oder Heilkünstlers mit dem
1672 1040 2981 1163 Nimbus der Wissensehaftlichkeit oder besonderer prak
1653 1129 2472 1230 tischer Tüchtigkeit zu umgeben.
1769 1141 2988 1242 c) Daran schliesst sich jene eigenthümliche Art
1657 1204 2977 1309 medicinischer Reclame-literatur, welche in der popu¬
1657 1260 2977 1369 lären Behandlung eines Capitels der Therapie oder i
1672 1316 2985 1414 der Anpreisung einer meist von dem Verfasser selbst
1664 1369 2985 1474 herrührenden oder ausgeübten Heilmethode besteht
1833 1425 2992 1530 Genau dasselbe gilt von den Heilmitteln, auf
1668 1470 3007 1619 denen der Name eines ärztlichen Erfinders angemerkt
1668 1575 1829 1664 wird:
1784 1567 2992 1683 «) Ein sehr beliebtes hiehergehörendes Reclame
1664 1638 3014 1735 mittel ist auch der öffentliche Dank, oder die rüh¬
1668 1687 3014 1788 mende Anerkennung von Seiten behandelter patienten
1694 1754 3003 1848 oder ihrer Angehörigen. Es ist nicht nur verwerflich,
1676 1806 2992 1919 bei einem Laien Dankschreiben zu bestellen, sowie von
1683 1855 2999 1971 diesem spontan verfasste selbst zu veröffentlichen
1687 1911 3003 2035 sondern es ist Pflicht, den Kranken von einer derartigen
1679 1993 2278 2094 Publication abzuhalten.
1851 2091 2835 2251 ad Oas Feilbieten ärztlicher Hilfe.
1788 2203 3022 2338 «) Das Inseriren in Tagesblättern ist
1694 2281 3022 2379 ein des ärztlichen Standes unwürdiges
1717 2352 3026 2450 Verhalten. Dieser Satz beansprucht die allge¬
1717 2397 3026 2506 meinste Geltung. Ein Inserat ist nicht erst dann un¬
1705 2457 3022 2562 statthaft, wenn es durch seinen Inhalt öffentliches
1720 2517 3033 2614 Aergernis erregt oder durch Aufzählung schönV klin-
1724 2554 3037 2659 gender, meist aber nichtssagender Titel oder durch
1717 2614 3037 2697 Versprechungen, welche zu halten unmöglich ist, die
1720 2667 3033 2768 Moral und das Ansehen des Standes schädigt, sondern
2064 2723 3029 2809 berhaupt die Namen von Aerz-
1717 2749 2079 2831 es haben ii
2076 2771 3041 2854 Im Inseratentheile der Tages-
1728 2812 1937 2865 tenau
1728 2820 3041 2917 journale zu verschwinden, sie mögen darin
1941 2876 3037 2958 welchem Vorwande immer figuriren
1851 2925 3052 3014 b) Von diesem Standpunkte aus ist auch das
1724 2985 3041 3074 marktschreierische Annonciren von Heilanstalten in
1735 3033 3052 3138 nicht medicinischen Journalen mit Angabe ihres ärzt-
1754 3097 3048 3183 lichen Inhabers oder Leiters zu verbieten, denn es
1739 3149 3052 3235 darf durch derartige Ankündigungen nicht dem kranken
1739 3198 3041 3299 Laien die Wahl einer Anstalt nahegelegt werden
1728 3250 3048 3344 sondern es muss die Sache eines primär consultirter
1739 3306 3059 3407 praktischen Arztes sein, zu entscheiden, ob eine An¬
1758 3355 3067 3448 staltsbehandlung überhaupt nöthig sei und ist erst
1754 3411 3052 3512 im Bejahungsfalle das geeignete Institut ausfindig
1739 3478 3067 3568 zu machen. Es ist aber nichts dagegen einzuwenden,
1758 3527 3048 3609 wenn sich Privat-Heilinstitute, sei es durch Annon
1758 3583 3052 3665 cirung in den Fachzeitungen oder durch Versendung
1758 3639 3059 3729 von Prospecten u. s. w. an das ärztliche Publicum
1754 3691 3071 3800 wenden und zu ihrer Empfehlung respective Benützung
1754 3774 2057 3852 auffordern.
1836 3781 3074 3875 c) Die an das Publicum gerichteten Aufforderungen
1739 3848 3059 3949 auf dem Wege von in Hôtels und an anderen öffent
1754 3908 3063 3994 lichen Orten angebrachten Blocks, von Placatirungen
1765 3953 3074 4047 ebenso wie von in die Häuser gesandten Briefen und
1754 4017 3082 4092 Karten sind natürlich als womöglich noch unwürdigere
1762 4062 3071 4185 Hilfsmittel zur Erlangung einer ärztlichen Praxis an¬
1765 4151 2008 4241 zusehen.
1848 4121 3082 4256 d) Mündlich kann die ärztliche Hilfe entweder
1776 4219 3078 4316 von dem Arzte selbst, z. B. auf Bahnhöfen oder mit
1750 4282 3074 4383 Zuhilfenahme dritter Personen, als da sind : Hôtelbe
1769 4342 3078 4424 dienstete, Krankenhausportiere, Commissionäre und
1765 4387 3078 4488 andere in öffentlichen Diensten stehende Personen
1784 4451 3100 4548 feilgeboten werden. Alle diese Verfahren sind standes-
1769 4529 1971 4615 widrig.
1866 4510 3100 4641 Im höchsten Grade unwürdig und
1769 4608 3089 4697 standeswidrig sind alle die genannten
1784 4656 3100 4765 Formen der Reclame, wenn es sich hiebei um die
1784 4712 3112 4832 an sogenannten „geheimen“ Krankheiten Leidenden
1773 4798 1986 4892 handelt.
4638 97 6029 266 Wiener Aerztekammer.
3901 314 4537 453 G.-Z. si6 ex 1895.
4529 561 6145 886 Kundmachung.
4110 905 6848 1073 Die Wiener Aerztekammer hat zur Hintanhaltung der das Ansehen und die Würde des
3852 999 6855 1178 ärztlichen Standes schädigenden Reclame in der Kammerversammlung vom 18. April 1895 auf
3867 1129 5928 1264 Grund des beiliegenden Comitéberichtes folgende Beschlüsse gefasst
4200 1230 6844 1395 Eines des ärztlichen Standes unwürdigen Verhaltens im Sinne des § 12 K.-G., al. 5*9,
3949 1350 4851 1492 macht sich ein Arzt schuldig,
4208 1388 6848 1556 1. welcher sich in Zeitungen (mit Ausnahme der ärztlichen), Placaten, Reisehandbüchern,
3961 1485 6855 1638 Fremdenführern, Wegweisern, Kalendern (mit Ausnahme der ärztlichen), Flugblättern, Circulären,
3968 1567 6852 1709 Hôtelblocks und ähnlichen Druckwerken ankündigt, oder die Ankündigung gestattet, ober
3961 1672 6309 1814 dieselbe nicht verhindert, wenn für ihn die Möglichkeit hiezu vorhanden war.
4219 1717 6859 1874 Ausgenommen sind ein- bis höchstens dreimalige Anzeigen in Tagesblättern und die
3972 1795 6855 1945 einmalige Versendung von Circulären über erfolgte Niederlassung, bei Rückkehr nach längerer
3976 1900 6844 2042 Abwesenheit und bei Wohnungswechsel, woferne diesen Anzeigen nicht mehr als Name, aka-
3972 1975 6844 2139 demischer Grad, legale ärztliche Titel, Bezeichnung des wissenschaftlich abgegrenzten Special-
3957 2091 5591 2222 faches, Adresse und Ordinationszeit hinzugefügt wird
4208 2102 6848 2285 2. welcher die Veröffentlichung von Dank- oder Anerkennungsschreiben, seitens einer
3972 2214 6859 2345 von ihm behandelten Person oder deren Vertreter bestellt oder veranlasst, oder es unterlässt,
3979 2311 6844 2450 die Veröffentlichung solcher Erklärungen zu verhindern, wenn für ihn die Möglichkeit hiezu vor-
3968 2435 4380 2551 handen war;
4211 2442 6852 2581 3. welcher in populären Abhandlungen oder Vorträgen seine persönliche ärztliche Hilf-
3972 2558 6863 2693 leistung oder ein seinen Namen tragendes Medicament oder Heilverfahren im augenscheinlichen
3987 2625 6867 2783 Gegensätze zu anderen Aerzten oder anderen Medicamenten oder Heil methoden direct oder
3987 2741 4978 2842 indirect empfiehlt oder anbietet;
4181 2749 6893 2913 4. welcher Hebammen, ferner Agenten, Hôtelbedienstete, Commissionäre, Hausbesorger
3979 2895 5977 2999 oder andere Personen für die Zuweisung von Patenten entlohnt;
4230 2936 6867 3063 5. welcher durch Anbringung von marktschreierischen Firmatafeln oder vermöge des
3979 3018 6545 3127 Ortes, wo sie angebracht werden, die Aufmerksamkeit des Publicums auf sich lenkt;
4226 3074 6874 3216 6. welcher eine von ihm geleitete oder ilm gehörige ärztliche Anstalt oder ein solches
3998 3179 5438 3306 Institut in marktschreierischer Weise ankündigt.
4140 3306 6313 3441 Diese Bestimmungen treten mit dem Tage ihrer Verlautbarung in Kraft.
4133 3373 6863 3534 Die Ausserachtlassung derselben wird nach § 12, al. 5, des Kammergesetzes vom 22. De¬
3890 3493 5030 3646 cember 1891 ehrenräthlich behandelt.
4148 3609 4817 3777 Wien, 1. Juni 1895.
5292 3688 6773 3815 Das Präsidium der Wiener Aerztekammer
5632 3807 6422 3964 Dr. Josef Heim
5890 3934 6178 4028 Präsident.
4151 4107 6863 4271 *) § 12 K.-G. lautet? Der Kammervorstand fungirt zugleich als Ehrenrath in Fällen von persönlichen Streitig¬
3908 4230 6863 4372 keiten, Beschwerden und Anklagen der in der Kammer vertretenen Aerzte unter oder gegen einander in allen, der
3901 4308 5790 4402 Competenz der zuständigen Behörden nicht unterliegenden Angelegenheiten.
4140 4368 6874 4462 Demselben obliegt als solchem auch das vermittelnde Einschreiten bei Irrungen und Streitigkeiten zwischen
3908 4451 5632 4548 Aerzten des Sprengels in Beziehung auf die Ausübung ihres Berufes.
4151 4469 6758 4608 Die Aerzte sind verbunden, vor Betretung des Beschwerdeweges die Vermittlung der Kammer anzurufen.
4159 4544 6874 4690 Zur Beschlussfassung als Ehrenrath ist die Anwesenheit von mindestens drei Vierteln der Mitgliedern des
3901 4653 6066 4761 Kammervorstandes und eine Majorität von zwei Dritteln der Anwesenden erforderlich.
4140 4660 6874 4783 Dieser Ehrenrath ist befugt, gegen in der Kammer vertretene Aerzte, welche sich eines des ärztlichen Standes
3916 4795 6874 4877 unwürdigen Verhaltens schuldig gemacht, oder ihre Pflichten als Angehörige der Aerztekammer verletzt haben, nach
3916 4832 6882 4952 Sicherstellung des Thatbestandes durch ordnungsmäßige Erhebung mit Erinnerungen, Verwarnungen im Wiederholungs¬
3920 4911 6874 5008 falle mit Rügen, und bei erheblichen Unzukömmlichkeiten nach Maßgabe der Geschäftsordnung mit Ordnungsstrafen
3916 4970 6874 5101 in Form von Geldbußen bis 200 fl., endlich mit der Entziehung des passiven oder activen Wahlrechtes in die Kammer
3927 5068 4802 5180 auf Zeit oder dauernd vorzugehen.
4159 5068 6878 5225 Dem Beschuldigten ist vor Fällung des Ausspruches Gelegenheit zur Rechtfertigung zu geben und steht dem¬
3931 5172 6885 5333 selben gegen die Ertheilung einer Rüge, Geldstrafe oder die Entziehung des Wahlrechtes der Recurs an die politische
3916 5273 5142 5382 Landesbehörde zur endgiltigen Entscheidung zu.
4159 5300 6268 5453 Die durch Geldbußen eingehenden Beträge fliessen in die Casse der Aerztekammer.
