6392 4888
3343 751 5216 898 Separat-Abdruck aus der „Wochenschrift des Niederöster-
3812 839 4745 941 reichischen Gewerbevereins“.
4021 1452 4574 1613 Zur Heilung
3358 1723 5259 1906 LUNGEN-TUBERCULOSE.
3370 1918 5275 2048 (Mittheilungen an die Plenar-Versammlung vom 18. April 1890, von Herrn
4073 2006 4584 2127 Richard Reuter.)
1031 2060 1720 2170 Richard Reuter
3555 2129 5273 2250 Angeregt durch den am 31. Jänner 1890 im Niederösterreichi-
3405 2222 5275 2312 schen Gewerbeverein vom Herrn Universitäts-Professor Dr. L. Ritter
3381 2276 5259 2386 Schrötter v. Kristelli abgehaltenen, so interessanten und lehr-
3410 2343 5275 2459 reichen Vortrag: „Skizzen über die sanitären Verhältnisse
3393 2424 5290 2526 Wiens“ drängt es mich, gewisse, von mir durch eine lange Reihe von
3410 2502 5287 2595 Jahren gemachte Beobachtungen, die mit dem Inhalt dieses Vortrages
1397 2509 2110 2633 Wien, IV. Soldeggasse 1.
3410 2554 5271 2669 in Zusammenhang stehen, hier im Gewerbeverein zuerst zum Aus-
3398 2628 5287 2735 druck zu bringen und empfehle ich die Prüfung derselben dem
3393 2690 5282 2790 fachmännischen Urtheil der Herren Aerzte. Professor v. Schrötter
3405 2759 5285 2871 hob unter Anderem hervor, dass vielleicht mit der Zeit auch ein
3410 2840 5282 2937 Mittel zur Heilung der Tuberculose gefunden werden könne, welches,
3405 2916 5278 3006 dem Organismus einverleibt, den Koch’schen Bacilus zerstört, dass
3405 2970 5282 3075 es aber bis jetzt trotz aller Versuche nicht gelungen ist, dies zu
3403 3032 5285 3158 erreichen. Hieran anknüpfend halte ich es für meine Pflicht, auf die
3417 3122 5080 3210 von mir gemachten Beobachtungen aufmerksam zu machen.
3572 3191 5294 3277 Seit dem Jahre 1863 als technischer Chemiker und später
3417 3253 5294 3355 als Leiter grösserer in- und ausländischer Metallwaarenfabriken
3417 3312 5275 3415 thätig, in welchen auch in eigenen Abtheilungen die fabricirten Metall
3422 3396 5290 3507 gegenstände auf galvanischem Wege vergoldet und versilbert wurden,
3417 3450 5299 3579 machte ich die Beobachtung, dass speciell die in letzteren Werk¬
3429 3533 5294 3633 stätten beschäftigten Leute, in welchen zumeist wegen der hier vor¬
3419 3586 5309 3716 zunehmenden leichteren Arbeiten schwächliche und kränkliche
3429 3678 5318 3792 Personen verwendet wurden, sich daselbst relativ wohler fühlten
3434 3757 4817 3873 und deren Körpergewicht auch merklich zunahm.
