6648 4088
5046 110 6341 385 D. Agnostr. Curs et
3443 281 4856 614 Blepharaduitis (après)
5075 335 5859 602 Dr. Bock. -
3416 525 4349 755 der zwischen dieser
3435 558 4947 926 Übergrod. Der Eilig gegen Zellen;
3412 790 4926 1028 Sie überliegen künfsereli a regt die
3410 964 4525 1185 angefüllte diese Ergens
3423 1013 4920 1330 Ihr Lidendes sind mit Schüssen
3392 1191 4943 1528 meister bedeckt, gerötet, von Bickl,
3421 1352 4951 1671 schtets Cons-Katarrh. -Krechten -.
3400 1528 4965 1793 Bleph ist diff; - Acve cit confl.
3408 1717 4812 1963 Auf Blept. cit. vol. kommt vor.
3437 1857 4912 2126 - Restit ad mtege. Fapuis
3429 2029 4908 2275 cœur komm Reiertoen.
3421 2153 4899 2436 bei Bleph dol. Aaues, u.
3439 2293 4932 2610 Eitern kommen; an Absess
3431 2432 4928 2730 an da, durch welche die durch
3423 2616 4992 2947 verstört wurde. (Hordenlin eiliere)
3421 2724 4920 3106 Tylosis; dikorbenbild aen Lid
3425 2910 4926 3210 u. zw. diffus; Unwandt ab
3414 3024 4959 3332 interst. zufällt in Eibell Liebe.
3427 3197 4990 3524 ste Cilien gehen aus. eine.
3441 3383 4910 3721 steht nadarovis tot. od jent.
3419 3526 4906 3820 Auch Episode treten ein¬
