6504 4152
1577 238 2616 465 Beckenendlage
1561 293 3149 631 Exl. frucht man einer großen Seeltheill
1504 517 3110 774 in Leikünsingang & Yorgastman
1525 644 3099 905 Der im Beckennungen ist welcher,
1527 824 2677 1082 der oben hart, fest, eine.
1595 812 3126 1155 Bei Qlat. Cero. u gesprungener Blache findet
1584 998 3151 1318 man einen sich reich uelastisch anfüh¬
1586 1189 3063 1484 lenden großen Theil (Verwechsl
1579 1391 2634 1654 mit Schulter od Wange,
1586 1384 3106 1806 Diffd'agnore Os. acr. &c. Resist.
1563 1588 3176 1965 Amès, Genitale, Toch, Ös il, Cr. oss ili
1622 1835 2457 2117 Einfache Fußtage
1627 1847 2704 2187 vollkommen Fußlage
1661 2108 2450 2355 Ein Steiplaze
1643 2053 3013 2455 Anvollkommen gedan. Steipb.
1686 2294 2813 2586 Vollk. ged. Steißl.
1677 2369 3135 2734 der Reiß praesis entrede,
1575 2518 3133 2954 in schrägen der trauworten
1556 2695 3194 3058 messe des Beckers (meist unschrägen
1624 2865 3185 3197 Bei der 1 Jos. d. l. Hüfte (mit der
1613 2983 3185 3421 Gel geschwulfe. bei der Q Vos¬
1586 3135 3208 3551 Will d. v. Hälfte zuschwerden
3283 222 4016 386 Thechanismus
3299 229 4742 574 Das schrag eingetreten, Er daß das
3269 392 4803 719 Foetus steigt in die Beckenkamt herab,
3256 504 4746 758 kann & od. Eplension. int Rot.
3258 656 4767 962 fiecht nicht statt; dann Expußsion
3294 794 4735 1075 die sich präesent. Hüffe muß sich in
3269 910 4810 1234 cte ouwa hinein. Durchste Weräscont¬
3278 1050 4826 1352 wird der Steiß in die Höhe getrieben,
3276 1221 4254 1511 Mr Straif devirt snt.
3294 1257 4778 1649 Wien der Steiß im schragen Dm.
3274 1459 4755 1817 Durchtritt, so tritt Rolation ein,
3310 1606 4803 1999 so daß ich Rucken unter d'Emph.
3287 1704 4810 2162 ligt; den wort sich N. Leip
3281 1890 4762 2307 noch mehr; es fallen die Felsen
3317 2062 4783 2448 heraus, dann ein Arm, die sey an
3324 2210 4767 2555 d Heysh anstammt, während der
3306 2339 4814 2720 zweite über den Peri hernachritt
3346 2480 4828 2797 es tritt dann der Steiß mit den
3326 2720 4088 2943 Sympf. Servor.
3331 2695 4803 3095 der Kopf hat im Lecken und Platz
3331 2890 4807 3224 weit trauw. eingestellt ist; in
3317 3061 4855 3428 Kopf rvhil sich mit den Knienay
3331 3374 3895 3555 Kieten.
3349 3287 4860 3662 Ein mannelle Eingriff hat nun den
3365 3498 4896 3816 in geschehe, von die naturt Expuls zu
3405 3635 4837 3889 unterstützen von den Kind unbe¬
3480 3718 5311 3966 das Gefahr ist (Anno Mahlsche durch den Last
