6584 4104
326 250 3270 493 theil, dass durch Schaffung eines großen Coloboms Blendungs¬
288 409 3296 625 erscheinungen hervorgerufen werden, um somehr, nachdem immer
296 523 3239 731 ein möglichst großes Colobom gemacht werden soll, um eben die
311 655 2338 868 Gefahr des Prolapsus zu verkleinern.
413 758 3349 974 Diese Methode wendet man an bei allen Kat, die einen
352 936 3232 1110 Kern besitzen, also vor allem bei den Alterskataracten.
330 1091 2364 1368 3) Die einfache lineare Extraction.
352 1216 3383 1444 ist die einfachste Operation, um eine kleine Masse von Kata¬
314 1406 3270 1580 ractenmassen aus dem Auge herauszubringen. Man setzt
314 1527 3308 1728 einen möglichst kleinen Schnitt und verhindert den Trisprolaps
307 1637 1970 1856 durch Prideckonne. Man macht sie
314 1697 3323 1963 1) bei breng erweichten Kat., 2)  bei geschrumpften Kat, 3 ) bei Kat.
307 1925 3353 2091 secundaria, falls sie, so derb ist, daß man sie mit einem Facken
314 1993 3289 2239 oder einer Pincette sassen kann, 4) bei starker Quellung der
326 2133 671 2349 Linse.
