<?xml version="1.0" encoding="UTF-8" standalone="yes"?>
<PcGts xmlns="http://schema.primaresearch.org/PAGE/gts/pagecontent/2013-07-15" xmlns:xsi="http://www.w3.org/2001/XMLSchema-instance" xsi:schemaLocation="http://schema.primaresearch.org/PAGE/gts/pagecontent/2013-07-15 http://schema.primaresearch.org/PAGE/gts/pagecontent/2013-07-15/pagecontent.xsd">
    <Metadata>
        <Creator>prov=READ-COOP:name=TrHtr:version=2.1.0:model_id=51170:date=01_08_2023_03:38</Creator>
        <Created>2023-05-10T11:23:23.687+02:00</Created>
        <LastChange>2023-08-01T03:38:28.221+02:00</LastChange>
        <TranskribusMetadata docId="1428151" pageId="55387062" pageNr="114" tsid="131649309" status="IN_PROGRESS" userId="64420" imgUrl="https://files.transkribus.eu/Get?id=QXVPOHYQPLQNDKPSMMIUQVDT&amp;fileType=view" xmlUrl="https://files.transkribus.eu/Get?id=DKAEXCKKPIQRVOCTRRJIVFEN" imageId="44661959"/>
    </Metadata>
    <Page imageFilename="1428151_0114.jpg" imageWidth="4984" imageHeight="6216">
        <ReadingOrder>
            <OrderedGroup id="ro_1711821443059" caption="Regions reading order">
                <RegionRefIndexed index="0" regionRef="tr_1"/>
                <RegionRefIndexed index="1" regionRef="tr_2"/>
            </OrderedGroup>
        </ReadingOrder>
        <TextRegion id="tr_1" custom="readingOrder {index:0;}">
            <Coords points="220,236 4382,236 4382,4022 220,4022"/>
            <TextLine id="tr_1_tl_1" custom="readingOrder {index:0;}">
                <Coords points="4218,343 4275,343 4293,324 4317,343 4378,334 4373,136 4331,141 4322,132 4284,141 4246,118 4213,118"/>
                <Baseline points="4239,286 4329,298 4382,286"/>
                <TextEquiv>
                    <Unicode>97</Unicode>
                </TextEquiv>
            </TextLine>
            <TextLine id="tr_1_tl_2" custom="readingOrder {index:1;}">
                <Coords points="3851,334 3880,334 3898,348 3974,287 4021,334 4082,334 4091,245 4035,249 3978,212 3960,212 3945,226 3941,216 3922,221 3912,212 3889,235 3861,235"/>
                <Baseline points="3875,322 3917,322 4006,316 4096,304"/>
                <TextEquiv>
                    <Unicode>1 7</Unicode>
                </TextEquiv>
            </TextLine>
            <TextLine id="tr_1_tl_3" custom="readingOrder {index:2;}">
                <Coords points="1778,593 2944,578 3019,569 3024,494 2939,456 2662,503 2539,461 2441,508 2243,447 1778,527"/>
                <Baseline points="1803,585 1868,585 1958,579 2048,573 2137,573 2227,573 2316,567 2406,561 2495,567 2585,561 2675,561 2764,561 2854,555 2943,555 3033,549"/>
                <TextEquiv>
                    <Unicode> Internationale Klinische Rundschau 1891.</Unicode>
                </TextEquiv>
            </TextLine>
            <TextLine id="tr_1_tl_4" custom="readingOrder {index:3;}">
                <Coords points="2441,719 4181,687 4293,672 4298,597 2441,625"/>
                <Baseline points="2466,698 2513,698 2603,698 2693,698 2782,698 2872,692 2961,692 3051,686 3140,686 3230,680 3319,680 3409,680 3499,674 3588,674 3678,668 3767,668 3857,668 3946,662 4036,656 4126,656 4215,650 4305,650"/>
                <TextEquiv>
                    <Unicode>Degenerationspeychose aus der Gruppe des moralischen Irreseins?»</Unicode>
                </TextEquiv>
            </TextLine>
            <TextLine id="tr_1_tl_5" custom="readingOrder {index:4;}">
                <Coords points="536,743 2154,748 2370,724 2375,630 541,672"/>
                <Baseline points="561,728 597,728 686,728 776,722 865,728 955,728 1044,722 1134,728 1224,722 1313,722 1403,728 1492,728 1582,722 1671,722 1761,722 1851,722 1940,716 2030,716 2119,716 2209,710 2298,710 2388,698"/>
                <TextEquiv>
                    <Unicode>belastet ist, aber keine nachweisbaren Erscheinungen von Tuber</Unicode>
                </TextEquiv>
            </TextLine>
            <TextLine id="tr_1_tl_6" custom="readingOrder {index:5;}">
                <Coords points="2445,785 4190,767 4289,743 4289,677 2450,715"/>
                <Baseline points="2472,770 2507,770 2597,764 2687,770 2776,764 2866,764 2955,764 3045,758 3134,752 3224,752 3314,752 3403,746 3493,746 3582,740 3672,740 3761,734 3851,734 3940,728 4030,728 4120,728 4209,722 4299,716"/>
                <TextEquiv>
                    <Unicode>Nein. Denn für uns hat das Genie die Bedeutung seiner Leistungen.</Unicode>
                </TextEquiv>
            </TextLine>
            <TextLine id="tr_1_tl_7" custom="readingOrder {index:6;}">
                <Coords points="527,814 1364,851 1622,804 1886,861 2394,795 2394,724 531,743"/>
                <Baseline points="555,794 615,794 704,794 794,800 883,800 973,800 1062,794 1152,800 1242,800 1331,794 1421,794 1510,794 1600,794 1689,794 1779,794 1868,794 1958,788 2048,788 2137,788 2227,782 2316,782 2406,776"/>
                <TextEquiv>
                    <Unicode>kulose zeigt u. s. w. Die Versuche werden ausfürlich puplizirt</Unicode>
                </TextEquiv>
            </TextLine>
            <TextLine id="tr_1_tl_8" custom="readingOrder {index:7;}">
                <Coords points="2450,865 4063,832 4284,814 4289,738 2450,785"/>
                <Baseline points="2478,835 2507,835 2597,835 2687,835 2776,835 2866,835 2955,829 3045,829 3134,824 3224,824 3314,818 3403,818 3493,806 3582,812 3672,812 3761,806 3851,800 3940,800 4030,800 4120,794 4209,788 4299,788"/>
                <TextEquiv>
                    <Unicode>Es existirt in Beziehung auf uns nur insofern, als es aut uns mit</Unicode>
                </TextEquiv>
            </TextLine>
            <TextLine id="tr_1_tl_9" custom="readingOrder {index:8;}">
                <Coords points="2436,926 4181,893 4293,884 4293,818 2441,865"/>
                <Baseline points="2466,901 2513,901 2603,907 2693,901 2782,901 2872,901 2961,895 3051,895 3140,889 3230,889 3319,883 3409,883 3499,883 3588,883 3678,877 3767,871 3857,871 3946,871 4036,859 4126,859 4215,853 4305,853"/>
                <TextEquiv>
                    <Unicode>seinen Hervorbringungen wirkt. Die Leiden, welche diesen Grossen</Unicode>
                </TextEquiv>
            </TextLine>
            <TextLine id="tr_1_tl_10" custom="readingOrder {index:9;}">
                <Coords points="531,875 555,875 578,889 691,889 701,898 719,898 743,879 771,879 771,814 734,814 719,823 658,814 621,818 611,828 602,818 531,818"/>
                <Baseline points="555,865 644,865 734,859 782,865"/>
                <TextEquiv>
                    <Unicode>werden.</Unicode>
                </TextEquiv>
            </TextLine>
            <TextLine id="tr_1_tl_11" custom="readingOrder {index:10;}">
                <Coords points="705,950 2342,945 2398,936 2398,828 710,884"/>
                <Baseline points="734,931 794,925 883,931 973,925 1062,925 1152,925 1242,925 1331,931 1421,931 1510,925 1600,931 1689,931 1779,925 1868,925 1958,919 2048,919 2137,919 2227,919 2316,913 2406,913"/>
                <TextEquiv>
                    <Unicode>Primararzt Dr. Bayer hatte Gelegenheit in 20 Fällen</Unicode>
                </TextEquiv>
            </TextLine>
            <TextLine id="tr_1_tl_12" custom="readingOrder {index:11;}">
                <Coords points="2441,992 4199,964 4279,950 4279,884 2445,926"/>
                <Baseline points="2466,973 2501,973 2591,973 2681,973 2770,967 2860,967 2949,967 3039,967 3128,961 3218,955 3308,955 3397,949 3487,949 3576,949 3666,943 3755,943 3845,937 3935,937 4024,931 4114,931 4203,931 4293,925"/>
                <TextEquiv>
                    <Unicode>beschieden waren, der Wahnsinn, der sie überfiel, das Martyrium</Unicode>
                </TextEquiv>
            </TextLine>
            <TextLine id="tr_1_tl_13" custom="readingOrder {index:12;}">
                <Coords points="522,1002 2050,1030 2384,997 2384,940 522,969"/>
                <Baseline points="549,997 603,997 692,997 782,997 871,997 961,1003 1050,997 1140,1003 1230,997 1319,997 1409,997 1498,997 1588,997 1677,997 1767,991 1857,991 1946,991 2036,991 2125,991 2215,985 2304,979 2394,979"/>
                <TextEquiv>
                    <Unicode>der chirurgischen Abtheilung des Kaiser Franz Josef-Kinder¬</Unicode>
                </TextEquiv>
            </TextLine>
            <TextLine id="tr_1_tl_14" custom="readingOrder {index:13;}">
                <Coords points="2445,1063 4143,1030 4298,1011 4303,955 2445,992"/>
                <Baseline points="2472,1044 2513,1044 2603,1044 2693,1038 2782,1038 2872,1038 2961,1033 3051,1027 3140,1027 3230,1027 3319,1027 3409,1021 3499,1015 3588,1015 3678,1015 3767,1015 3857,1009 3946,1003 4036,997 4126,1003 4215,997 4305,991"/>
                <TextEquiv>
                    <Unicode>ihres ganzen Lebens haben sie mit sich genommen. Was uns</Unicode>
                </TextEquiv>
            </TextLine>
            <TextLine id="tr_1_tl_15" custom="readingOrder {index:14;}">
                <Coords points="522,1072 2083,1096 2375,1067 2375,1006 522,1039"/>
                <Baseline points="549,1068 597,1068 686,1068 776,1062 865,1068 955,1068 1044,1068 1134,1068 1224,1062 1313,1068 1403,1062 1492,1068 1582,1062 1671,1062 1761,1062 1851,1062 1940,1062 2030,1062 2119,1056 2209,1050 2298,1050 2388,1050"/>
                <TextEquiv>
                    <Unicode>spitales die Koch'sche Behandlung durchzuführen. Es wurden</Unicode>
                </TextEquiv>
            </TextLine>
            <TextLine id="tr_1_tl_16" custom="readingOrder {index:15;}">
                <Coords points="2450,1124 4185,1100 4303,1091 4307,1016 2450,1063"/>
                <Baseline points="2478,1110 2519,1110 2609,1110 2698,1110 2788,1104 2878,1104 2967,1098 3057,1098 3146,1098 3236,1092 3325,1086 3415,1086 3505,1086 3594,1086 3684,1080 3773,1074 3863,1074 3952,1074 4042,1074 4132,1068 4221,1068 4311,1062"/>
                <TextEquiv>
                    <Unicode>von ihnen bleibt, ist das Herrliche, daran wir uns erbauen. Es</Unicode>
                </TextEquiv>
            </TextLine>
            <TextLine id="tr_1_tl_17" custom="readingOrder {index:16;}">
                <Coords points="531,1157 2389,1147 2389,1077 531,1086"/>
                <Baseline points="555,1134 609,1134 698,1134 788,1134 877,1134 967,1134 1056,1134 1146,1134 1236,1134 1325,1134 1415,1134 1504,1134 1594,1134 1683,1134 1773,1134 1863,1128 1952,1128 2042,1128 2131,1128 2221,1122 2310,1122 2400,1116"/>
                <TextEquiv>
                    <Unicode>bei drei Fällen von Malum Potii, bei neun loxitiden, hei sechs</Unicode>
                </TextEquiv>
            </TextLine>
            <TextLine id="tr_1_tl_18" custom="readingOrder {index:17;}">
                <Coords points="2441,1194 4223,1176 4298,1086 2441,1133"/>
                <Baseline points="2466,1182 2513,1182 2603,1182 2693,1176 2782,1176 2872,1176 2961,1170 3051,1170 3140,1164 3230,1164 3319,1158 3409,1158 3499,1152 3588,1152 3678,1152 3767,1146 3857,1146 3946,1140 4036,1140 4126,1134 4215,1134 4305,1134"/>
                <TextEquiv>
                    <Unicode>ist unser glückseliger Egoismus, der uns nur mehr das gesunde.</Unicode>
                </TextEquiv>
            </TextLine>
            <TextLine id="tr_1_tl_19" custom="readingOrder {index:18;}">
                <Coords points="531,1218 2389,1218 2389,1143 531,1171"/>
                <Baseline points="555,1206 609,1206 698,1200 788,1206 877,1200 967,1206 1056,1206 1146,1206 1236,1206 1325,1206 1415,1200 1504,1206 1594,1200 1683,1206 1773,1206 1863,1200 1952,1200 2042,1194 2131,1194 2221,1194 2310,1188 2400,1182"/>
                <TextEquiv>
                    <Unicode>anderweitigen Ostitiden und bei einem Fall von rezidivirender</Unicode>
                </TextEquiv>
            </TextLine>
            <TextLine id="tr_1_tl_20" custom="readingOrder {index:19;}">
                <Coords points="2459,1279 4138,1237 4298,1223 4298,1157 2464,1204"/>
                <Baseline points="2484,1265 2519,1253 2609,1247 2698,1247 2788,1242 2878,1242 2967,1242 3057,1230 3146,1236 3236,1230 3325,1230 3415,1230 3505,1224 3594,1218 3684,1218 3773,1218 3863,1212 3952,1206 4042,1206 4132,1206 4221,1206 4311,1200"/>
                <TextEquiv>
                    <Unicode>grosse Erzeugniss sehen lässt, nicht den kranken Geist, daraus es</Unicode>
                </TextEquiv>
            </TextLine>
            <TextLine id="tr_1_tl_21" custom="readingOrder {index:20;}">
                <Coords points="536,1293 2328,1293 2394,1209 536,1223"/>
                <Baseline points="561,1271 615,1277 704,1271 794,1277 883,1271 973,1277 1062,1271 1152,1271 1242,1271 1331,1271 1421,1271 1510,1277 1600,1271 1689,1271 1779,1271 1868,1271 1958,1271 2048,1259 2137,1265 2227,1259 2316,1259 2406,1253"/>
                <TextEquiv>
                    <Unicode>Lymphdrüsentuberkulose Injektionen vorgenommen. Bei Kindern</Unicode>
                </TextEquiv>
            </TextLine>
            <TextLine id="tr_1_tl_22" custom="readingOrder {index:21;}">
                <Coords points="2464,1336 4265,1303 4298,1227 2464,1279"/>
                <Baseline points="2489,1313 2519,1313 2609,1313 2698,1313 2788,1313 2878,1313 2967,1307 3057,1301 3146,1295 3236,1295 3325,1295 3415,1295 3505,1289 3594,1289 3684,1289 3773,1289 3863,1283 3952,1277 4042,1271 4132,1277 4221,1271 4311,1265"/>
                <TextEquiv>
                    <Unicode>entsprungen. Im Uebrigen — es hat ja NiETZSCHE schon das Land</Unicode>
                </TextEquiv>
            </TextLine>
            <TextLine id="tr_1_tl_23" custom="readingOrder {index:22;}">
                <Coords points="531,1359 2375,1354 2375,1279 531,1298"/>
                <Baseline points="555,1343 597,1343 686,1343 776,1343 865,1343 955,1343 1044,1343 1134,1337 1224,1343 1313,1337 1403,1343 1492,1337 1582,1337 1671,1337 1761,1337 1851,1337 1940,1331 2030,1331 2119,1331 2209,1331 2298,1325 2388,1325"/>
                <TextEquiv>
                    <Unicode>unter zwei Jahren wurde mit ⅛ bis 1/6 bis ¼ Milligramm je</Unicode>
                </TextEquiv>
            </TextLine>
            <TextLine id="tr_1_tl_24" custom="readingOrder {index:23;}">
                <Coords points="2459,1420 4298,1368 4303,1293 2459,1336"/>
                <Baseline points="2484,1379 2519,1385 2609,1385 2698,1379 2788,1379 2878,1379 2967,1373 3057,1367 3146,1373 3236,1367 3325,1361 3415,1361 3505,1361 3594,1361 3684,1349 3773,1349 3863,1349 3952,1349 4042,1343 4132,1337 4221,1337 4311,1337"/>
                <TextEquiv>
                    <Unicode>jenseits von Gut und Böse entdeckt, oder wenigstens den Weg</Unicode>
                </TextEquiv>
            </TextLine>
            <TextLine id="tr_1_tl_25" custom="readingOrder {index:24;}">
                <Coords points="531,1448 2328,1430 2384,1354 531,1373"/>
                <Baseline points="555,1409 603,1409 692,1409 782,1409 871,1415 961,1415 1050,1409 1140,1409 1230,1409 1319,1403 1409,1409 1498,1409 1588,1409 1677,1409 1767,1409 1857,1409 1946,1403 2036,1403 2125,1403 2215,1397 2304,1397 2394,1391"/>
                <TextEquiv>
                    <Unicode>nach dem Kräftezustand begonnen. Bei Kindern über sechs Jahrer</Unicode>
                </TextEquiv>
            </TextLine>
            <TextLine id="tr_1_tl_26" custom="readingOrder {index:25;}">
                <Coords points="2459,1481 3833,1467 4312,1439 4317,1373 2459,1420"/>
                <Baseline points="2484,1462 2531,1456 2621,1456 2710,1450 2800,1450 2890,1445 2979,1445 3069,1439 3158,1439 3248,1433 3337,1427 3427,1433 3517,1433 3606,1421 3696,1421 3785,1421 3875,1421 3964,1415 4054,1409 4144,1409 4233,1409 4323,1403"/>
                <TextEquiv>
                    <Unicode>gezeigt, auf dem man es entdecken könnte — ein Pfadſinder auf dein</Unicode>
                </TextEquiv>
            </TextLine>
            <TextLine id="tr_1_tl_27" custom="readingOrder {index:26;}">
                <Coords points="536,1491 2069,1510 2389,1481 2389,1411 536,1434"/>
                <Baseline points="561,1474 609,1480 698,1474 788,1480 877,1474 967,1474 1056,1480 1146,1480 1236,1480 1325,1474 1415,1474 1504,1480 1594,1474 1683,1474 1773,1480 1863,1474 1952,1468 2042,1474 2131,1468 2221,1468 2310,1462 2400,1456"/>
                <TextEquiv>
                    <Unicode>wurde mit 1/4 Milligramm begonnen und bis zu 1/2 Millogramm in</Unicode>
                </TextEquiv>
            </TextLine>
            <TextLine id="tr_1_tl_28" custom="readingOrder {index:27;}">
                <Coords points="2459,1547 4171,1514 4312,1505 4317,1434 2459,1481"/>
                <Baseline points="2484,1528 2531,1522 2621,1522 2710,1516 2800,1516 2890,1516 2979,1510 3069,1504 3158,1504 3248,1504 3337,1504 3427,1504 3517,1492 3606,1492 3696,1492 3785,1492 3875,1486 3964,1480 4054,1480 4144,1480 4233,1474 4323,1474"/>
                <TextEquiv>
                    <Unicode>Gebiete der Ethik. Vielleicht hat LOMBROSO als einer der Ersten</Unicode>
                </TextEquiv>
            </TextLine>
            <TextLine id="tr_1_tl_29" custom="readingOrder {index:28;}">
                <Coords points="536,1561 2079,1557 2187,1608 2394,1580 2394,1481 536,1505"/>
                <Baseline points="561,1540 615,1552 704,1546 794,1546 883,1546 973,1552 1062,1546 1152,1546 1242,1546 1331,1546 1421,1546 1510,1546 1600,1546 1689,1546 1779,1546 1868,1540 1958,1540 2048,1540 2137,1540 2227,1534 2316,1534 2406,1534"/>
                <TextEquiv>
                    <Unicode>der Folge gestiegen. Auch älteren Kindern (10 bis 14 Jahren)</Unicode>
                </TextEquiv>
            </TextLine>
            <TextLine id="tr_1_tl_30" custom="readingOrder {index:29;}">
                <Coords points="2459,1608 4265,1571 4317,1505 2459,1542"/>
                <Baseline points="2484,1588 2531,1594 2621,1588 2710,1588 2800,1588 2890,1582 2979,1582 3069,1576 3158,1576 3248,1576 3337,1570 3427,1564 3517,1564 3606,1564 3696,1558 3785,1558 3875,1558 3964,1552 4054,1546 4144,1540 4233,1540 4323,1540"/>
                <TextEquiv>
                    <Unicode>den Weg gewiesen zu einer neuen Auffassung intellektueller Ver-</Unicode>
                </TextEquiv>
            </TextLine>
            <TextLine id="tr_1_tl_31" custom="readingOrder {index:30;}">
                <Coords points="536,1632 1801,1641 1801,1561 1350,1589 1133,1552 1025,1589 536,1557"/>
                <Baseline points="561,1618 650,1618 740,1618 829,1618 919,1618 1009,1618 1098,1618 1188,1618 1277,1618 1367,1618 1456,1618 1546,1618 1636,1618 1725,1618 1815,1612"/>
                <TextEquiv>
                    <Unicode>wurde ½ bis 1 Milligramm pro dosi injizirt.</Unicode>
                </TextEquiv>
            </TextLine>
            <TextLine id="tr_1_tl_32" custom="readingOrder {index:31;}">
                <Coords points="2459,1679 3988,1660 4312,1632 4317,1561 2459,1608"/>
                <Baseline points="2484,1659 2537,1659 2627,1659 2716,1654 2806,1654 2896,1654 2985,1648 3075,1648 3164,1648 3254,1636 3343,1636 3433,1636 3522,1630 3612,1630 3702,1630 3791,1624 3881,1624 3970,1618 4060,1618 4149,1612 4239,1612 4329,1612"/>
                <TextEquiv>
                    <Unicode>hältnisse, und man kann sich wohl auch in diesem Sinne ein Buch</Unicode>
                </TextEquiv>
            </TextLine>
            <TextLine id="tr_1_tl_33" custom="readingOrder {index:32;}">
                <Coords points="597,1698 1933,1735 2389,1702 2389,1604 1763,1660 597,1641"/>
                <Baseline points="621,1683 698,1689 788,1701 877,1701 967,1701 1056,1695 1146,1695 1236,1695 1325,1695 1415,1695 1504,1695 1594,1695 1683,1695 1773,1695 1863,1695 1952,1695 2042,1689 2131,1689 2221,1683 2310,1683 2400,1677"/>
                <TextEquiv>
                    <Unicode>— In sieben von diesen Fällen hatte man im Vorjahre ver-</Unicode>
                </TextEquiv>
            </TextLine>
            <TextLine id="tr_1_tl_34" custom="readingOrder {index:33;}">
                <Coords points="2445,1749 3579,1768 3983,1707 4091,1763 4312,1707 4312,1627 2450,1683"/>
                <Baseline points="2478,1725 2531,1731 2621,1731 2710,1725 2800,1725 2890,1725 2979,1719 3069,1719 3158,1719 3248,1713 3337,1707 3427,1707 3517,1701 3606,1701 3696,1701 3785,1701 3875,1695 3964,1689 4054,1689 4144,1683 4233,1683 4323,1677"/>
                <TextEquiv>
                    <Unicode>des nächsten Jahrzehntes geschrieben denken: Jenseits von Gesund</Unicode>
                </TextEquiv>
            </TextLine>
            <TextLine id="tr_1_tl_35" custom="readingOrder {index:34;}">
                <Coords points="541,1792 2394,1782 2394,1698 541,1726"/>
                <Baseline points="567,1761 615,1767 704,1767 794,1767 883,1767 973,1767 1062,1767 1152,1767 1242,1767 1331,1767 1421,1767 1510,1767 1600,1761 1689,1767 1779,1767 1868,1761 1958,1761 2048,1755 2137,1755 2227,1755 2316,1755 2406,1749"/>
                <TextEquiv>
                    <Unicode>schiedene Operationen (Evidements, Resektionen etc.) im Kinder¬</Unicode>
                </TextEquiv>
            </TextLine>
            <TextLine id="tr_1_tl_36" custom="readingOrder {index:35;}">
                <Coords points="2441,1843 2492,1834 2539,1848 2596,1820 2629,1834 2652,1810 2789,1825 2789,1749 2596,1754 2577,1735 2539,1763 2492,1749 2441,1768"/>
                <Baseline points="2466,1797 2555,1803 2645,1797 2734,1797 2800,1797"/>
                <TextEquiv>
                    <Unicode>und Krank.</Unicode>
                </TextEquiv>
            </TextLine>
            <TextLine id="tr_1_tl_37" custom="readingOrder {index:36;}">
                <Coords points="2624,1876 4284,1843 4317,1745 2624,1810"/>
                <Baseline points="2651,1857 2710,1857 2800,1863 2890,1857 2979,1857 3069,1851 3158,1851 3248,1851 3337,1845 3427,1839 3517,1839 3606,1839 3696,1833 3785,1827 3875,1827 3964,1827 4054,1827 4144,1821 4233,1815 4323,1815"/>
                <TextEquiv>
                    <Unicode>Wo sind denn eigentlich die Grenzen? In Wahrheit hat sie</Unicode>
                </TextEquiv>
            </TextLine>
            <TextLine id="tr_1_tl_38" custom="readingOrder {index:37;}">
                <Coords points="545,1881 2347,1848 2375,1773 545,1796"/>
                <Baseline points="573,1845 597,1845 686,1845 776,1839 865,1833 955,1839 1044,1839 1134,1839 1224,1839 1313,1839 1403,1839 1492,1833 1582,1839 1671,1833 1761,1833 1851,1833 1940,1833 2030,1827 2119,1827 2209,1827 2298,1821 2388,1821"/>
                <TextEquiv>
                    <Unicode>spitale vorgenommen und in sechs davon waren Fisteln vorhanden</Unicode>
                </TextEquiv>
            </TextLine>
            <TextLine id="tr_1_tl_39" custom="readingOrder {index:38;}">
                <Coords points="2450,1975 4312,1905 4312,1839 4237,1829 2455,1872"/>
                <Baseline points="2478,1946 2531,1934 2621,1934 2710,1934 2800,1928 2890,1928 2979,1922 3069,1922 3158,1922 3248,1922 3337,1916 3427,1910 3517,1910 3606,1904 3696,1904 3785,1898 3875,1898 3964,1898 4054,1892 4144,1892 4233,1886 4323,1886"/>
                <TextEquiv>
                    <Unicode>ja doch noch Niemand gefunden, und man hat oft genug schon</Unicode>
                </TextEquiv>
            </TextLine>
            <TextLine id="tr_1_tl_40" custom="readingOrder {index:39;}">
                <Coords points="696,1937 2243,1942 2398,1909 2398,1843 696,1867"/>
                <Baseline points="722,1910 800,1910 889,1910 979,1910 1068,1904 1158,1904 1247,1904 1337,1904 1427,1904 1516,1904 1606,1904 1695,1904 1785,1898 1874,1898 1964,1898 2054,1898 2143,1898 2233,1892 2322,1892 2412,1892"/>
                <TextEquiv>
                    <Unicode>In allen Fällen sah man schon nach der ersten Injektion</Unicode>
                </TextEquiv>
            </TextLine>
            <TextLine id="tr_1_tl_41" custom="readingOrder {index:40;}">
                <Coords points="541,1989 2295,1994 2408,1919 541,1923"/>
                <Baseline points="567,1976 626,1976 716,1982 806,1982 895,1976 985,1976 1074,1976 1164,1976 1253,1970 1343,1970 1433,1970 1522,1970 1612,1970 1701,1970 1791,1970 1880,1970 1970,1970 2060,1964 2149,1964 2239,1958 2328,1958 2418,1952"/>
                <TextEquiv>
                    <Unicode>wenn nicht allgemeine, so doch stets lokale Reaktionen (Ver¬</Unicode>
                </TextEquiv>
            </TextLine>
            <TextLine id="tr_1_tl_42" custom="readingOrder {index:41;}">
                <Coords points="2455,2022 4143,1999 4317,1975 4317,1909 2459,1970"/>
                <Baseline points="2484,2000 2537,2006 2627,2006 2716,2000 2806,2000 2896,1994 2985,1994 3075,1994 3164,1988 3254,1988 3343,1982 3433,1982 3522,1982 3612,1976 3702,1970 3791,1970 3881,1970 3970,1964 4060,1958 4149,1952 4239,1958 4329,1958"/>
                <TextEquiv>
                    <Unicode>eigenthümliche Verwandtschaft entdeckt, wo man starren Gegensatz</Unicode>
                </TextEquiv>
            </TextLine>
            <TextLine id="tr_1_tl_43" custom="readingOrder {index:42;}">
                <Coords points="2450,2097 4312,2055 4317,1970 2450,2022"/>
                <Baseline points="2478,2072 2531,2077 2621,2072 2710,2072 2800,2066 2890,2066 2979,2066 3069,2060 3158,2060 3248,2054 3337,2054 3427,2048 3517,2042 3606,2042 3696,2042 3785,2042 3875,2036 3964,2030 4054,2030 4144,2024 4233,2024 4323,2024"/>
                <TextEquiv>
                    <Unicode>vermuthet. Wir sind so rasch mit dem Systemisiren bei der Hand</Unicode>
                </TextEquiv>
            </TextLine>
            <TextLine id="tr_1_tl_44" custom="readingOrder {index:43;}">
                <Coords points="531,2060 2060,2074 2389,2046 2389,1975 531,1994"/>
                <Baseline points="555,2048 609,2048 698,2048 788,2042 877,2042 967,2042 1056,2042 1146,2042 1236,2042 1325,2042 1415,2042 1504,2036 1594,2042 1683,2042 1773,2042 1863,2042 1952,2036 2042,2036 2131,2030 2221,2030 2310,2030 2400,2030"/>
                <TextEquiv>
                    <Unicode>änderungen der Krankheitsherde: Schwellung, Röthung, Schmerz)</Unicode>
                </TextEquiv>
            </TextLine>
            <TextLine id="tr_1_tl_45" custom="readingOrder {index:44;}">
                <Coords points="701,2130 2050,2154 2398,2111 2398,2050 701,2074"/>
                <Baseline points="728,2113 800,2113 889,2113 979,2113 1068,2113 1158,2113 1247,2113 1337,2113 1427,2113 1516,2107 1606,2107 1695,2107 1785,2107 1874,2107 1964,2107 2054,2101 2143,2101 2233,2101 2322,2101 2412,2089"/>
                <TextEquiv>
                    <Unicode>Bis auf einen sehr elenden Fall von Mal. Potii, bei dem die</Unicode>
                </TextEquiv>
            </TextLine>
            <TextLine id="tr_1_tl_46" custom="readingOrder {index:45;}">
                <Coords points="2464,2173 4317,2116 4322,2050 2464,2097"/>
                <Baseline points="2489,2143 2531,2143 2621,2143 2710,2137 2800,2137 2890,2137 2979,2131 3069,2131 3158,2125 3248,2125 3337,2119 3427,2119 3517,2113 3606,2113 3696,2107 3785,2107 3875,2101 3964,2101 4054,2095 4144,2095 4233,2089 4323,2089"/>
                <TextEquiv>
                    <Unicode>wir bringen aber eigentlich viel öfter Ordnung in unsere Gedanken,</Unicode>
                </TextEquiv>
            </TextLine>
            <TextLine id="tr_1_tl_47" custom="readingOrder {index:46;}">
                <Coords points="531,2191 2281,2205 2394,2182 2394,2116 531,2126"/>
                <Baseline points="555,2179 615,2185 704,2185 794,2185 883,2185 973,2179 1062,2185 1152,2179 1242,2179 1331,2179 1421,2179 1510,2179 1600,2179 1689,2173 1779,2173 1868,2179 1958,2173 2048,2173 2137,2173 2227,2173 2316,2167 2406,2161"/>
                <TextEquiv>
                    <Unicode>Injektion überhaupt nur einmal versucht worden ist, sah man in</Unicode>
                </TextEquiv>
            </TextLine>
            <TextLine id="tr_1_tl_48" custom="readingOrder {index:47;}">
                <Coords points="2455,2234 3945,2220 4312,2182 4312,2116 2459,2168"/>
                <Baseline points="2484,2209 2525,2215 2615,2209 2704,2209 2794,2203 2884,2203 2973,2203 3063,2197 3152,2197 3242,2191 3331,2191 3421,2185 3511,2185 3600,2179 3690,2179 3779,2179 3869,2173 3958,2173 4048,2167 4138,2167 4227,2161 4317,2167"/>
                <TextEquiv>
                    <Unicode>als in die Sachen. Und dann kommt eben von Zeit zu Zeit Einer</Unicode>
                </TextEquiv>
            </TextLine>
            <TextLine id="tr_1_tl_49" custom="readingOrder {index:48;}">
                <Coords points="531,2257 2149,2281 2408,2248 2408,2182 531,2215"/>
                <Baseline points="555,2251 626,2257 716,2251 806,2251 895,2251 985,2251 1074,2251 1164,2251 1253,2251 1343,2245 1433,2245 1522,2245 1612,2251 1701,2245 1791,2245 1880,2245 1970,2245 2060,2239 2149,2239 2239,2239 2328,2233 2418,2227"/>
                <TextEquiv>
                    <Unicode>allen übrigen Fällen schon nach zwei bis drei Injektionen auf¬</Unicode>
                </TextEquiv>
            </TextLine>
            <TextLine id="tr_1_tl_50" custom="readingOrder {index:49;}">
                <Coords points="2459,2318 4181,2271 4312,2248 4317,2187 2459,2238"/>
                <Baseline points="2484,2280 2531,2280 2621,2280 2710,2275 2800,2275 2890,2275 2979,2269 3069,2269 3158,2263 3248,2263 3337,2263 3427,2257 3517,2257 3606,2251 3696,2245 3785,2245 3875,2245 3964,2239 4054,2239 4144,2233 4233,2233 4323,2227"/>
                <TextEquiv>
                    <Unicode>der uns auf diesen Irrthum aufmerksam macht, der mit den Vor-</Unicode>
                </TextEquiv>
            </TextLine>
            <TextLine id="tr_1_tl_51" custom="readingOrder {index:50;}">
                <Coords points="531,2337 2318,2337 2389,2323 2389,2252 531,2271"/>
                <Baseline points="555,2322 609,2322 698,2322 788,2322 877,2322 967,2322 1056,2322 1146,2322 1236,2316 1325,2316 1415,2316 1504,2316 1594,2316 1683,2316 1773,2316 1863,2316 1952,2310 2042,2310 2131,2304 2221,2304 2310,2304 2400,2298"/>
                <TextEquiv>
                    <Unicode>fallende Besserung; die angeschwollenen Theile schwollen stark ab</Unicode>
                </TextEquiv>
            </TextLine>
            <TextLine id="tr_1_tl_52" custom="readingOrder {index:51;}">
                <Coords points="2464,2375 4303,2332 4307,2248 2464,2309"/>
                <Baseline points="2489,2352 2525,2352 2615,2346 2704,2346 2794,2340 2884,2340 2973,2340 3063,2340 3152,2334 3242,2328 3331,2328 3421,2328 3511,2322 3600,2322 3690,2316 3779,2310 3869,2310 3958,2304 4048,2304 4138,2304 4227,2298 4317,2304"/>
                <TextEquiv>
                    <Unicode>urtheilen aufräumt, die Schablonen zerbricht und dann</Unicode>
                </TextEquiv>
            </TextLine>
            <TextLine id="tr_1_tl_53" custom="readingOrder {index:52;}">
                <Coords points="2469,2445 4326,2403 4326,2318 2474,2375"/>
                <Baseline points="2495,2424 2543,2424 2633,2418 2722,2412 2812,2412 2901,2412 2991,2406 3081,2406 3170,2400 3260,2400 3349,2400 3439,2394 3528,2388 3618,2382 3708,2388 3797,2382 3887,2382 3976,2376 4066,2376 4155,2370 4245,2370 4335,2364"/>
                <TextEquiv>
                    <Unicode>dann! Das ist nun eben die Frage. Wir warten auf die Wahrheit</Unicode>
                </TextEquiv>
            </TextLine>
            <TextLine id="tr_1_tl_54" custom="readingOrder {index:53;}">
                <Coords points="536,2403 1999,2389 2398,2441 2398,2323 536,2347"/>
                <Baseline points="561,2394 621,2394 710,2388 800,2388 889,2388 979,2388 1068,2382 1158,2388 1247,2388 1337,2388 1427,2388 1516,2388 1606,2388 1695,2382 1785,2388 1874,2388 1964,2382 2054,2382 2143,2376 2233,2376 2322,2376 2412,2370"/>
                <TextEquiv>
                    <Unicode>die Schmerzen liessen nach, die Granulationen der Fistelöffnungen</Unicode>
                </TextEquiv>
            </TextLine>
            <TextLine id="tr_1_tl_55" custom="readingOrder {index:54;}">
                <Coords points="2464,2497 4124,2474 4298,2398 2464,2441"/>
                <Baseline points="2489,2484 2519,2484 2609,2484 2698,2484 2788,2484 2878,2478 2967,2472 3057,2472 3146,2472 3236,2466 3325,2466 3415,2460 3505,2460 3594,2460 3684,2460 3773,2448 3863,2442 3952,2442 4042,2442 4132,2442 4221,2436 4311,2430"/>
                <TextEquiv>
                    <Unicode>und bekommen wohl bestenfalls nur eine neue Schablone?</Unicode>
                </TextEquiv>
            </TextLine>
            <TextLine id="tr_1_tl_56" custom="readingOrder {index:55;}">
                <Coords points="531,2474 1683,2478 1683,2412 531,2431"/>
                <Baseline points="555,2460 644,2466 734,2460 824,2460 913,2460 1003,2460 1092,2460 1182,2460 1271,2460 1361,2460 1450,2454 1540,2454 1630,2454 1695,2460"/>
                <TextEquiv>
                    <Unicode>zeigten ein frischeres, reineres Aussehen</Unicode>
                </TextEquiv>
            </TextLine>
            <TextLine id="tr_1_tl_57" custom="readingOrder {index:56;}">
                <Coords points="696,2539 2243,2544 2394,2530 2394,2431 696,2483"/>
                <Baseline points="722,2531 794,2531 883,2531 973,2531 1062,2531 1152,2525 1242,2525 1331,2525 1421,2525 1510,2519 1600,2519 1689,2525 1779,2519 1868,2519 1958,2519 2048,2519 2137,2513 2227,2513 2316,2513 2406,2507"/>
                <TextEquiv>
                    <Unicode>In einem Falle von multipler Ostitis kam es zu einer förm¬</Unicode>
                </TextEquiv>
            </TextLine>
            <TextLine id="tr_1_tl_58" custom="readingOrder {index:57;}">
                <Coords points="2464,2582 4284,2535 4322,2445 2469,2506"/>
                <Baseline points="2489,2555 2543,2555 2633,2555 2722,2555 2812,2549 2901,2543 2991,2543 3081,2543 3170,2537 3260,2537 3349,2531 3439,2531 3528,2531 3618,2525 3708,2519 3797,2519 3887,2519 3976,2513 4066,2513 4155,2507 4245,2507 4335,2507"/>
                <TextEquiv>
                    <Unicode>Dies ist nun einmal der Weg, den wir gehen. Das letzte Bestreben</Unicode>
                </TextEquiv>
            </TextLine>
            <TextLine id="tr_1_tl_59" custom="readingOrder {index:58;}">
                <Coords points="2464,2648 4322,2605 4322,2525 2469,2582"/>
                <Baseline points="2489,2627 2543,2627 2633,2621 2722,2621 2812,2615 2901,2615 2991,2615 3081,2609 3170,2609 3260,2609 3349,2603 3439,2603 3528,2597 3618,2591 3708,2591 3797,2591 3887,2585 3976,2579 4066,2573 4155,2579 4245,2579 4335,2573"/>
                <TextEquiv>
                    <Unicode>die Wahrheit zu finden, müssen wir für eine Zeit als die Wahrhei</Unicode>
                </TextEquiv>
            </TextLine>
            <TextLine id="tr_1_tl_60" custom="readingOrder {index:59;}">
                <Coords points="536,2619 2229,2619 2403,2600 2408,2525 541,2544"/>
                <Baseline points="561,2597 626,2603 716,2603 806,2597 895,2603 985,2597 1074,2597 1164,2597 1253,2597 1343,2591 1433,2591 1522,2591 1612,2597 1701,2591 1791,2591 1880,2591 1970,2591 2060,2585 2149,2585 2239,2579 2328,2579 2418,2579"/>
                <TextEquiv>
                    <Unicode>lichen Sequestration der käsigen Massen, die nach Incision der Herde</Unicode>
                </TextEquiv>
            </TextLine>
            <TextLine id="tr_1_tl_61" custom="readingOrder {index:60;}">
                <Coords points="541,2690 2398,2680 2403,2600 541,2619"/>
                <Baseline points="567,2675 621,2675 710,2675 800,2669 889,2669 979,2663 1068,2663 1158,2663 1247,2663 1337,2663 1427,2663 1516,2663 1606,2663 1695,2663 1785,2663 1874,2657 1964,2657 2054,2657 2143,2657 2233,2651 2322,2651 2412,2645"/>
                <TextEquiv>
                    <Unicode>in toto herausfielen, worauf rapide Abschwellung der Theile folgte</Unicode>
                </TextEquiv>
            </TextLine>
            <TextLine id="tr_1_tl_62" custom="readingOrder {index:61;}">
                <Coords points="2450,2704 4331,2676 4331,2610 2450,2662"/>
                <Baseline points="2478,2693 2549,2693 2639,2693 2728,2693 2818,2687 2907,2687 2997,2681 3087,2675 3176,2681 3266,2675 3355,2669 3445,2669 3534,2669 3624,2663 3714,2663 3803,2657 3893,2657 3982,2651 4072,2651 4161,2651 4251,2645 4341,2645"/>
                <TextEquiv>
                    <Unicode>selbst gelten lassen. So ist ja wohl auch kein Zweifel, dass in einer</Unicode>
                </TextEquiv>
            </TextLine>
            <TextLine id="tr_1_tl_63" custom="readingOrder {index:62;}">
                <Coords points="696,2742 2135,2765 2398,2737 2403,2676 696,2695"/>
                <Baseline points="722,2740 800,2740 889,2740 979,2740 1068,2734 1158,2734 1247,2734 1337,2734 1427,2734 1516,2734 1606,2734 1695,2728 1785,2728 1874,2728 1964,2722 2054,2722 2143,2722 2233,2722 2322,2716 2412,2710"/>
                <TextEquiv>
                    <Unicode>Bis jetzt sicher konstatirte, ganz deutliche Besserungen zeigter</Unicode>
                </TextEquiv>
            </TextLine>
            <TextLine id="tr_1_tl_64" custom="readingOrder {index:63;}">
                <Coords points="2464,2779 4317,2742 4322,2666 2464,2718"/>
                <Baseline points="2489,2770 2543,2764 2633,2758 2722,2758 2812,2758 2901,2752 2991,2746 3081,2746 3170,2746 3260,2746 3349,2740 3439,2734 3528,2734 3618,2734 3708,2734 3797,2728 3887,2722 3976,2722 4066,2722 4155,2716 4245,2710 4335,2710"/>
                <TextEquiv>
                    <Unicode>späteren Zeit auch LOMBROSO überholt werden wird. Er hat viel zu</Unicode>
                </TextEquiv>
            </TextLine>
            <TextLine id="tr_1_tl_65" custom="readingOrder {index:64;}">
                <Coords points="2474,2864 4199,2822 4336,2812 4336,2737 2478,2779"/>
                <Baseline points="2501,2824 2555,2830 2645,2830 2734,2830 2824,2824 2913,2818 3003,2818 3093,2818 3182,2812 3272,2812 3361,2812 3451,2806 3540,2806 3630,2800 3720,2800 3809,2794 3899,2794 3988,2794 4078,2788 4167,2788 4257,2782 4347,2776"/>
                <TextEquiv>
                    <Unicode>Pychologie des Genies beigetragen; erklärt hat er es uns nicht. Man</Unicode>
                </TextEquiv>
            </TextLine>
            <TextLine id="tr_1_tl_66" custom="readingOrder {index:65;}">
                <Coords points="550,2831 2417,2817 2370,2737 555,2751"/>
                <Baseline points="579,2806 638,2806 728,2806 818,2806 907,2806 997,2806 1086,2806 1176,2806 1265,2800 1355,2800 1445,2806 1534,2800 1624,2800 1713,2800 1803,2794 1892,2794 1982,2794 2072,2794 2161,2794 2251,2794 2340,2788 2430,2782"/>
                <TextEquiv>
                    <Unicode>vier Fälle von Coxitis; diese Kinder, welche bei der Aufnahme</Unicode>
                </TextEquiv>
            </TextLine>
            <TextLine id="tr_1_tl_67" custom="readingOrder {index:66;}">
                <Coords points="541,2897 2196,2892 2417,2873 2422,2812 541,2845"/>
                <Baseline points="567,2878 632,2878 722,2878 812,2878 901,2878 991,2878 1080,2878 1170,2872 1259,2872 1349,2872 1439,2872 1528,2872 1618,2872 1707,2866 1797,2866 1886,2866 1976,2866 2066,2866 2155,2860 2245,2854 2334,2854 2424,2848"/>
                <TextEquiv>
                    <Unicode>nicht gehen und stehen konnten, können jetzt nach Ablauf von</Unicode>
                </TextEquiv>
            </TextLine>
            <TextLine id="tr_1_tl_68" custom="readingOrder {index:67;}">
                <Coords points="2464,2916 4058,2864 4162,2911 4345,2883 4350,2812 2464,2864"/>
                <Baseline points="2489,2896 2567,2901 2657,2901 2746,2896 2836,2890 2925,2890 3015,2884 3105,2884 3194,2884 3284,2884 3373,2878 3463,2878 3552,2872 3642,2872 3731,2866 3821,2866 3911,2860 4000,2860 4090,2860 4179,2860 4269,2854 4358,2854"/>
                <TextEquiv>
                    <Unicode>merkt auch wohl, wo die Lücken sind, wenn man die paar</Unicode>
                </TextEquiv>
            </TextLine>
            <TextLine id="tr_1_tl_69" custom="readingOrder {index:68;}">
                <Coords points="560,2991 2417,2939 2417,2873 2102,2864 564,2906"/>
                <Baseline points="585,2955 638,2949 728,2943 818,2949 907,2949 997,2949 1086,2943 1176,2937 1265,2943 1355,2943 1445,2937 1534,2937 1624,2937 1713,2937 1803,2937 1892,2931 1982,2931 2072,2931 2161,2931 2251,2925 2340,2925 2430,2925"/>
                <TextEquiv>
                    <Unicode>vierzehn Tagen! schmerzlos stehen, zwei von ihnen gehen</Unicode>
                </TextEquiv>
            </TextLine>
            <TextLine id="tr_1_tl_70" custom="readingOrder {index:69;}">
                <Coords points="2469,2995 4312,2953 4350,2883 2469,2920"/>
                <Baseline points="2495,2967 2561,2967 2651,2967 2740,2961 2830,2961 2919,2961 3009,2955 3099,2949 3188,2949 3278,2949 3367,2949 3457,2949 3546,2937 3636,2937 3726,2937 3815,2937 3905,2931 3994,2931 4084,2925 4173,2925 4263,2925 4352,2925"/>
                <TextEquiv>
                    <Unicode>Worte, mit denen wir diese Zeilen eingeleitet haben, näher</Unicode>
                </TextEquiv>
            </TextLine>
            <TextLine id="tr_1_tl_71" custom="readingOrder {index:70;}">
                <Coords points="2464,3057 4265,3024 4340,3019 4340,2948 2464,2986"/>
                <Baseline points="2489,3039 2561,3039 2651,3033 2740,3033 2830,3033 2919,3027 3009,3027 3099,3021 3188,3021 3278,3021 3367,3015 3457,3015 3546,3015 3636,3009 3726,3009 3815,3003 3905,2997 3994,2997 4084,2997 4173,2997 4263,2991 4352,2991"/>
                <TextEquiv>
                    <Unicode>besieht. «Die besonderen Kennzeichen, welche das Genie von anderen</Unicode>
                </TextEquiv>
            </TextLine>
            <TextLine id="tr_1_tl_72" custom="readingOrder {index:71;}">
                <Coords points="545,3038 2412,3019 2361,2939 545,2948"/>
                <Baseline points="573,3015 632,3021 722,3021 812,3021 901,3015 991,3015 1080,3015 1170,3015 1259,3009 1349,3009 1439,3009 1528,3009 1618,3009 1707,3009 1797,3009 1886,3009 1976,3003 2066,3003 2155,3003 2245,2997 2334,2997 2424,2997"/>
                <TextEquiv>
                    <Unicode>sogar mit vergnügter Miene umher. Die Hüften sind ganz auffallend</Unicode>
                </TextEquiv>
            </TextLine>
            <TextLine id="tr_1_tl_73" custom="readingOrder {index:72;}">
                <Coords points="2464,3151 4298,3094 4246,3010 2469,3057"/>
                <Baseline points="2495,3116 2513,3110 2603,3105 2693,3099 2782,3105 2872,3099 2961,3093 3051,3087 3140,3087 3230,3087 3319,3081 3409,3081 3499,3081 3588,3081 3678,3081 3767,3075 3857,3063 3946,3063 4036,3069 4126,3069 4215,3069 4305,3081"/>
                <TextEquiv>
                    <Unicode>Degenerationspsychosen unterschiedet</Unicode>
                </TextEquiv>
            </TextLine>
            <TextLine id="tr_1_tl_74" custom="readingOrder {index:73;}">
                <Coords points="541,3099 1622,3118 1829,3090 1829,3028 541,3057"/>
                <Baseline points="567,3087 585,3087 674,3093 764,3081 853,3087 943,3087 1033,3081 1122,3081 1212,3081 1301,3081 1391,3081 1480,3081 1570,3081 1659,3075 1749,3081 1839,3075"/>
                <TextEquiv>
                    <Unicode>abgeschwollen und freier beweglich geworden.</Unicode>
                </TextEquiv>
            </TextLine>
            <TextLine id="tr_1_tl_75" custom="readingOrder {index:74;}">
                <Coords points="719,3165 2431,3160 2431,3033 1970,3024 1627,3118 719,3104"/>
                <Baseline points="746,3146 824,3152 913,3152 1003,3146 1092,3152 1182,3146 1271,3146 1361,3146 1450,3146 1540,3146 1630,3146 1719,3146 1809,3140 1898,3140 1988,3140 2077,3134 2167,3134 2257,3134 2346,3134 2436,3122"/>
                <TextEquiv>
                    <Unicode>Ein Fall von Wirbe###ries. der nur so stehen konnte, da«¬</Unicode>
                </TextEquiv>
            </TextLine>
            <TextLine id="tr_1_tl_76" custom="readingOrder {index:75;}">
                <Coords points="2464,3198 4039,3193 4345,3165 4345,3066 2464,3151"/>
                <Baseline points="2489,3182 2567,3182 2657,3176 2746,3176 2836,3170 2925,3170 3015,3170 3105,3164 3194,3164 3284,3164 3373,3164 3463,3158 3552,3152 3642,3152 3731,3152 3821,3152 3911,3152 4000,3146 4090,3146 4179,3146 4269,3146 4358,3140"/>
                <TextEquiv>
                    <Unicode>In diesen Worten steckt das Buch, welches vorläufig noch nicht</Unicode>
                </TextEquiv>
            </TextLine>
            <TextLine id="tr_1_tl_77" custom="readingOrder {index:76;}">
                <Coords points="193,3174 216,3174 240,3155 263,3174 287,3169 306,3184 339,3188 362,3202 376,3188 400,3184 395,3118 367,3122 310,3075 263,3090 254,3085 249,3094 230,3080 188,3085"/>
                <Baseline points="220,3164 310,3170 400,3170 406,3170"/>
                <TextEquiv>
                    <Unicode>e</Unicode>
                </TextEquiv>
            </TextLine>
            <TextLine id="tr_1_tl_78" custom="readingOrder {index:77;}">
                <Coords points="560,3240 2375,3231 2412,3146 560,3174"/>
                <Baseline points="585,3224 632,3224 722,3218 812,3224 901,3224 991,3218 1080,3218 1170,3218 1259,3218 1349,3218 1439,3212 1528,3212 1618,3212 1707,3212 1797,3212 1886,3212 1976,3212 2066,3212 2155,3206 2245,3206 2334,3206 2424,3200"/>
                <TextEquiv>
                    <Unicode>er beide Hände auf die paretischen Oberschenkel stützte, geht nach</Unicode>
                </TextEquiv>
            </TextLine>
            <TextLine id="tr_1_tl_79" custom="readingOrder {index:78;}">
                <Coords points="2488,3282 4256,3249 4340,3240 4345,3165 2488,3207"/>
                <Baseline points="2513,3254 2561,3254 2651,3248 2740,3248 2830,3242 2919,3242 3009,3236 3099,3236 3188,3236 3278,3236 3367,3230 3457,3230 3546,3230 3636,3224 3726,3224 3815,3224 3905,3218 3994,3218 4084,3212 4173,3212 4263,3212 4352,3212"/>
                <TextEquiv>
                    <Unicode>geschrieben ist. Diese besonderen Kennzeichen sind angegeben,</Unicode>
                </TextEquiv>
            </TextLine>
            <TextLine id="tr_1_tl_80" custom="readingOrder {index:79;}">
                <Coords points="560,3315 2417,3306 2417,3221 560,3245"/>
                <Baseline points="585,3296 638,3296 728,3290 818,3296 907,3290 997,3290 1086,3290 1176,3284 1265,3290 1355,3284 1445,3284 1534,3284 1624,3284 1713,3284 1803,3284 1892,3278 1982,3278 2072,3266 2161,3278 2251,3278 2340,3272 2430,3266"/>
                <TextEquiv>
                    <Unicode>achttägiger! Behandlung (drei Injektionen von ¼ Milligramm)</Unicode>
                </TextEquiv>
            </TextLine>
            <TextLine id="tr_1_tl_81" custom="readingOrder {index:80;}">
                <Coords points="2474,3353 4340,3311 4340,3240 2478,3282"/>
                <Baseline points="2501,3325 2561,3319 2651,3319 2740,3314 2830,3314 2919,3308 3009,3308 3099,3308 3188,3302 3278,3302 3367,3302 3457,3296 3546,3296 3636,3296 3726,3296 3815,3290 3905,3290 3994,3284 4084,3284 4173,3284 4263,3284 4352,3278"/>
                <TextEquiv>
                    <Unicode>gedeutet, in Beziehungen gebracht worden; erklärt worden sind sie</Unicode>
                </TextEquiv>
            </TextLine>
            <TextLine id="tr_1_tl_82" custom="readingOrder {index:81;}">
                <Coords points="560,3376 2196,3381 2412,3367 2412,3292 560,3311"/>
                <Baseline points="585,3361 632,3361 722,3355 812,3355 901,3361 991,3355 1080,3355 1170,3355 1259,3355 1349,3355 1439,3355 1528,3355 1618,3349 1707,3349 1797,3355 1886,3349 1976,3343 2066,3349 2155,3343 2245,3343 2334,3343 2424,3337"/>
                <TextEquiv>
                    <Unicode>ohne Unterstützung umher. In einzelnen Fällen wurden</Unicode>
                </TextEquiv>
            </TextLine>
            <TextLine id="tr_1_tl_83" custom="readingOrder {index:82;}">
                <Coords points="2474,3405 4298,3381 4336,3306 2474,3348"/>
                <Baseline points="2501,3391 2555,3391 2645,3391 2734,3385 2824,3379 2913,3379 3003,3379 3093,3379 3182,3379 3272,3373 3361,3367 3451,3367 3540,3367 3630,3367 3720,3361 3809,3355 3899,3355 3988,3355 4078,3355 4167,3349 4257,3349 4347,3343"/>
                <TextEquiv>
                    <Unicode>noch nicht. Es ist schön, aber beinahe wohlfeil, Erscheinungen der</Unicode>
                </TextEquiv>
            </TextLine>
            <TextLine id="tr_1_tl_84" custom="readingOrder {index:83;}">
                <Coords points="560,3447 2351,3442 2412,3438 2412,3372 560,3376"/>
                <Baseline points="585,3433 626,3433 716,3427 806,3427 895,3427 985,3427 1074,3427 1164,3427 1253,3427 1343,3421 1433,3421 1522,3421 1612,3421 1701,3421 1791,3421 1880,3415 1970,3421 2060,3421 2149,3415 2239,3415 2328,3415 2418,3409"/>
                <TextEquiv>
                    <Unicode>kumulative und Spätwirkungen wahrgenommen. Man muss daher</Unicode>
                </TextEquiv>
            </TextLine>
            <TextLine id="tr_1_tl_85" custom="readingOrder {index:84;}">
                <Coords points="2474,3475 4199,3456 4336,3438 4336,3376 2474,3409"/>
                <Baseline points="2501,3457 2555,3457 2645,3457 2734,3451 2824,3451 2913,3451 3003,3445 3093,3445 3182,3445 3272,3439 3361,3439 3451,3439 3540,3439 3630,3433 3720,3433 3809,3427 3899,3427 3988,3427 4078,3421 4167,3421 4257,3421 4347,3415"/>
                <TextEquiv>
                    <Unicode>Manie und solche der lnspiration künstlerisch in Vergleich zu</Unicode>
                </TextEquiv>
            </TextLine>
            <TextLine id="tr_1_tl_86" custom="readingOrder {index:85;}">
                <Coords points="560,3517 1994,3517 2412,3499 2412,3438 560,3447"/>
                <Baseline points="585,3505 626,3505 716,3499 806,3499 895,3493 985,3499 1074,3499 1164,3493 1253,3493 1343,3493 1433,3493 1522,3493 1612,3493 1701,3487 1791,3487 1880,3487 1970,3487 2060,3487 2149,3487 2239,3487 2328,3481 2418,3475"/>
                <TextEquiv>
                    <Unicode>in grösseren Pausen injiziren. Ein definitives Urtheil muss</Unicode>
                </TextEquiv>
            </TextLine>
            <TextLine id="tr_1_tl_87" custom="readingOrder {index:86;}">
                <Coords points="2469,3541 4303,3522 4331,3438 2469,3470"/>
                <Baseline points="2495,3528 2549,3528 2639,3522 2728,3522 2818,3522 2907,3517 2997,3517 3087,3517 3176,3511 3266,3511 3355,3511 3445,3505 3534,3499 3624,3505 3714,3499 3803,3499 3893,3499 3982,3499 4072,3493 4161,3493 4251,3487 4341,3487"/>
                <TextEquiv>
                    <Unicode>bringen und ihr Verwandtes aufzudecken — man lehre uns doch</Unicode>
                </TextEquiv>
            </TextLine>
            <TextLine id="tr_1_tl_88" custom="readingOrder {index:87;}">
                <Coords points="555,3583 2126,3593 2417,3569 2417,3499 555,3522"/>
                <Baseline points="579,3564 638,3570 728,3570 818,3570 907,3564 997,3564 1086,3564 1176,3564 1265,3564 1355,3564 1445,3564 1534,3564 1624,3558 1713,3558 1803,3558 1892,3558 1982,3558 2072,3558 2161,3552 2251,3552 2340,3552 2430,3540"/>
                <TextEquiv>
                    <Unicode>für spätere Zeit vorbehalten bleiben, da die Behandlung der Fälle</Unicode>
                </TextEquiv>
            </TextLine>
            <TextLine id="tr_1_tl_89" custom="readingOrder {index:88;}">
                <Coords points="2464,3621 4340,3588 4340,3508 2464,3546"/>
                <Baseline points="2489,3594 2555,3600 2645,3594 2734,3594 2824,3594 2913,3588 3003,3582 3093,3582 3182,3582 3272,3582 3361,3576 3451,3576 3540,3570 3630,3570 3720,3570 3809,3570 3899,3564 3988,3564 4078,3558 4167,3558 4257,3558 4347,3552"/>
                <TextEquiv>
                    <Unicode>das Geheimnis ihrer Verschiedenheit erkennen. Und die entfesselten</Unicode>
                </TextEquiv>
            </TextLine>
            <TextLine id="tr_1_tl_90" custom="readingOrder {index:89;}">
                <Coords points="555,3659 2417,3649 2417,3564 2271,3555 560,3588"/>
                <Baseline points="585,3642 638,3636 728,3636 818,3636 907,3636 997,3630 1086,3630 1176,3636 1265,3636 1355,3630 1445,3630 1534,3630 1624,3630 1713,3630 1803,3630 1892,3630 1982,3630 2072,3630 2161,3618 2251,3624 2340,3624 2430,3612"/>
                <TextEquiv>
                    <Unicode>noch nicht abgeschlossen ist, indem deutliche Reaktionen noch nach</Unicode>
                </TextEquiv>
            </TextLine>
            <TextLine id="tr_1_tl_91" custom="readingOrder {index:90;}">
                <Coords points="2464,3687 4331,3654 4331,3579 2464,3616"/>
                <Baseline points="2489,3666 2549,3666 2639,3666 2728,3660 2818,3660 2907,3660 2997,3654 3087,3654 3176,3654 3266,3654 3355,3648 3445,3642 3534,3642 3624,3642 3714,3636 3803,3636 3893,3636 3982,3636 4072,3630 4161,3630 4251,3624 4341,3624"/>
                <TextEquiv>
                    <Unicode>Associationen (in der Ideenwelt), die wir ebensowohl als eines der</Unicode>
                </TextEquiv>
            </TextLine>
            <TextLine id="tr_1_tl_92" custom="readingOrder {index:91;}">
                <Coords points="2121,3720 2149,3715 2182,3729 2229,3715 2257,3729 2300,3720 2356,3724 2356,3635 2304,3635 2262,3654 2191,3635 2121,3635"/>
                <Baseline points="2149,3696 2191,3690 2280,3690 2370,3690"/>
                <TextEquiv>
                    <Unicode>Dr. G.</Unicode>
                </TextEquiv>
            </TextLine>
            <TextLine id="tr_1_tl_93" custom="readingOrder {index:92;}">
                <Coords points="2464,3757 4265,3720 4322,3649 2464,3687"/>
                <Baseline points="2489,3731 2543,3737 2633,3731 2722,3731 2812,3731 2901,3726 2991,3726 3081,3726 3170,3726 3260,3720 3349,3714 3439,3714 3528,3714 3618,3708 3708,3708 3797,3708 3887,3702 3976,3702 4066,3702 4155,3702 4245,3696 4335,3690"/>
                <TextEquiv>
                    <Unicode>hauptsächlichsten Kriterien des Verrückten während seiner Gedanken</Unicode>
                </TextEquiv>
            </TextLine>
            <TextLine id="tr_1_tl_94" custom="readingOrder {index:93;}">
                <Coords points="555,3720 710,3743 1528,3724 1528,3659 1448,3644 1265,3673 555,3659"/>
                <Baseline points="579,3708 644,3708 734,3708 824,3708 913,3708 1003,3708 1092,3708 1182,3702 1271,3708 1361,3702 1450,3702 1540,3702"/>
                <TextEquiv>
                    <Unicode>den jüngsten Injektionen auftraten.</Unicode>
                </TextEquiv>
            </TextLine>
            <TextLine id="tr_1_tl_95" custom="readingOrder {index:94;}">
                <Coords points="2464,3823 4307,3790 4345,3715 2464,3762"/>
                <Baseline points="2489,3803 2561,3803 2651,3803 2740,3803 2830,3797 2919,3797 3009,3797 3099,3791 3188,3791 3278,3785 3367,3785 3457,3785 3546,3779 3636,3779 3726,3773 3815,3773 3905,3773 3994,3773 4084,3767 4173,3767 4263,3767 4352,3761"/>
                <TextEquiv>
                    <Unicode>flucht, als des Künstlers während seines begeisterten Schaffens</Unicode>
                </TextEquiv>
            </TextLine>
            <TextLine id="tr_1_tl_96" custom="readingOrder {index:95;}">
                <Coords points="2483,3894 4190,3875 4336,3865 4340,3790 2488,3828"/>
                <Baseline points="2507,3869 2555,3875 2645,3875 2734,3869 2824,3869 2913,3869 3003,3863 3093,3863 3182,3863 3272,3857 3361,3857 3451,3851 3540,3851 3630,3845 3720,3845 3809,3845 3899,3845 3988,3839 4078,3839 4167,3833 4257,3833 4347,3827"/>
                <TextEquiv>
                    <Unicode>annehmen dürfen, was bringt sie denn in eine so mannigfaltige</Unicode>
                </TextEquiv>
            </TextLine>
            <TextLine id="tr_1_tl_97" custom="readingOrder {index:96;}">
                <Coords points="555,3922 2069,3903 2187,3955 2431,3927 2431,3809 555,3847"/>
                <Baseline points="579,3905 644,3905 734,3905 824,3899 913,3899 1003,3905 1092,3899 1182,3899 1271,3905 1361,3899 1450,3899 1540,3899 1630,3899 1719,3899 1809,3899 1898,3893 1988,3893 2077,3893 2167,3893 2257,3893 2346,3887 2436,3881"/>
                <TextEquiv>
                    <Unicode>Kritische Besprechungen und literarische Anzeigen.</Unicode>
                </TextEquiv>
            </TextLine>
            <TextLine id="tr_1_tl_98" custom="readingOrder {index:97;}">
                <Coords points="2474,3960 3762,3964 4336,3922 4336,3861 2474,3894"/>
                <Baseline points="2501,3940 2555,3940 2645,3940 2734,3940 2824,3940 2913,3935 3003,3929 3093,3929 3182,3929 3272,3929 3361,3929 3451,3917 3540,3917 3630,3917 3720,3917 3809,3917 3899,3911 3988,3905 4078,3905 4167,3911 4257,3905 4347,3899"/>
                <TextEquiv>
                    <Unicode>Erscheinung, dass wir das eine Mal den baren Wahnsinn, das</Unicode>
                </TextEquiv>
            </TextLine>
            <TextLine id="tr_1_tl_99" custom="readingOrder {index:98;}">
                <Coords points="2474,4035 4336,3992 4336,3931 4246,3912 2478,3960"/>
                <Baseline points="2501,4012 2555,4012 2645,4012 2734,4012 2824,4006 2913,4006 3003,4000 3093,4000 3182,3994 3272,3994 3361,3994 3451,3988 3540,3982 3630,3988 3720,3982 3809,3982 3899,3976 3988,3976 4078,3976 4167,3976 4257,3976 4347,3970"/>
                <TextEquiv>
                    <Unicode>andere Mal das gewaltige Werk des Genius vor uns zu haben</Unicode>
                </TextEquiv>
            </TextLine>
        </TextRegion>
        <TextRegion id="tr_2" custom="readingOrder {index:1;}">
            <Coords points="591,3992 4358,3992 4358,5569 591,5569"/>
            <TextLine id="tr_2_tl_1" custom="readingOrder {index:0;}">
                <Coords points="2464,4119 4275,4068 4326,3992 2464,4054"/>
                <Baseline points="2489,4090 2543,4084 2633,4078 2722,4078 2812,4078 2901,4072 2991,4072 3081,4072 3170,4072 3260,4066 3349,4060 3439,4060 3528,4060 3618,4054 3708,4054 3797,4054 3887,4048 3976,4048 4066,4048 4155,4042 4245,4042 4335,4042"/>
                <TextEquiv>
                    <Unicode>glauben? Vor vielen Hunderten von Jahren hat man manche Wahn</Unicode>
                </TextEquiv>
            </TextLine>
            <TextLine id="tr_2_tl_2" custom="readingOrder {index:1;}">
                <Coords points="917,4115 2064,4115 2064,4011 1919,4039 1702,3997 1336,4039 917,4021"/>
                <Baseline points="943,4090 1003,4096 1092,4096 1182,4096 1271,4096 1361,4096 1450,4090 1540,4090 1630,4084 1719,4090 1809,4084 1898,4084 1988,4084 2077,4084"/>
                <TextEquiv>
                    <Unicode>Der geniale Mensch.</Unicode>
                </TextEquiv>
            </TextLine>
            <TextLine id="tr_2_tl_3" custom="readingOrder {index:2;}">
                <Coords points="2474,4171 4336,4138 4336,4068 2474,4110"/>
                <Baseline points="2501,4149 2555,4149 2645,4144 2734,4149 2824,4144 2913,4144 3003,4144 3093,4138 3182,4138 3272,4138 3361,4132 3451,4132 3540,4132 3630,4126 3720,4120 3809,4120 3899,4114 3988,4114 4078,4114 4167,4114 4257,4114 4347,4114"/>
                <TextEquiv>
                    <Unicode>sinnige bewundert, angebetet, als Propheten und Götter verehrt</Unicode>
                </TextEquiv>
            </TextLine>
            <TextLine id="tr_2_tl_4" custom="readingOrder {index:3;}">
                <Coords points="2474,4223 3720,4251 4293,4209 4345,4124 2474,4166"/>
                <Baseline points="2501,4209 2561,4215 2651,4215 2740,4215 2830,4215 2919,4215 3009,4209 3099,4209 3188,4203 3278,4203 3367,4203 3457,4203 3546,4197 3636,4197 3726,4191 3815,4191 3905,4185 3994,4185 4084,4185 4173,4185 4263,4185 4352,4179"/>
                <TextEquiv>
                    <Unicode>auch das Gegentheil ist unzählige Male geschehen, und die genialen</Unicode>
                </TextEquiv>
            </TextLine>
            <TextLine id="tr_2_tl_5" custom="readingOrder {index:4;}">
                <Coords points="2464,4317 4331,4279 4331,4199 2464,4242"/>
                <Baseline points="2489,4287 2549,4287 2639,4287 2728,4287 2818,4281 2907,4287 2997,4281 3087,4281 3176,4275 3266,4275 3355,4275 3445,4269 3534,4263 3624,4263 3714,4263 3803,4263 3893,4257 3982,4257 4072,4257 4161,4251 4251,4251 4341,4245"/>
                <TextEquiv>
                    <Unicode>Menschen wurden für verrückt angesehen. Nun denke man sich</Unicode>
                </TextEquiv>
            </TextLine>
            <TextLine id="tr_2_tl_6" custom="readingOrder {index:5;}">
                <Coords points="1152,4270 1354,4289 1439,4265 1481,4289 1651,4298 1669,4279 1820,4279 1820,4195 1293,4209 1227,4190 1152,4209"/>
                <Baseline points="1176,4263 1206,4257 1295,4263 1385,4257 1474,4263 1564,4263 1654,4263 1743,4263 1833,4257"/>
                <TextEquiv>
                    <Unicode>Cesare Lombroso,</Unicode>
                </TextEquiv>
            </TextLine>
            <TextLine id="tr_2_tl_7" custom="readingOrder {index:6;}">
                <Coords points="2474,4364 4044,4369 4331,4340 4336,4275 2474,4307"/>
                <Baseline points="2501,4352 2555,4352 2645,4358 2734,4352 2824,4358 2913,4358 3003,4352 3093,4347 3182,4347 3272,4347 3361,4341 3451,4341 3540,4341 3630,4335 3720,4329 3809,4329 3899,4329 3988,4329 4078,4323 4167,4317 4257,4317 4347,4323"/>
                <TextEquiv>
                    <Unicode>— soweit dies möglich, um viele Jahrtausende voraus, wie wird</Unicode>
                </TextEquiv>
            </TextLine>
            <TextLine id="tr_2_tl_8" custom="readingOrder {index:7;}">
                <Coords points="955,4350 2022,4355 2022,4275 1176,4293 1110,4256 955,4284"/>
                <Baseline points="979,4335 1050,4329 1140,4323 1230,4329 1319,4323 1409,4323 1498,4323 1588,4323 1677,4323 1767,4323 1857,4323 1946,4323 2036,4323"/>
                <TextEquiv>
                    <Unicode>Professor der Psychiatrie an der Universität Turin</Unicode>
                </TextEquiv>
            </TextLine>
            <TextLine id="tr_2_tl_9" custom="readingOrder {index:8;}">
                <Coords points="611,4425 2295,4430 2370,4406 2370,4326 611,4359"/>
                <Baseline points="638,4400 674,4412 764,4412 853,4406 943,4406 1033,4406 1122,4406 1212,4406 1301,4406 1391,4406 1480,4406 1570,4400 1659,4400 1749,4400 1839,4400 1928,4394 2018,4394 2107,4394 2197,4394 2286,4394 2376,4394"/>
                <TextEquiv>
                    <Unicode>Autorisirte Uebersetzung von Dr. M. O. Fraenkel.</Unicode>
                </TextEquiv>
            </TextLine>
            <TextLine id="tr_2_tl_10" custom="readingOrder {index:9;}">
                <Coords points="2464,4444 4345,4411 4331,4340 4101,4331 2469,4373"/>
                <Baseline points="2489,4424 2561,4430 2651,4424 2740,4430 2830,4424 2919,4424 3009,4418 3099,4418 3188,4412 3278,4412 3367,4412 3457,4406 3546,4406 3636,4406 3726,4406 3815,4400 3905,4394 3994,4394 4084,4394 4173,4394 4263,4394 4352,4394"/>
                <TextEquiv>
                    <Unicode>einem Gelehrten dieser fernen Zeit unser Jahrhundert zusammen</Unicode>
                </TextEquiv>
            </TextLine>
            <TextLine id="tr_2_tl_11" custom="readingOrder {index:10;}">
                <Coords points="2483,4514 4021,4505 4336,4477 4340,4406 2483,4449"/>
                <Baseline points="2507,4496 2555,4496 2645,4490 2734,4490 2824,4490 2913,4496 3003,4490 3093,4490 3182,4484 3272,4484 3361,4478 3451,4478 3540,4478 3630,4472 3720,4472 3809,4466 3899,4466 3988,4466 4078,4466 4167,4466 4257,4460 4347,4460"/>
                <TextEquiv>
                    <Unicode>mit den früherverflossenen erscheinen? Als ein Zeitalter</Unicode>
                </TextEquiv>
            </TextLine>
            <TextLine id="tr_2_tl_12" custom="readingOrder {index:11;}">
                <Coords points="710,4505 2191,4529 2309,4500 2309,4416 710,4430"/>
                <Baseline points="734,4490 800,4496 889,4496 979,4496 1068,4490 1158,4490 1247,4490 1337,4490 1427,4484 1516,4490 1606,4490 1695,4484 1785,4484 1874,4478 1964,4484 2054,4478 2143,4478 2233,4478 2322,4478"/>
                <TextEquiv>
                    <Unicode>Verlagsanstalt und Druckerei-Aktiengesellschaft Hamburg 1890.</Unicode>
                </TextEquiv>
            </TextLine>
            <TextLine id="tr_2_tl_13" custom="readingOrder {index:12;}">
                <Coords points="2474,4599 4251,4561 4331,4547 4336,4481 2474,4524"/>
                <Baseline points="2501,4561 2549,4567 2639,4561 2728,4561 2818,4561 2907,4561 2997,4561 3087,4561 3176,4556 3266,4550 3355,4550 3445,4550 3534,4544 3624,4538 3714,4538 3803,4538 3893,4538 3982,4538 4072,4532 4161,4532 4251,4526 4341,4526"/>
                <TextEquiv>
                    <Unicode>enormer Unklarheit in der Auffassung von Wahnsinn und Genie</Unicode>
                </TextEquiv>
            </TextLine>
            <TextLine id="tr_2_tl_14" custom="readingOrder {index:13;}">
                <Coords points="752,4604 2408,4599 2412,4510 757,4533"/>
                <Baseline points="776,4585 812,4585 901,4585 991,4585 1080,4579 1170,4579 1259,4579 1349,4579 1439,4573 1528,4573 1618,4573 1707,4573 1797,4567 1886,4573 1976,4567 2066,4567 2155,4567 2245,4567 2334,4567 2424,4567"/>
                <TextEquiv>
                    <Unicode>«Genie ist eine wirkliche Degenerationspsychose aus der Gruppe</Unicode>
                </TextEquiv>
            </TextLine>
            <TextLine id="tr_2_tl_15" custom="readingOrder {index:14;}">
                <Coords points="2511,4651 4129,4632 4340,4618 4345,4552 2511,4594"/>
                <Baseline points="2537,4627 2567,4627 2657,4633 2746,4633 2836,4633 2925,4633 3015,4627 3105,4627 3194,4627 3284,4621 3373,4621 3463,4615 3552,4615 3642,4615 3731,4609 3821,4609 3911,4603 4000,4603 4090,4603 4179,4603 4269,4597 4358,4597"/>
                <TextEquiv>
                    <Unicode>— Wir wollen in dieser Abschweifung ingehalten, die uns zu weit</Unicode>
                </TextEquiv>
            </TextLine>
            <TextLine id="tr_2_tl_16" custom="readingOrder {index:15;}">
                <Coords points="564,4674 2426,4665 2426,4585 564,4618"/>
                <Baseline points="591,4651 644,4657 734,4657 824,4657 913,4657 1003,4651 1092,4651 1182,4645 1271,4645 1361,4645 1450,4645 1540,4645 1630,4645 1719,4645 1809,4645 1898,4639 1988,4639 2077,4639 2167,4639 2257,4633 2346,4633 2436,4633"/>
                <TextEquiv>
                    <Unicode>des moralischen Irreseins, die zeitweilig innerhalb anderer Psychosen</Unicode>
                </TextEquiv>
            </TextLine>
            <TextLine id="tr_2_tl_17" custom="readingOrder {index:16;}">
                <Coords points="2483,4731 4340,4698 4307,4613 2488,4641"/>
                <Baseline points="2507,4699 2561,4705 2651,4705 2740,4699 2830,4705 2919,4699 3009,4699 3099,4699 3188,4693 3278,4693 3367,4693 3457,4687 3546,4687 3636,4681 3726,4681 3815,4681 3905,4681 3994,4675 4084,4675 4173,4675 4263,4669 4352,4669"/>
                <TextEquiv>
                    <Unicode>führen würde. — Kommen wir wieder auf LOMBROSO’s Werk zurück,</Unicode>
                </TextEquiv>
            </TextLine>
            <TextLine id="tr_2_tl_18" custom="readingOrder {index:17;}">
                <Coords points="564,4740 2257,4740 2426,4731 2426,4665 564,4688"/>
                <Baseline points="591,4723 644,4723 734,4723 824,4723 913,4723 1003,4723 1092,4717 1182,4717 1271,4717 1361,4717 1450,4717 1540,4717 1630,4711 1719,4711 1809,4711 1898,4711 1988,4711 2077,4711 2167,4711 2257,4705 2346,4705 2436,4699"/>
                <TextEquiv>
                    <Unicode>sich bilden und deren Form annehmen kann, dabei aber gewisse</Unicode>
                </TextEquiv>
            </TextLine>
            <TextLine id="tr_2_tl_19" custom="readingOrder {index:18;}">
                <Coords points="2469,4782 4223,4782 4336,4764 4336,4693 2469,4740"/>
                <Baseline points="2495,4770 2555,4770 2645,4770 2734,4770 2824,4770 2913,4770 3003,4770 3093,4770 3182,4765 3272,4765 3361,4759 3451,4759 3540,4759 3630,4753 3720,4753 3809,4747 3899,4747 3988,4747 4078,4741 4167,4741 4257,4741 4347,4741"/>
                <TextEquiv>
                    <Unicode>das eine Fülle der merkwürdigsten Thatsachen zu Gunsten eine</Unicode>
                </TextEquiv>
            </TextLine>
            <TextLine id="tr_2_tl_20" custom="readingOrder {index:19;}">
                <Coords points="569,4820 2337,4825 2431,4801 2431,4731 569,4745"/>
                <Baseline points="597,4788 650,4794 740,4794 829,4794 919,4794 1009,4794 1098,4788 1188,4788 1277,4788 1367,4788 1456,4788 1546,4788 1636,4782 1725,4782 1815,4782 1904,4782 1994,4782 2083,4782 2173,4782 2263,4776 2352,4776 2442,4770"/>
                <TextEquiv>
                    <Unicode>besondere Kennzeichen behält, die sie von allen anderen unter¬</Unicode>
                </TextEquiv>
            </TextLine>
            <TextLine id="tr_2_tl_21" custom="readingOrder {index:20;}">
                <Coords points="2497,4862 4091,4858 4336,4834 4336,4764 2497,4792"/>
                <Baseline points="2525,4836 2555,4842 2645,4842 2734,4842 2824,4842 2913,4842 3003,4842 3093,4836 3182,4836 3272,4836 3361,4830 3451,4830 3540,4824 3630,4824 3720,4818 3809,4824 3899,4818 3988,4812 4078,4812 4167,4812 4257,4806 4347,4806"/>
                <TextEquiv>
                    <Unicode>geistvollen Theorie in Zusammenhang zu bringen trachtet. Dei</Unicode>
                </TextEquiv>
            </TextLine>
            <TextLine id="tr_2_tl_22" custom="readingOrder {index:21;}">
                <Coords points="560,4886 846,4881 846,4820 710,4811 701,4820 649,4815 564,4834"/>
                <Baseline points="591,4866 680,4866 770,4866 859,4860"/>
                <TextEquiv>
                    <Unicode>scheidet.»</Unicode>
                </TextEquiv>
            </TextLine>
            <TextLine id="tr_2_tl_23" custom="readingOrder {index:22;}">
                <Coords points="2488,4928 3903,4924 4340,4900 4340,4839 2488,4862"/>
                <Baseline points="2513,4908 2561,4908 2651,4914 2740,4914 2830,4908 2919,4908 3009,4908 3099,4908 3188,4908 3278,4908 3367,4902 3457,4896 3546,4896 3636,4896 3726,4890 3815,4890 3905,4890 3994,4884 4084,4884 4173,4878 4263,4878 4352,4878"/>
                <TextEquiv>
                    <Unicode>Nachweis der zahlreich bestehenden Berührungspunkte zwischen</Unicode>
                </TextEquiv>
            </TextLine>
            <TextLine id="tr_2_tl_24" custom="readingOrder {index:23;}">
                <Coords points="734,4947 2370,4942 2426,4933 2426,4834 734,4881"/>
                <Baseline points="758,4932 824,4932 913,4932 1003,4932 1092,4920 1182,4926 1271,4926 1361,4920 1450,4920 1540,4920 1630,4920 1719,4920 1809,4914 1898,4920 1988,4920 2077,4920 2167,4914 2257,4914 2346,4914 2436,4908"/>
                <TextEquiv>
                    <Unicode>Dies ist der Wortlaut einer Stelle, welche sich im letzten</Unicode>
                </TextEquiv>
            </TextLine>
            <TextLine id="tr_2_tl_25" custom="readingOrder {index:24;}">
                <Coords points="2474,5003 4345,4971 4345,4905 4077,4886 2478,4933"/>
                <Baseline points="2501,4979 2567,4979 2657,4979 2746,4979 2836,4979 2925,4979 3015,4979 3105,4973 3194,4973 3284,4973 3373,4968 3463,4968 3552,4968 3642,4962 3731,4962 3821,4962 3911,4956 4000,4950 4090,4956 4179,4956 4269,4950 4358,4950"/>
                <TextEquiv>
                    <Unicode>dem genialen Menschen und dem Geisteskranken ist dem Autor</Unicode>
                </TextEquiv>
            </TextLine>
            <TextLine id="tr_2_tl_26" custom="readingOrder {index:25;}">
                <Coords points="564,5013 2351,5013 2426,5003 2426,4938 564,4942"/>
                <Baseline points="591,4997 644,4997 734,4997 824,4997 913,4997 1003,4997 1092,4997 1182,4991 1271,4991 1361,4991 1450,4991 1540,4991 1630,4991 1719,4991 1809,4985 1898,4991 1988,4985 2077,4985 2167,4985 2257,4985 2346,4985 2436,4979"/>
                <TextEquiv>
                    <Unicode>Theile des LOMBROSO’schen Werkes findet, und wir könnten kaum</Unicode>
                </TextEquiv>
            </TextLine>
            <TextLine id="tr_2_tl_27" custom="readingOrder {index:26;}">
                <Coords points="2483,5083 4298,5046 4340,4971 2483,5003"/>
                <Baseline points="2507,5045 2561,5051 2651,5051 2740,5051 2830,5051 2919,5051 3009,5045 3099,5045 3188,5045 3278,5039 3367,5039 3457,5039 3546,5033 3636,5033 3726,5033 3815,5027 3905,5027 3994,5027 4084,5021 4173,5021 4263,5015 4352,5021"/>
                <TextEquiv>
                    <Unicode>gelungen; so vollendet ist die unheimliche Verwandtschaft zwischen</Unicode>
                </TextEquiv>
            </TextLine>
            <TextLine id="tr_2_tl_28" custom="readingOrder {index:27;}">
                <Coords points="564,5088 2356,5083 2426,5074 2426,4999 564,5032"/>
                <Baseline points="591,5069 644,5075 734,5069 824,5069 913,5069 1003,5063 1092,5063 1182,5063 1271,5063 1361,5063 1450,5063 1540,5063 1630,5063 1719,5057 1809,5057 1898,5057 1988,5057 2077,5057 2167,5057 2257,5051 2346,5051 2436,5051"/>
                <TextEquiv>
                    <Unicode>eine nennen, die den Inhalt des ganzen Buches markanter und</Unicode>
                </TextEquiv>
            </TextLine>
            <TextLine id="tr_2_tl_29" custom="readingOrder {index:28;}">
                <Coords points="2474,5121 4298,5121 4331,5050 2474,5074"/>
                <Baseline points="2501,5117 2549,5117 2639,5123 2728,5123 2818,5117 2907,5117 2997,5117 3087,5117 3176,5111 3266,5111 3355,5111 3445,5105 3534,5105 3624,5105 3714,5099 3803,5099 3893,5099 3982,5093 4072,5093 4161,5087 4251,5087 4341,5081"/>
                <TextEquiv>
                    <Unicode>den beiden Menschengruppen, die einerseits das tiefste Elend und ander</Unicode>
                </TextEquiv>
            </TextLine>
            <TextLine id="tr_2_tl_30" custom="readingOrder {index:29;}">
                <Coords points="569,5159 2262,5163 2426,5140 2426,5083 569,5093"/>
                <Baseline points="597,5147 644,5141 734,5141 824,5135 913,5135 1003,5135 1092,5135 1182,5135 1271,5129 1361,5135 1450,5129 1540,5129 1630,5129 1719,5129 1809,5129 1898,5123 1988,5123 2077,5123 2167,5123 2257,5123 2346,5123 2436,5117"/>
                <TextEquiv>
                    <Unicode>trockener wiedergäbe. Es ist ein wunderbares Buch. Man muss es</Unicode>
                </TextEquiv>
            </TextLine>
            <TextLine id="tr_2_tl_31" custom="readingOrder {index:30;}">
                <Coords points="2474,5229 4350,5187 4350,5102 2474,5121"/>
                <Baseline points="2501,5188 2567,5188 2657,5188 2746,5188 2836,5188 2925,5188 3015,5188 3105,5182 3194,5182 3284,5182 3373,5177 3463,5177 3552,5177 3642,5177 3731,5171 3821,5171 3911,5171 4000,5165 4090,5165 4179,5159 4269,5159 4358,5153"/>
                <TextEquiv>
                    <Unicode>seits den herrlichsten Glanz menschlichen Geistes vorstellen, noch</Unicode>
                </TextEquiv>
            </TextLine>
            <TextLine id="tr_2_tl_32" custom="readingOrder {index:31;}">
                <Coords points="583,5234 2210,5239 2422,5206 2426,5149 588,5168"/>
                <Baseline points="609,5218 644,5218 734,5206 824,5206 913,5206 1003,5200 1092,5206 1182,5200 1271,5200 1361,5200 1450,5200 1540,5194 1630,5194 1719,5194 1809,5194 1898,5194 1988,5194 2077,5194 2167,5194 2257,5194 2346,5194 2436,5188"/>
                <TextEquiv>
                    <Unicode>von Anfang bis zu Ende lesen — und nirgends wird man müde</Unicode>
                </TextEquiv>
            </TextLine>
            <TextLine id="tr_2_tl_33" custom="readingOrder {index:32;}">
                <Coords points="2488,5281 4340,5257 4340,5182 2488,5215"/>
                <Baseline points="2513,5254 2561,5260 2651,5260 2740,5254 2830,5260 2919,5254 3009,5254 3099,5254 3188,5254 3278,5242 3367,5248 3457,5248 3546,5242 3636,5242 3726,5242 3815,5242 3905,5236 3994,5236 4084,5230 4173,5230 4263,5230 4352,5230"/>
                <TextEquiv>
                    <Unicode>niemals dargelegt worden. — LOMBROSO weiss überall die Sonnen</Unicode>
                </TextEquiv>
            </TextLine>
            <TextLine id="tr_2_tl_34" custom="readingOrder {index:33;}">
                <Coords points="588,5295 2182,5314 2431,5286 2431,5210 588,5243"/>
                <Baseline points="615,5278 650,5278 740,5278 829,5278 919,5278 1009,5272 1098,5272 1188,5272 1277,5266 1367,5266 1456,5266 1546,5266 1636,5266 1725,5260 1815,5266 1904,5266 1994,5260 2083,5266 2173,5266 2263,5266 2352,5260 2442,5260"/>
                <TextEquiv>
                    <Unicode>— Ist es aber nicht auch ein trauriges Buch — wenn es that¬</Unicode>
                </TextEquiv>
            </TextLine>
            <TextLine id="tr_2_tl_35" custom="readingOrder {index:34;}">
                <Coords points="2492,5351 4293,5333 4345,5253 2492,5276"/>
                <Baseline points="2519,5332 2567,5326 2657,5326 2746,5326 2836,5326 2925,5326 3015,5326 3105,5326 3194,5326 3284,5320 3373,5314 3463,5314 3552,5314 3642,5314 3731,5314 3821,5314 3911,5308 4000,5302 4090,5302 4179,5302 4269,5302 4358,5302"/>
                <TextEquiv>
                    <Unicode>flecken des Genies zu finden. Wir haben uns gewöhnt, Manchen</Unicode>
                </TextEquiv>
            </TextLine>
            <TextLine id="tr_2_tl_36" custom="readingOrder {index:35;}">
                <Coords points="578,5380 2408,5356 2436,5286 578,5295"/>
                <Baseline points="603,5350 656,5350 746,5350 835,5344 925,5344 1015,5344 1104,5344 1194,5338 1283,5338 1373,5338 1462,5338 1552,5338 1642,5338 1731,5338 1821,5332 1910,5332 2000,5338 2089,5332 2179,5332 2269,5332 2358,5332 2448,5326"/>
                <TextEquiv>
                    <Unicode>sächlich zu einem Schluss kommt, wie der oben zitirte, wenn es</Unicode>
                </TextEquiv>
            </TextLine>
            <TextLine id="tr_2_tl_37" custom="readingOrder {index:36;}">
                <Coords points="2483,5417 4345,5394 4345,5319 2488,5351"/>
                <Baseline points="2513,5391 2567,5397 2657,5397 2746,5397 2836,5397 2925,5391 3015,5391 3105,5391 3194,5391 3284,5391 3373,5386 3463,5386 3552,5380 3642,5386 3731,5380 3821,5380 3911,5380 4000,5374 4090,5374 4179,5374 4269,5374 4358,5368"/>
                <TextEquiv>
                    <Unicode>von den Grossen als den Ausbund geistiger Vollkommenheit zu</Unicode>
                </TextEquiv>
            </TextLine>
            <TextLine id="tr_2_tl_38" custom="readingOrder {index:37;}">
                <Coords points="578,5436 2379,5427 2431,5361 578,5375"/>
                <Baseline points="603,5421 650,5421 740,5421 829,5415 919,5409 1009,5409 1098,5409 1188,5409 1277,5403 1367,5403 1456,5409 1546,5403 1636,5409 1725,5409 1815,5403 1904,5403 1994,5403 2083,5403 2173,5403 2263,5403 2352,5403 2442,5397"/>
                <TextEquiv>
                    <Unicode>uns mit aller seiner Weisheit nur lehren will, dass dieses hohe</Unicode>
                </TextEquiv>
            </TextLine>
            <TextLine id="tr_2_tl_39" custom="readingOrder {index:38;}">
                <Coords points="2488,5488 4181,5483 4345,5469 4345,5398 2488,5408"/>
                <Baseline points="2513,5463 2567,5469 2657,5469 2746,5469 2836,5463 2925,5469 3015,5463 3105,5463 3194,5457 3284,5457 3373,5457 3463,5457 3552,5457 3642,5451 3731,5451 3821,5445 3911,5445 4000,5445 4090,5445 4179,5439 4269,5439 4358,5439"/>
                <TextEquiv>
                    <Unicode>betrachten; LOMBROSO zeigt uns die Stelle, wo auch jener Grosse</Unicode>
                </TextEquiv>
            </TextLine>
            <TextLine id="tr_2_tl_40" custom="readingOrder {index:39;}">
                <Coords points="578,5511 2431,5493 2431,5413 578,5436"/>
                <Baseline points="603,5493 644,5487 734,5487 824,5487 913,5481 1003,5481 1092,5481 1182,5481 1271,5481 1361,5475 1450,5475 1540,5475 1630,5475 1719,5475 1809,5475 1898,5475 1988,5475 2077,5475 2167,5475 2257,5475 2346,5469 2436,5469"/>
                <TextEquiv>
                    <Unicode>Unbegreifliche, das wir den Genius heissen, nicht etwa der höchste</Unicode>
                </TextEquiv>
            </TextLine>
            <TextLine id="tr_2_tl_41" custom="readingOrder {index:40;}">
                <Coords points="564,5582 3870,5540 4340,5648 4345,5464 564,5507"/>
                <Baseline points="591,5559 674,5559 764,5559 853,5553 943,5553 1033,5553 1122,5553 1212,5547 1301,5547 1391,5547 1480,5547 1570,5547 1659,5547 1749,5547 1839,5547 1928,5547 2018,5541 2107,5547 2197,5547 2286,5541 2376,5541 2466,5535 2501,5535 2561,5535 2651,5535 2740,5535 2830,5535 2919,5535 3009,5535 3099,5535 3188,5535 3278,5535 3367,5529 3457,5529 3546,5529 3636,5523 3726,5523 3815,5523 3905,5523 3994,5517 4084,5517 4173,5511 4263,5511 4352,5511"/>
                <TextEquiv>
                    <Unicode>Ausdruck menschlicher Vollkommenheit ist, sondern — seine wirkliche sterblich war. Zuweilen haben wir das Gefühl, als besässer dieser</Unicode>
                </TextEquiv>
            </TextLine>
        </TextRegion>
    </Page>
</PcGts>
