5355 6340
4147 292 4317 420 892
1901 311 2958 429 Internationale Klinische Rundschau.
2439 458 4298 566 Notizen, die einen Begriff von der Anordnung des reichen Stoffes geben
533 467 2392 585 Kritische Besprechungen und literarische Anzeigen.
2439 552 4288 642 mögen, der im Allgemeinen in zwei grössere Partien getheilt ist
2439 613 4298 726 Die erste behandelt das Thema historisch und theoretisch; die
689 627 2241 783 Die Augustion und ihre Heilwirkung.
2439 689 4302 778 zweite bringt eine grosse Anzahl von Krankengeschichten, die
2439 755 4279 868 durch die kritische Behandlung jeder einzelnen an Interesse erheb
2439 821 2859 934 lich gewinnen.
1137 797 1797 934 Dr. H. Bernheim,
2604 840 4298 981 Der allgemeine Theil beginnt mit einer Schilderung der
948 882 1962 1010 Professor an der Fakultät de Médicine in Nancy
2439 958 4298 1033 Methode des Hypnotismus. Die, welche BERNHEIM anwendet, ist
1080 972 1845 1090 Autorisirte deutsche Ausgabe
2439 1038 4302 1109 bekanntlich die Reggestive. Er erregt in der Versuchsperson die
637 1014 2293 1165 von Dr. Sigm. Freud, Dozent für Nervenkrankheiten in Wien
2453 1094 4288 1170 Vorstellung des Schlafes und erreicht hiemit dasselbe, was manche
778 1137 2142 1250 Verlag von Deuticke. Leipzig und Wien 1888-89.
2444 1161 4288 1245 Andere durch weniger einfache und vielleicht nicht ganz unbedenk-
2439 1227 4288 1326 liche Methoden, z. B. das Fixirenlassen eines glänzenden Gegen
698 1212 2382 1316 Das Für und Wider um die Frage des Hypnotismus schwill
2453 1307 4293 1378 standes erzielen. Besonders wird betont, dass die zustimmende
543 1293 2387 1373 immer mächtiger an. In einer grossen Zahl von umfangreicher
547 1373 2392 1453 Büchern, die allerdings grösstentheils aus Frankreich kommen, in
2439 1368 4293 1458 Erwartung des einzuschläfernden Individuums eine Hauptbedingung
543 1434 2392 1514 Monographien, in Sitzungsberichten treten uns die verschiedenen
2439 1453 4302 1538 des Gelingens vorstellt. Es werden dann die verschiedenen Grade
547 1505 2382 1595 Erfahrungen entgegen, die von Forschern gesammelt, die Meinungen
2439 1510 4288 1595 der Beeinflussung erläutert, deren BERNHEIM neun aufzählt. Be
561 1580 2387 1656 welche von ihnen vertreten werden. Und während der Eine zum
2439 1585 4288 1665 greiflicherweise kann diese strenge Scheidung nur dann eine volle
543 1632 2387 1731 Resultat kommt, dass wir aus der hypnotischen Augustion eine
2439 1661 4288 1745 Geltung beanspruchen, wenn man sie als Mittel ansieht, die hypno-
543 1712 2392 1802 der werthvollsten therapeutischen Errungenschaften
2439 1722 4302 1821 tischen Phänomene in ihrer Aufeinanderfolge dem Verständniss
543 1788 2387 1868 unseres Jahrhunderts gewonnen haben, findet der Andere in der-
2439 1788 4288 1882 nahezubringen, in Wirklichkeit würde sich diese Eintheilung in
543 1863 2378 1939 selben Heilmethode etwas für die Menschheit entwürdigen
2439 1863 4288 1953 neun Stufen der Beeinflussbarkeit durchaus nicht immer aufrech
538 1925 2392 2005 des; während der Eine seine Begeisterung für die neue. Sache
2444 1929 4288 2010 erhalten lassen und Uebergänge, welche das strenge System
547 1986 2382 2066 der ärztlichen Welt mitzutheilen strebt, schliesst sich der Andere
2439 1986 4288 2071 verwischen, kommen häufig genug vor. Die Verhältnisszahlen de
543 2062 2382 2142 verachtend von ihr ab. Und noch Andere gibt es, die mit dem
2439 2047 4298 2137 hypnotisirbaren Personen, welche BERNHEIM am Schlusse des ersten
547 2123 2382 2217 ganzen Ding am allerschnellsten fertig werden; sie prüfen nicht
2444 2137 4279 2213 Kapitels bringt, sind ausserordentlich hohe und indem er sie
528 2213 4288 2293 sie haben nie etwas gesehen, sie haben vielleicht irgend einmal I hauptsächlich auf statistische Nachweise von LiÉBAULT und BEAUNIS
533 2279 2392 2354 ein einschlägiges Buch flüchtig durchgeblättert und thun die ganze
2439 2283 4293 2349 stützt, will er insbesondere beweisen, dass Männer und Frauen fast
547 2326 2392 2415 Frage, an deren Lösung grosse Männer der Wissenschaft ihre reiche
2434 2340 4293 2420 in gleicher Weise sowohl dem Hypnotismus als dem Somnambulismus
543 2406 2387 2505 und schöne Kraft gewandt haben, einfach damit ab, dass sie
2425 2406 4293 2477 unterliegen und dass von hundert ohne Auswahl hergenommene
2439 2481 4279 2571 Personen 15 bis 18 Somnambule sich finden, während der Perzent
543 2477 2382 2547 über den «Schwindel» lächeln, den man da mitten in ihre herr-
547 2543 2368 2632 liche exakte Thérapie hinein bringen will. Wenn in späteren Jahrer
2434 2543 4279 2632 satz der gar nicht zu beeinflussenden Personen, d. h. solcher, di¬
528 2609 2387 2684 einmal Einer sich hinsetzen wird, um eine Geschichte der hypno-
2439 2623 4288 2722 nicht einmal in leichten Schlaf verfallen, ein ganz geringe
528 2665 2373 2760 tischen Frage zu schreiben, da kann sich wohl zu gleicher Zei
2444 2689 4307 2788 ist. So fand LiÉBAULT unter 1011 nur 27 Widerspänstige. Als
528 2755 2373 2835 mancher tiefe Einblick in die elhischen Verhältnisse des ärztlicher
2439 2736 4298 2835 somnambul bezeichnet BERNHEIM alle diejenigen Personen, die bei
533 2821 2373 2887 Standes ergeben, und man wird sich staunend sagen, dass es auch
2439 2812 4298 2925 ihrem Erwachen keinerlei Erinnerung an das während des Schlafes
528 2882 2373 2958 diesmal nur Wenigen gelungen, sich von den vergänglichen Stand
2425 2901 3081 2986 Vorgefallene bewahren.
2595 2897 4293 3033 In den weiteren Kapiteln spricht BERNHEIM von den Suppe¬
533 2953 2368 3033 punkt der Partei auf den unvergänglichen der reinen Wissenschaf
519 3014 2378 3104 zu erheben. Es ist Wenigen gegeben, ohne vorgefasste Meinung in
2425 3014 4288 3090 stionen, die sich während des hypnotischen Zustandes erzielet
519 3085 2378 3161 das Heiligthum der Idee zu treten. Jeder bringt etwas mit; der
2425 3085 4274 3184 lassen und findet, dass sich Beeinflussungen der Motilität eher er
524 3137 2373 3227 . Eine den blinden Glauben des Fanatibers, der Andere die spöttische
2425 3165 4283 3250 zielen lassen, als solche der Sensibilität. Geistreich durchgeführt
519 3227 2363 3307 Zweifelsucht des Verstockten. Man will finden, was man ja eigent
2425 3227 4269 3316 sind die Kapitel über die Augustion posthypnotischer Handlungen
533 3288 2373 3382 lich früher schon gewusst hat; man will in jedem Falle recht gehab
2425 3293 4288 3378 über die negativen Hallucinationen und über verschiedene Typen
519 3354 2363 3434 haben und dazu gehört nur eines: sich nicht überzeugen lassen
2425 3345 4283 3430 der Somnambulen. Sehr anregend sind die Beobachtungen, welche
2425 3430 4269 3515 sich auf die Sonnambulen beziehen, denen man das Bewusstsein
561 3425 2363 3510 — Es wird noch lange Zeit dauern, bis sich die zwei Parteien
519 3477 2378 3566 die sich heute in der hypnotischen Frage befehden, die Hand
2420 3500 4279 3585 ihrer eigenen Persönlichkeit durch Verwandlung in eine andere
519 3562 2363 3647 reichen; bis die Einen sagen: «Wir haben uns allzuviel erhofft»
2425 3566 4269 3647 Person rauben konnte. Bedeutsam für die physiologische Auffassung
519 3632 2363 3713 und die Anderen: “Wir haben vieles missdeutet und vieles miss
2434 3637 4279 3722 dieses Vorganges ist die Bemerkung, welche BERNHEIM an irgend
519 3703 722 3807 kannt»
2425 3708 4274 3807 einer Stelle einstreut. «Bei all' diesen Verwandlungen macht sich
689 3727 4274 3849 Den Anlass zu den vorstehenden Bemerkungen gibt uns doch der jeder Person eigenthümliche Charakter geltend. Jeder
505 3812 2368 3920 das Buch über die Augustion und ihre Heilwirkung von BERNHEIM
2425 3845 4269 3934 spielt seine Rolle mit den Eigenschaften, die er besitzt, mit der
524 3906 2368 3991 das nun in seiner Gänze deutsch übertragen vor uns liegt
2434 3916 3401 4019 Fähigkeiten, über die er verfügt.»
519 3967 2354 4057 Zweifellos ist bisher kein Werk geschrieben worden, das den Gegen
2595 3977 4274 4076 Sehr lehrreich sind die Erfahrungen, welche BERNHEIM über
519 4057 4265 4156 stand besser zusammenfasst, keines, das auf ein reicheres Material den Widerstand mancher Sonnambulen gegen die Ausführung post
524 4118 2368 4194 aufgebaut ist. Wenn sie einmal dieses Werk gelesen haben, in welchem
2425 4128 3425 4232 hypnotischer Augustion mittheilt.
533 4189 2368 4279 jede Seite die logische Schärfe, die tiefe Beobachtung und den
2599 4203 4279 4312 *) Ein recht heiteres Beispiel für die Wahrheit dieser Beobachtung
519 4260 2363 4354 schönen Lehrwillen ihres Verfassers kundgibt, so werden sich wohl
2415 4279 4274 4387 erlebte Ref. unter Anderem an einem ziemlich furchtsamen Mädchen F. T.
519 4312 2363 4411 auch die Skeptiker fragen, ob es denn angeht, an den Wahrheiter
2420 4368 4279 4434 das in ihrem Somnambulismus alle möglichen Rollen zu spielen ver-
519 4387 2363 4472 auch weiterhin flüchtig vorbeizugehen, die einen so bedeutender
2420 4420 4269 4491 mochte. Ich verwandelte sie in einen Nordpolfahrer, und behauptete, es
524 4467 2373 4543 Gewinn für unsere Wissenschaft vorzustellen scheinen. Man wird
2420 4472 4269 4543 komme ein Eisbär, worauf sie mich beim Arm fasste und ängstlich bat
2434 4538 3043 4609 «Gehen wir lieber!»
3132 4534 4269 4595 Allerdings war gerade bei dieser Person die
524 4543 2363 4618 sich. endlich einmal von dem ungünstigen Eindruck emanzipiren
2425 4581 4269 4647 Pose, welche zur Gestaltung gewisser Rollen gehört, eine ausserordent
519 4604 2363 4684 müssen, welcher die laienhafte Verwerthung und die ungeschickte
2415 4637 4274 4703 lich entwickelte. Denn nur als diese im Studium des Somnambulismus
509 4675 2359 4751 Popularisirung einer rein naturwissenschaftlichen Lehre hervor
2415 4699 4274 4760 hochentwickelte Fähigkeit der Posc, und nicht als Heraustreten aus dem
524 4741 2363 4826 brachten. Gelehrte der strengsten Gilde haben die Sache heute in
2415 4746 4260 4817 eigenen Charakter war es aufzufassen, wenn sie als Königin vor einen
2425 4812 4274 4878 Aufstand, der in ihrem Schlosse tobte, nicht fliehen wollte, sondern, so of
519 4807 2354 4911 der Hand und ein Diamant wird nicht darum werthlos, weil einma
2415 4864 4274 4935 diese Augustion versucht wurde, ausrief: «Ich bleibe stark! Ich fliehe
505 4873 1661 4982 Kinder und Narren damit gespielt haben
2425 4920 4260 5010 nicht!» Es war die Pose der Königin, die ihr wohl aus Theater
670 4920 2363 5057 Es kann hier nicht unsere Sache sein, auf den Inhalt des
2684 4968 3085 5048 egenwärtig war.
2415 4972 4269 5109 stücken** Auch hier sei es mir gestattet, ein Beispiel, das ich bei eine
509 5005 2368 5095 ausgezeichneten Werkes in extenso einzugehen. Bevor nicht Einer
2415 5052 4250 5161 Somnambule A. K. beobachtete, anzuführen. Dieser hatte ich suggerir
505 5090 2363 5170 kommt, der noch mehr, noch wichtigeres und dieses in besserer
2415 5133 4260 5203 von einem im Nebenzimmer sitzenden Militärarzte ein Veilchenbouque
505 5166 2363 5246 Anordnung zu sagen weiss, wird doch jeder Arzt, dem es ernst
2420 5203 4260 5260 zu verlangen. Als sie nach dem Erwachen in’s Nebenzimmer trat
505 5213 2363 5317 I ist mit seiner Kunst, dem Studium des Buches einen Theil seiner
2415 5251 4260 5317 befand sich Niemand da; scheinbar erleichtert ging sie nun die Treppe,
495 5298 4279 5420 Zeit widmen müssen. Beschränken wir uns denn auf einige kurze I hinab, alsbald aber verlangsamten sich ihre Schritte. Der Militärarzt
