6408 6232
2169 654 3798 870 Psychologie der Augustion.
2590 797 3450 907 Von Dr. Hans Schmidtkuns.
2242 888 3927 1021 «Möchte vorliegendes Werk dazu dienen, Vorurtheile zu zer-
2080 972 3941 1087 streuen und die Mitarbeit aller asychologen, namentlich der
2087 1045 3936 1162 Aerzte, auf diesem äusserst schwierigen Gebiete anzuregen und zu
2094 1113 3957 1213 fördern.» Mit diesen Wortèn schliesst der Mitverfasser des Buches,
2106 1178 3955 1290 Dr. German, eine kurze Vorrede. — Und man muss sagen, die
2111 1253 3950 1360 nöthige Eignung, um den gedachten Zweck zu erfüllen, steckt in
2099 1309 3957 1410 diesem Buche, an dem ein Philosoph und ein Arzt gearbeitet
2099 1384 3960 1491 haben. Dieses Zusammenwirken war natürlich nur dadurch möglich,
2118 1454 3967 1552 dass in jenem Philosphen viel ärztliche Auffassung, wie in diesem
2113 1522 3950 1650 Arzte echte philosophische Bildung sich fanden. Wenn man von
2113 1587 3962 1704 dem nur hier und da zu Tage tretenden Fehler absieht: dass es
2113 1648 3950 1781 dem Autor nicht überall vollkommen gelungen ist, seine geist
2129 1723 3962 1844 vollen Ansichten mit durchsichtiger Klarheit auszudrücken, so kann
2118 1786 3967 1914 man dem Buch die hebe Anerkennung nicht versagen. Ob es nicht
2129 1861 3981 1978 doch mit der nächsten Zeit schon nothwendig sein wird, aus rein
2125 1928 3969 2071 praktischen Gründen, den Begriff der Augustion enger zu um
2129 1989 3978 2120 grenzen als es in der letzten Zeit von vielen Psychologen — auch
2125 2059 3990 2181 SCHMIDTKUN geschieht, wäre immer der Erörterung werth. Heute sind
2132 2127 3988 2251 die Grenzen so weit gezogen, daß kaum irgend eine nicht
2125 2197 3995 2316 an irgend einer Stelle den Augustionsbegriff tangirte, and unser Denken
2127 2272 4002 2391 im Leben fällt zum grossen Theil ganz innerhalb dieser Grenzen. Mir
2132 2333 4002 2464 scheint eine kleine Unterscheidung leicht einzuhalten, welche vielleicht
2132 2408 4006 2546 manche Verwirrung und manches banale Wort wird vermeiden lassen:
2134 2473 4002 2585 nämlich die zwischen den Augustionen, die sich ohne weiters in
2146 2532 4002 2667 unsere Gedankenbahn einfügen, und diejenigen, welche ein wenig
2165 2618 4002 2730 zu kämpfen haben. Das System der Augustion'das SCHMIDKUNS" in
2148 2662 4013 2796 seiner «Beschreibung der Augustion» (wie er den ersten Theil der
2165 2737 4013 2861 des Buches nennt) gibt, ist mit viel Schärfe und Fleiss entworfen
2148 2810 4013 2924 er spricht zuerst von der Objekt-, dann von der Personal-, dan
2160 2873 4032 3011 von Autosuggestion, dann von der Augustion überhaupt xxx den
2146 2985 2669 3104 suggestiven Zustärke
2326 2971 4025 3116 Der zweite Theil beschäftigt sich mit der Hypnose, der dritte
2176 3067 4049 3188 Theil versucht eine Erklärung der Augustion, und das ist wohl
2172 3177 3763 3265 die schwierigste und tiefste Partie des ganzen Werkes.
2347 3184 4044 3301 Der vierte Theil, die Anwendungen, kann naturgemäss nicht
2174 3263 4053 3375 so Vollständiges bringen als die früheren, — hier hätte weniger,
2190 3347 4056 3441 oder viel mehr gesagt werden müssen — denn sowohl die Willens¬
2190 3413 4039 3518 frage, wie die Details in Sociologie und Biologie in ihrer Beziehung
2183 3490 4044 3593 zur Augustion wird uns hier nur in ganz flüchtigen Skizzen mit
2202 3532 4046 3670 getheilt, und die Schuld liegt nur an den auch in ihrer Weit-
2195 3597 4049 3714 schweifigkeit fesselnden und auch ausführlichen Darstellungen des
2195 3670 4067 3777 Verfassers, wenn wir hier mehr von ihm gewünscht hätten, als
2214 3728 4063 3873 geworden ist. — In den Kapitel über Aesthetik hat Ots-HEMSSEN
2204 3815 4060 3920 einen höchst lesenswerthen Beitrag geliefert, in welchem ich nur
2214 3880 4067 3995 die definition des klassischen Dichters als «Durchschnittsmenschen
2204 3943 4067 4086 in höchster Potenz» etwas befremdete. SCHMIDKUN### weist übrigens
2207 4023 4063 4130 an einzelnen Stellen seines Werkes auf Partien hin, die er
2204 4081 4074 4210 spezialistischer Ausführung empfiehlt. Der ganze 17. Abschnitt
2207 4172 4072 4264 ist voll von solchen Ansätzen, die weiterer Durcharbeitung harren.
2387 4226 4072 4343 Der 18. Abschnitt behandelt die Heilkunde, und es ist nur
2218 4299 4072 4423 gutzuheissen, dass SCHMIDKUNi hier als «Monument» der modernen
2237 4366 4063 4481 klinischen Medizin einige jener dunkelhaften und voreiligen Aus¬
2237 4437 4065 4551 sprüche mittheilt, mit welche sich einige der bedeutendsten Ge
2230 4504 4074 4614 lehrten gegen die «Comödie des Hypnotismus» und den mystischen
2237 4582 4079 4694 Firlefanz der Hypnotiseure aufgelehnt haben, und welche mit Be¬
2218 4640 4093 4759 merkungen wie die folgenden: «Hypnotisiren kann jeder Schäferknecht,
2232 4731 4086 4834 Schneider und Schuster, nur etwas Selbstvertrauen gehört dazu,
2237 4783 4098 4939 die Lehre vom Hypnotismus als einen Theil der Medizin lahm zu
2230 4890 2655 5005 legen dachten.
2286 4885 4102 5058 Trotzdem aber stimme ich mit Dr. GRSTER nicht überein,
2232 4991 4098 5128 von dem die folgenden Worte im Text angeführt werden. Diese
2232 5042 4098 5173 lanten: «Wenn sich deutsche Kliniker heute noch über das, was
2230 5112 4098 5245 sie Hypnotismus nennen, absprechend äussern, so beweisen sie
2230 5194 4098 5337 damit nur, zu welcher Oberflächlichkeit und Einseitigkeit die
2232 5255 4107 5383 materialistische Bildung unserer Zeit Naturen führt, die sich damit
2242 5327 4121 5486 begnügen, im Kleinen gross zu sein und daher dem Grossen klein
2249 5442 2842 5573 gegenüber zu stehen.
4855 2333 5376 2560 diesel
4542 3319 5409 3497 Sint ind
4813 3537 5500 3745 (gen
4144 3873 4502 4032 & mis
4705 3901 6010 4168 H. Hansson
4266 4292 4453 4455 1
