6648 4168
3479 186 4865 513 Auscultation d. Certaien u Venen.
1887 234 2527 474 Jos. D. Licensp
1898 321 3330 654 syst. Grönsch an u. Verbreket
3444 410 4967 704 November Woche i. d. Cert. carotis in Bübelas
3438 530 4956 788 jerei Töne (3-); der erste selbststärtig
1885 559 3249 807 cirings an l. Neutrikel)
3421 683 4915 954 u fortgeleitet, der zweite fortgebeitet.
1869 722 3185 973 Sulhme der Halsverein
3427 886 4928 1113 An der Bousoorta fort man einsamen
2988 968 3288 1101 dans une
3442 1043 4971 1271 Exposition Ston (Hrysystol. Ton). der 2. Ton
3435 1157 4959 1411 der Lemilunackleggen wird nicht fortgedeitet.
3423 1318 4954 1560 Das Tönen des peepheren Artesion entsetzt.
3421 1480 4944 1714 bei Gorten in seifficieux 1) durch den Hyp.
3417 1622 4930 1854 ventr. ein., durch die Glöhl Einsprund.
3450 1800 4973 2059 Gefästerückl. 2) Aulufessin soude Extract
3423 1935 4963 2171 d'Art. das Blut nach beiden Seiten abfließt
3423 2074 4938 2361 u. der Spannen sehr steckt. Der Steigen
3417 2208 4934 2496 von dem niedrigsten Spannungsgründe bis
3417 2423 4965 2699 auf den höchsten ist das Touerzeugend
3481 2570 4650 2802 Moncent bei d. Amsuff.
3462 2719 4952 2978 Felten bei Ananni u. Klaren Expenster
3438 2897 4996 3131 An der Crural. Beitieggen: daß der Kanzigen
3415 3057 4961 3303 diese Gefahls während d. Contract mit
3456 3264 4075 3438 dem mittler.
3477 3386 4936 3570 Dienkompress. auch mit normalen
3456 3487 5008 3738 In ist änd ein Expens (drücken) herraufter.
5118 3498 6331 3789 Da 2te durch die stärke Entfgnung
3450 3644 4971 3911 Bei Leipendien Trauff 2 Töne a. d Couralis
