6504 4120
4780 17 6225 265 vom amt. Monate Rückham
3223 34 4690 418 Entrop. spast Rides normal
4803 135 6214 468 (z.d.h. Bleic.or Aprr.) in schon
3228 164 4684 519 um untere tid. — Bei sehr heftig
4814 282 6208 632 volumen zu nimmt, so opfe im
1981 243 2957 502 Estropium
519 288 1287 570 Entropium
1800 316 3121 677 Grundleden: Verlang des Kindern,
3228 378 4741 677 Blophowspasin in Folge Freundt. in
4780 384 6191 728 Leuthautsack erst mehr Platz
203 423 1721 745 zu E. komtes bei nommler Lideri
203 491 3115 914 in Folge (kraufhaftes) vermehrtes ist einmal der nach vom
3228 491 4775 841 Eng. sack od in Cornia, bei Herp, Uva. etc.
4752 553 6248 931 hat, so werbe entwort schreiben,
203 649 3110 993 Contraction, in ersten Linie des Winkel entstande, so wird
3256 610 4724 926 Thei. Besitz der Grundersuch, w. Sphurne,
3166 689 6270 1151 mich durch die Heiligkeine Dauernd es noch einen laufte Contract
198 807 3127 1180 subterialis, bei Nachandsein nicht blos die disp. können
3234 768 4724 1027 weil vom übergehend Zustand doch, man
3240 784 6242 1315 Verändl hervoraufen. Die Mückefah. in Kiblas. die Lück evertal
209 886 3155 1360 despion. Namente oft sehe in u. dürfte u zweite Comp. (mit es
4792 948 5841 1247 (unter u. obm Eid,
4786 909 6259 1349 Tha. Repos. u Lehdsitz Grund¬
1704 1050 3166 1326 Result nach vorn), sondern An¬
3217 1140 4707 1490 Augee zu nächst dem immern Rand et
1750 1089 6304 1874 das Gänschen zu halten; sie wir nächst noch ein wärts gewendet wird. Wetrop. Carin lines noch langer
1687 1163 3166 1450 che dem Liderns zurücklang.
198 1259 1163 1524 Folge vom. Contr.
4837 1247 6287 1631 Fractorn zu stärker Vanlek den
3234 1236 4741 1614 intermacg. Aues, daher derselbe zu
1699 1298 3172 1603 Jahren des sublais in orlic sein
452 1343 1535 1642 Rupon. Clomente.
4831 1360 6276 1727 Anz. u zur Erweichet. Mais, u. d. Kir¬
214 1422 3206 1851 kanten od Abwied der Eidweis nicht im Stande, denverte Comp.
4831 1501 6281 1862 u Verlang et Lidvends gekommen ist,
226 1552 1654 1800 t. Verstechenstein des mein did
1733 1586 4808 2004 An in dem evert. seit auch noch zu Entrop seuile (2. Dienst kommt) meist
4814 1642 6304 2032 fückt der unten Lid herab, u as cetsteht
1778 1682 4763 2291 suchen u dadurch das Eid noch ein ein ratem Eid. - Entwortet: unter
3223 1755 6214 2399 u. daß drucken die Fides wie einkeit ein noch vom offen Crinkel
226 1766 1614 2049 nung hypetr. Cat or Bleph.
3177 1800 4792 2246 der Verband (der N. drückt auf die Cit
1710 1846 3206 2150 Bogen in die Sehen zu vorwieder
4865 1817 6332 2235 Ihn. Lesung der Grundan, Ver¬
248 1874 1721 2156 2. Freund der Paise und Schweiz¬
231 1992 1513 2280 dem Obitalfalts bei Greise
3256 2066 6118 2720 Thec. Weglassen des Vet,hrteilse Rezustokand, im Urthell Suellen
226 2111 1541 2404 3. Atroph od. Okt. balti
1812 2133 4871 2698 1. Erbschlaffung u. der Generalitäten nach einwärts. oder 2. bei Rappeß. lt. ob.
3234 2178 6310 2782 went. Sphincherrt. og Fidenère, der W.E. Ansereile wie im Folge von
226 2212 2478 2523 Es wollt der xxx Lider von mich overlue¬
2026 2235 3025 2472 Rsp. Cementi
4865 2252 6265 2664 Emil. Schwachs des Freiswirkes
260 2359 1716 2658 dreißern Commiss her schraubenf.
4842 2416 6355 2771 ders die nicht mehr an, Ballaulin,
214 2528 1693 2822 ein, u. ist in Folge dessen od. noch
192 2551 2974 3002 einem Desphonient (1) einmal 2 Norditz u Cop. peilp.
3256 2540 4808 2946 noch sullen u lisaures de Catarrts
4848 2540 6310 2912 u in Folge von Erweich der bez.
1738 2669 3183 2974 los nichtwegen reicht. Secret.
3290 2669 4814 3081 Ernfeste Verband mit Charpienik
4831 2686 6366 3070 und xx durch Catarrh
209 2782 1676 3087 ein nach hinten offne Ankel
3290 2839 4792 3194 od. der Ficire einer Hausfalk mit
1761 2822 3121 3093 möglich, ist die Lesung immer
4825 2844 6310 3228 horabsiekt, wird die Lideris
203 2918 1687 3234 nte mein Adrandleffen entstand
3268 2957 4797 3330 verf. Pflichte od. Collos kann noch nicht
1744 2940 3223 3273 durch eine gut anlegt redress.
4814 2974 6377 3347 erschaffen u länger werden (drei erb. II)
214 3036 1676 3398 so wird die I u II Soel. d. dabei
1750 3076 3053 3431 Verband zu unterstützen.
4848 3127 6377 3443 in Folge xxx Thränentr. wird zu statt;
192 3206 1648 3572 die Oberfl der Lüte übermannt,
6090 3228 6344 3358 cons.
4854 3262 6310 3584 Thei. Gerbei u Anstriffen der
3256 3319 3652 3527 werden.
243 3392 1524 3691 weiter gleibe machen,
4859 3431 6236 3787 erschlafften bei Schaut durch
282 3488 1631 3928 cto Reavet werk nachheilen.
4893 3550 6265 3843 Ernch, mit Lap. od. Cuprini
4910 3663 6293 3968 Facultät. Fadenopn. nach
5136 3849 5593 3996 Cuminck
