6616 4120
329 345 3225 525 es in einem früher gesunden Auge aufgetreten ist. Außer diesem
322 475 3244 670 Glancom gibt es noch ein Glaucoma secundarium, bei welchem die
368 552 3252 766 Drucksteigerung nur ein Speigtom anderer Erkrankungen ist.
345 682 3332 885 Unter dem eigentlichen Glaucom versteht man eine Erkrankung
345 812 3305 1023 des Bulbus mit Drucksteigerung, die auf Hyperaemua in der
341 950 3344 1126 Uvea zurückzuführen ist. Glaucoma secundarium sind vaso¬
329 1030 3244 1245 matorische Störungen erzeugt durch Zerrungen innerhalb
329 1187 3202 1375 der Uvea z. B. närbige Eclasien der Cornea und Sclera, erste
310 1295 3321 1471 mit und ihre Einheilung der Jrs, ferner intraoculäre tümeren
352 1394 3328 1632 des Bulbus, bei stürmischer Quellung der Linse und dann bei Oclu¬
318 1517 3351 1704 sio pupillae, wenn du fris buckelförmig vorgebuchtet ist. Bei Glau¬
329 1689 3221 1827 com wird immer nach oben aedectomat, damit das Colobom
345 1804 3171 1942 durch den Lidrand gedeckt wird. Contraindicirt ist nur
318 1873 3286 2072 Atrophie der Dris gerade oben, oder närbige Stellen an der
360 2038 3321 2160 Cornea. Die Iridectomie verkt 1) dadurch, daß wir in den vordern
345 2145 3275 2329 seleralen Schichten eine Narte setzten, welche aus jüngeren Ge¬
356 2248 3286 2444 webe besteht, also nicht régide ist und 2) erhielt durch diese
349 2367 3267 2566 intercalirte Masse der Bulbus eine vergrößerte Oberfläche.
410 2474 3305 2715 Die Sclerotonne hatte denselben jedoch Effect, es käme aber hie¬
326 2612 2382 2857 bei gar zu leicht zu einem Grisprolaps.
379 2750 1513 2941 ad 3) Als Hilfsoperation:
414 2830 2003 3060 z. B. bei Kataraktoperationen.
337 2957 3259 3190 ad 4. Zur Maturation von katarakten: Das Kammerwasser
356 3148 3301 3309 fließt bei der Trivectomie ab und die Linse prolabirt, wir
337 3233 3328 3405 bügeln dann die Cornea mit einem Löffel, und damit auch die Ober¬
356 3393 3344 3558 fläche der Linse, wodurch die noch nicht vollständig getrübten
368 3501 3271 3669 Crencaschichten in Unordnung geraten und so der Reife zu
360 3608 1222 3826 geführt werden
360 3665 3267 3907 Zur Entfernung von fremdkörpern und kleinen Tumorender Trib.
3436 203 6354 452 a86/[e] Um die Ernährungsverhältnisse des Bulbus zu bessern.]
3489 368 6473 590 Es gibt ganz verzweifelte Fälle von Keratitis parenchymatosa
3436 494 6461 655 und Iridokiklitis, also Uveitis anterirr, welche lange dauern und
3413 624 6434 797 bedeutende Ernährungsstörungen in Bulbus setzen. Der Bulbus
3432 739 6480 908 wird infolge dessen weicher und atrophisch. Nun hat man bis weilen
3447 846 6473 1065 die Erfahrung gemacht, daß durch die Iridectomie die Spannung
3420 973 6396 1210 sich hebt und die Bulbi nicht zu Grunde gehen. Hieher gehören
3401 1118 6461 1329 auch: multiple heitere Synechien, Amotio retinae, Hornhautfisteln; es
3405 1233 6438 1455 wird nämlich bei Letzteren durch die J. Dr. Linse an die Cornea gerückt
3393 1348 4780 1574 und verschließt so die beffnung
4121 1425 5699 1674 IV. Trivencleisis und Iridendesis.
3520 1586 6396 1743 Man hat die Ersteren bei centralen Hornhautnarben, partiellen
3455 1701 6427 1919 Linsentrübungen und bei Keratoglobus gemacht, aber nachdem es
3455 1865 6400 2061 zu einer Einheilung der Jris kommt, macht man sie heute nicht
3428 1988 3715 2191 mehr
4129 2030 5799 2237 V. Paracentesis und Punctio Corneae
3531 2160 6392 2440 Man versteht darunter die schnitt- oder stichreife Eröffnung der
3458 2329 4412 2547 Vorderkammer bei:
3478 2436 6415 2658 1.) suppurativen Hornhautprocessen mit progressivem Charakter
3432 2593 6381 2750 (Bei Hornhautgeschwüren und Abscessen, herpétische, traumatische
3432 2700 6473 2899 und serotische Geschwüre können septisch werden. Die Sophie's kann
3416 2842 6496 3053 entweder von außen kommen (heu, Stroh) oder von einem Thränensack
3416 2968 6228 3160 blenogen oder einer Affection des Coniunctivalsackes herrühren.
3443 3083 6488 3263 2.) Die Ansammlung von fremden Körpern in der Vorderkammer. Von
3432 3240 6473 3393 allem Hypopium oder beym oder Ansammeln von Blut, fremdkörper
3458 3317 6492 3531 und flöckigen in die Vorderkammer gefallene Kataraktemmassen. Haupt¬
3436 3458 6419 3669 sächlich bei Eiter in der Vorderkammer (Hysopium). Einsammlung
3443 3562 6419 3750 von Eiter zwischen den Lamellen der Cornea nennt man Onyz] Bei
3420 3704 6388 3895 Ansammlung von Blut in der Vorderkammer gibt man lieber Silo
