6808 4824
5572 270 6267 454 1
3582 439 6598 785 tiefer Narcose oder bei aufgehobenen Senior.
3594 631 6515 973 nicht zu fünct. aufhörte, u. dass nicht fiel
3571 800 6459 1168 Abd. erhalte wird, wie der Berichtsein
3620 1081 4645 1386 ausgehoben ist.
4097 1273 4483 1446 Boylon
3567 1299 6575 1754 Reight. Beim Menscher vollacht andere machen
3552 1532 6447 1889 Actionatinn beffüren u Schließen d Glottes. - In
3575 1712 6451 2065 des Reis des Frauen wird woll der Carler¬
3597 1971 6537 2313 mit geneigt. Die Frage der Abdichorpmalze
3579 2144 6470 2508 soll nach der Stelly der proc. &c. nicht der Steinb
3597 2373 6436 2719 entbehind werden. Wird der provoc. in der
3552 2557 6406 2933 Mad. anlei gefunden, so ist anzunehmen
3560 2790 6121 3173 op die Funct des Abd. aufgehrten ist.
3582 3000 6301 3323 Erhält man eine vertie Glottesbüche
3556 3214 6530 3533 Stonation ohne ein a Bewegung der gedächt¬
3530 3364 6380 3781 Stundds so hat man einen sichern Fall.
3560 3631 6530 4055 Abend, Failleron, Abdpen, als Kremst,
3563 3834 4435 4228 anzusehen.
