6792 4216
1920 172 3484 466 2.) Stad. des chron. Judo kyklets mit
3507 156 5106 439 längs des die Gefahr umsquerende Hrn¬
3553 286 5057 588 patbnerzuge stattbindet. die Fod¬
1958 359 3465 588 Remissionen. Hieswirkt die Theil¬
3557 477 5045 721 leitz längst des Lehnowen über da,
1992 454 3484 725 ation während seiner Remission
3541 550 5133 862 Chiasina bedrof noch et ünfähig
1954 637 3473 870 vorgenommen, fast eines coniziend
3515 737 5076 1049 III. Jene Formen von Staphylom
1981 771 3458 1049 3.) Amte Poride (haftige) Judokski
3541 927 5106 1214 be denen Stapkylomoperation nicht
2004 950 3469 1206 Hier kan man nog der Gerahon
3530 1072 5072 1401 mehr möglich ist. (Bulbi, bei dem
1950 1111 3488 1362 keinen Erfolg mehr erwarten
3557 1172 5068 1580 den Ektasie auch die Leleva betrifft
1962 1267 3488 1519 es lässt sich nicht entscheiden, ob
3530 1340 5064 1721 u. Bulbi, die in Folge von Druck¬
1962 1431 3473 1691 das Belassen des zuerst erkrankenden
3526 1477 5110 1897 steigung amaurotisch würden.)
1965 1557 3469 1843 Augs, oder der heftige Reiz Auf¬
3580 1633 5179 2042 IV. Fällen von bößtigen (ham̅th)
1916 1740 3492 2011 Ognation mehr nachteil auf die
3568 1805 5110 2225 Glau kom, bei denen durch die Zück,
1931 1958 2538 2206 Entzd. wirkt.
3545 1996 5099 2343 tome die Schmerzen nicht behoben.
2019 1992 3484 2263 Seltene Fälle sind es, wo in
2023 2183 3473 2454 1) u 2/m Entzugestegert, od
5263 2145 6507 2439 VI bei proken, auf kam and
3606 2252 4564 2492 werden können.
3603 2290 5102 2687 V. Luxirte Luisen, Cystiorens id¬
5221 2358 6568 2587 Noch zu still Blut nach Op 50
1962 2320 3541 2622 eine heftige Entzürich hervorgerufen
3603 2469 5041 2832 Treendkörper im corp. vite.
5286 2481 6633 2771 Verlesen einen kaplyk oglanen
1939 2492 3549 2778 wird selten, wo er nachste Operator
3591 2637 5099 2992 die bei Beregnung des Bultus an¬
1958 2648 3507 2939 in Folge Contraction der Nach¬
5289 2698 5648 2919 Buldins
1977 2771 3488 3091 jurica Residoe ch Eufssoch
1981 2832 5053 3255 zum Ausbruche der sympathie die Wandung anstoßen, und die
3564 2961 5121 3354 Quelle fortwährende Reizungwerden,
3580 3179 5072 3519 in auf kommenden Schiff an
1954 3187 2442 3374 konnt.
1969 3198 3496 3564 Man nimt an, daß die Fortleig
3606 3313 5163 3664 dem Arge zu entfernen sind.
1992 3435 3492 3713 von seinem Auge auf das andere
3622 3500 5072 3782 Contrain. Tanopht., weil sieht in
1946 3591 3545 3896 längs der Ciliarierten vielleicht
3599 3679 5221 3942 Folge des Kirchenleicht Menni, entsteht. —
