4888 6216
1727 342 2977 562 Internationale Klinische Kundschau 1891
2430 459 4269 623 und Erblichkeit auf Genie und Wahnsinn, Einfluss von Krankheiten,
2420 515 4265 702 vom Einfluss der Civilisation und der Gelegenheit, In der Abtheilung
510 548 2355 702 Mann ein Geheimmittel, mit welchem er uns gerade das geistig
2434 595 4269 754 «das Genie bei den Irren» handeln die vier Kapitel über 1. Beispiele
529 632 2383 782 Krankhafte in irgend einem genialen Menschen klar macht, während
2420 665 4293 815 von Schöngeisterei, Hexenmeister, 2. Kunst bei Irren, 3. halb ver¬
529 702 2378 847 das übrige Wesen eine Zeit lang im Dunkel bleibt. Es sind nur
2430 730 4283 889 rückte (mattoide) Künstler und Literaten, 4. politische und religiöse
524 772 2378 918 krankhafte Keime, aber sie existiren, wenn auch zuweilen die Ver¬
2416 805 4288 974 Irre und Mattoide. In dem vierten Theil «Die Entartungspaychose
543 829 2383 988 anlassungen ausbleiben, welche diese Keime zum Reifen bringen.
2420 871 4297 1021 der Genies’ spricht der Autor 1. über den Charakter geisteskranker
679 908 2359 1063 Manchmal hat man immerhin den Eindruck, als wenn
2439 932 4297 1095 Genies, 2. Aehnlichkeit mit 'nicht irren Genies, 3. epileptoiden Charak-
552 988 2364 1138 LOMBROSO von seinem Forschertrieb zu weit geführt würde; da
2434 1002 4302 1189 ter des Genies, 4. über die Heiligen, übei das lautere Genie, um
552 1058 2369 1208 wird besonders in dem Kapitel über Genie und Degenerationszeichen
2448 1063 4316 1241 mit den «Schlussfolgerungen» zu enden. In dem reichen anekdotischen
543 1124 2373 1273 klar. Man lese beispielsweise die Absätze über Wuchs, Magerkei
2448 1147 4316 1301 Beiwerk, welches das Werk LOMBROSO's enthält, wird das Interesse
534 1194 2373 1348 und Schlankheit, Unähnlichkeit, frühzeitige Entwicklung und spät
2444 1203 4330 1381 begründet liegen, welches es auch für Laien in hohem Grade besitzen
552 1269 2383 1428 Entwicklung, Albernheiten und Schnitzer und man wird finden
2453 1283 4321 1447 dürfte; die Gelehrten werden sich mit den allgemein giltigen Sätze
552 1325 2383 1479 dass LOMBROSO da gar oft mit demselben Rechte von der Verwandt
2448 1344 4321 1507 zu beschäftigen haben, die der Autor zu entwickeln versucht. Wohl
557 1409 2392 1587 schaft des Genies mit dem geistig normalen Menschen als mit dem
2448 1423 4335 1587 einzusehen ist, dass der Inhalt dieses Buches leicht in's Ungemessene
2453 1475 4321 1652 zu vermehren war, vielleicht wäre es aber sogar in der Ordnung
562 1517 1432 1643 wahnsinnigen sprechen könnte.
2472 1564 4335 1732 gewesen, einzelne Partien, wo der wissenschaftliche Werth gegen¬
740 1545 2392 1690 Auch die Stellen über mangelndes Vaterlandsgefühl bei ein
552 1629 2401 1765 zelnen Genies sind nur interessant, ohne im Geringsten im Sinne
2476 1610 4335 1788 über dem belletristischen zu sehr in den Hintergrund tritt, zu kürzen,
571 1685 2411 1835 des Verfassers beigezogen werden zu dürfen. Vaterlandsliebe als
2467 1690 4349 1863 dagegen wieder in anderen Partien die Reihen der Beispiele zu
571 1760 2411 1910 etwas Angeborenes, ihren Mangel als eine Art Neurose oder Geistes¬
571 1826 2425 1961 störung herausstellen, geht doch nicht an; sie ist wohl im
2645 1788 4340 1994 Was die Lektüre des (überdies ganz ausgezeichnet über¬
2467 1844 2762 1957 ergänzen.
580 1901 2420 2041 besten Fall die edelste unter unseren Gewohnheiten. Heine gehört
2481 1896 4358 2078 setzten) Buches zu einer so besonders genussreichen macht,
585 1961 2420 2111 keinesfalls hieher. Man lese doch einmal seine Werke; dieser Mann
2481 1980 4363 2149 ist jedoch ganz hauptsächlich die Zwanglosigkeit, in der
580 2036 2401 2177 sollte Deutschland gehasst (so lautet das Wort bei LOMBROSO
2476 2046 4358 2210 LOMBROSO seine Ansichten und seine Geschichten vorträgt. Hie
599 2107 2430 2247 haben? Er hat sich unter bitteren Schmerzen von seiner Liebe zu
2500 2121 4363 2284 und da streut er Bemerkungen ein, die wenig zur Sache, aber
2490 2172 4377 2341 umsomehr zum Autor gehören, wodurch eine schöne Lebendigkeit
599 2186 1919 2322 demselben heilen wollen: das ist die Wahrheit.
2495 2252 4363 2420 des Ausdrucks erzielt wird. Und was für eine Arbeit, was fúr ein
763 2242 2430 2416 Der Einfluss von Atmosphäre und Klima, Rasse und Erblich
2495 2308 4363 2500 Wissen steckt zu alldem in dem Buch! Und welche Selbstständigkeit
595 2327 2430 2486 keit auf Genie und Wahnsinn ist in mehreren Kapiteln mit Hilf
2495 2392 4377 2565 der Betrachtung, welche systematische Begabung. Dabei fühlt man
609 2397 2439 2565 statistischer Tabellen in höchst anregender Weise abgehandelt
2500 2448 4386 2640 ganz wohl heraus, dass LOMBROSO selbst sein Werk nicht als
595 2467 2448 2640 es ist begreiflich, dass es hier an Vollständigkeit gebricht. Für
2523 2523 4377 2692 vollendet betrachtet; man sieht sein Bestreben, neue Beispiele zu
613 2542 2448 2682 unsere Zeit ganz besonders interessant ist die Stelle über den
2504 2593 4386 2757 finden, weitere Erfahrungen zu sammeln. Eine Reihe von Forschern
613 2603 2462 2757 Wahnainn bei den Juden. Da heisst es: «Es ist wirklich höchst
2523 2659 4391 2827 auf verschiedenen Gebieten sollte ihm hier behilflich sein. Ganz
613 2673 2467 2823 merkwürdig, dass die Juden ein vier-, ja sechsmal grösseres
2523 2734 4386 2902 besondere Anregung wird der Völker- und Weltgeschichtspsycholog
613 2739 2444 2893 Kontingent an Geisteskranken stellen als ihre anderen Mitbürger.
2514 2804 4396 2963 bei LOMIROSO finden, wie er wohl auch viele bei ihm gefunden.
618 2804 2453 2954 Dann weiter: «Das sind ganz auffällige Verhältnisse oder vielmeh
2930 2856 4344 3015 rer, dämmeriger Glanz fällt auf die Philosophie
623 2874 2467 3033 Missverhältnisse für eine Bevölkerung, wo die Greise, die eine
2930 2926 4419 3071 Von Genialen unter den Irren
2224 2930 2472 3057 koholiker
2050 2945 2219 3043 die A
2046 2991 2214 3085 Cultivateur
623 2973 2074 3122 grosse Zahl von Greisenwahn liefern sehr zahlreich,
2537 2996 4410 3141 und von Irren unter Männern von Geist erklärt uns, wieso das
623 3015 2467 3188 wohl die Vorkämpfer des Antisemitismus, dieser «Schmach» des
2537 3062 4419 3211 Schicksal der Völker so oft in den Händen von Geisteskranken
641 3118 2467 3258 gegenwärtigen Deutschlands nicht gedacht. Sie würden sich wenige
2537 3141 4414 3282 liegt und wieso diese zum Fortschritt des Menschengeschlechts
637 3193 2467 3319 über die Erfolge dieser Rasse erhitzen, wenn sie bedächten, um
2523 3207 4400 3342 beitragen konnten.» So LOMBROSO. Wir also müssen zum Mindester
641 3263 2476 3380 welchen Preis dieselben heute noch erkauft werden» u. s. f.
2547 3268 4428 3413 vorsichtig sein in unserer Bewunderung vor dem Genialen, manchmal
641 3338 2495 3459 einzelnen Partien des Buches verwischt sich das Strengumschriebene
2537 3356 4330 3520 wohl auch in unserem Bedauern gegenüber dem Wahnsinnigen.
632 3408 2490 3525 des Themas aus einem leicht ersichtlichen Grund: der Verfasser
3647 3394 4400 3530 Dr. Arthur Schnitzler.
655 3459 2472 3595 (und zuweilen der Uebersetzer in seinen Anmerkungen) vergisst die
641 3534 2490 3651 Grenze zwischen grosser Befähigung (Talent) und Genie auseinander
641 3609 2476 3717 zu halten, gewiss eine unendlich schwierige Aufgabe, aber de
3174 3572 3796 3731 Zeitungsschau.
651 3670 2481 3806 Werth einzelner statistischer Angaben, die ja über die Verwandtschaf
655 3750 2495 3867 von Genie und Wahnsinn Aufsch'uss geben sollen, verliert so be¬
2556 3703 4424 3904 Zur Therapie der syphilitischen Erkrankungen des centralen
665 3815 2490 3932 trächtlich an Werth. Hier ist noch ein gutes Stück Arbeit zu
3258 3839 3736 3951 Nervensystems.
674 3890 2500 4012 leisten. In manchen Fällen grenzt die Entscheidung nach unserer
2954 3871 4040 4054 Von Dr. H. Bauke in Sonneberg i. Th.
665 3946 2500 4063 vorläufig doch noch beschränkten Kenntniss von den wissenschaftlich
2720 3974 4428 4134 Der Umstand, dass man fast allgemein die - Prognose der
674 4031 2500 4143 feststehenden Unterscheidungsmerkmalen zwischen Genie und Talent
2570 4077 4443 4213 cerebralen und spinalen luetischen Erkrankungen ziemlich ungünstig
655 4096 2504 4208 an’s Unmögliche; zuweilen aber zeigt LOMBROSO eine so ausgesprochene
2570 4138 4428 4279 stellt und sich der einzuleitenden Therapie gegenüber skeptisch
665 4152 2500 4302 Liberalität im Verleihen des Titels Genie, dass jeder vor-
2579 4208 4443 4340 verhält, bestimmt den Autor, eine Kombination therepeutsscher
674 4227 2500 4363 urtheilsfreie Leser aus eigenem Antrieb manchen Namen wird
2579 4274 4438 4419 Massnahmen des Näheren zu beschreiben, die er seit einer Reihe
660 4293 2509 4414 streichen wollen. In einer Anmerkung wird der berühmte Wiener
2565 4354 4447 4489 von Jahren bei syphilitischen Erkrankungen des Hirns und Rückon
669 4368 2523 4513 Psychiater MEYNERT als Arzt jüdischer Abkunft aufgeführt, dies
2579 4424 4457 4555 marks mit gutem Erfolg angewendet. Das ist die Verbindung der
683 4433 2275 4583 scheint auf einem Irrthume des Uebersetzers zu beruhen.
2584 4517 3834 4634 Quecksilberschmierkur mit der «Wasserkur».
838 4513 2528 4634 In aller Kürze wollen wir noch die Eintheilung erwähnen,
2734 4536 4457 4723 Bei der Schmierkur durchdringt bekanntlich das Quecksilber,
674 4583 2514 4709 welche LOMBROSO seinem Buche zu geben für gut befunden hat
683 4658 2514 4794 Es zerfällt in vier grössere Abtheilungen, die erste «Physiologie
2589 4653 4447 4784 als «graue Salbe» eingerieben, in feinsten Kügelchen als Metall und
2589 4723 4461 4864 fettsaures Oxydul die Haut vermittelst der Haarbalg- und Talgdrüsen
679 4737 2514 4864 und Pathologie des Geistes», die zwe.te «Aetiologié des Genies»
688 4798 2514 4925 die dritte «das Genie bei den Irren», die vierte «die Entartungs
2589 4803 4433 4920 und gelangt so unter dem lösenden Ein flusse der Drüsensekrete —
688 4868 2523 5014 psychose des Genies». Die Angabe der Kapitelüberschriften wird
2579 4864 4457 4986 zum Theil auch durch Verdunstung von der Haut und Einathmung
683 4934 2519 5065 ein weiterer Behelf sein, um die Methode des Autors zu versinn
2603 4943 4466 5056 — in den Kreislauf. Ausgeschieden wird es durch alle bis jetzt
698 5000 2528 5131 lichen. In der Physiologie und Pathologie des Geistes finden sich
2589 5014 4461 5126 darauf untersuchten Sekrete. Auf die Theorien der spezifischen
702 5079 2528 5187 vier Abschnitte: 1. Geschichtliches. 2. Génie und Degenerations
2607 5079 4480 5206 Quecksilberwirkung will ich nicht eingehen; wir können jedenfalls
2598 5140 4485 5271 annehmen, dass einmal — wie BINZ sagt — «der Syphilispitz von
698 5145 2547 5271 zeichen. 3. Abortivformen von Neurosen. 4. Geisteskranke Genies.
698 5210 2542 5355 In der «Aetiologie des Genies» spricht der Verfasser vom 1. Ein¬
2603 5210 4475 5346 dem gelösten Quecksilber in seiner Lebensenergie geschädigt und
702 5290 2551 5416 fluss der Atmosphäre auf geistige Arbeit, 2. klimatischem und sozialem
702 5285 4466 5510 Einfluss auf Entstehung grosser Geister, 3. vom Einfluss von Rasse | no von der natürlichen Heilkraft des Organismus leichter über
