6712 4424
3736 109 4033 212 DATES DES ACTES
3323 191 5322 759 mer Fälle von Aphonia.
3372 466 6166 915 J. D. Arnold I was bed. Sir. Pliforn.
3443 904 4407 1208 p 222, 487
3344 999 6053 1416 1. Tall. Aphone nach Sÿphler. Nach 2) feil
3288 1218 6127 1635 it Fall mit Cakt:) 2 1/2 Jahre späte Gemütsen
3464 1490 5209 1896 schütterung; neuerliche Verletzt
3404 1780 4831 2105 2. Fall. syph. nato
3485 2076 6000 2641 Tauberst. der L. Stiunde von der Ston¬
6095 2211 6441 2514 cheps?
3934 4001 4308 4216 F.T.K
