6990 4633
1920 500 3463 824 entgegengesest Hälfte Dr Ret¬
1886 711 2309 918 intact.
1922 784 3455 1092 Wenn jemand ein Einschrauß von
1897 933 3396 1205 der Nähenheit herhat, so ist
1865 1096 3497 1372 die Umpor. Natsthauthälfte unempfin¬
1803 1257 3486 1552 lich, u ist die Diagnore auf Glaucon¬
1880 1479 3474 1706 zu stellen. Einschränk von oben
1905 1587 3321 1890 her auf Nehantabheben
1830 1803 3425 2008 Wenn man kein Dirkler Junior
1838 1905 3434 2259 hat, so kan man auch im Falle
1824 2070 3507 2394 entscheiden, ob die Rehne umführt
1842 2256 3453 2503 ist - durch die Pupillenraction.
1842 2397 3484 2660 lven die Retria auf Licht u din¬
1844 2539 3497 2863 kel reaget, so muss die Pupill
1842 2773 3417 3043 auf glötzlich ein fallend große
1863 2949 3446 3170 Lichtmenge sich contrahiren
1855 3070 3455 3323 Das Hände Nage mit dem Handtuch
1826 3246 3465 3480 bedeckend, stellt man sich vor
1830 3396 3428 3656 den Kranken, läßt ihn gerad
1865 3524 3482 3835 z. B. auf die Sinn stehen; wirft
1832 3718 3448 3992 einen Kerrschatten von der Nosen¬
1796 3865 3382 4157 heite ihr Kranken nach sein
1872 4042 3419 4314 Auge, fixirt habe fortrahrend,
6387 422 6629 577 12
3804 435 5184 667 die Pupille u entfernt schnell
3791 627 4195 761 it and
3771 657 5255 929 3. Im Bultar darf kein entzdl
3771 834 5176 1129 Zustand vorhanden sein i Gries¬
3764 1002 4523 1315 byklitis, Ulcera.
3783 1092 5203 1430 Orig. u Thranenhack michs gesund
3758 1456 4001 1602 sein.
3760 1380 5259 1734 5. In allgemeiner weiss das Jeder
3756 1694 4387 1911 gesund sein
3735 1667 4760 2081 Zeichen der Reise:
3743 1851 5257 2227 Theilen des Schlagschalter u. Podenstern,
3750 2041 5226 2369 glanges u Speichen; die Vorder¬
3756 2231 5239 2514 kommen tief; keine Lectoren¬
3754 2411 5222 2691 eintheilg. Treibg gleichmäß
3762 2671 4379 2875 weiss. Grau
3768 2719 5230 3039 Eine reife seine Cat. zerfällt
3766 2878 5253 3191 in 2 Bestandtheile: Cassel
3735 3032 5236 3350 u Kapselnholt; u. wenn sie reif
3771 3202 5276 3549 ist, so lassen sich leide so von
3754 3392 5324 3697 einleuche treuen, wie ich reise
3854 3595 4894 3858 Trucht von der Schale.
3787 3720 5289 3994 die Cat. müsse zufällt selbst
3791 3921 5264 4113 in die Cortic, die mehr weniger
