7000 4488
4718 139 5319 319 et à son
3592 244 5049 522 gewebe, welches nicht die Clasti¬
2121 289 3258 586 Narlenstaphy 6 m.
4092 390 4489 526 Omalen.
3607 375 5090 649 gehil der comea mehr hat, es
2065 484 3502 758 Hornhantworben, welche
3570 552 5049 785 wird also infolge der intrave.
2031 631 3487 912 ist u wo die Jris eingenachsen
3596 706 5169 953 drückes ausgebuchtet. Widmen
668 664 1836 983 * statt, hooch ein to pghy lom
2012 800 3472 1100 ist. Ein Hornhausstazfzlom¬
3589 856 5053 1081 er ertatische Nach der Comea¬
541 912 1329 1111 “Marbens taphy lom”.
2057 946 3480 1231 ist eine einuherndeblichen Erf.
578 950 1896 1261 Hornhautstaphylom ist die Eclaren
3596 1044 4779 1303 mit vorher Synechte.
2057 1119 3551 1378 Gebila, das aus Wirbergewebe
578 1119 1941 1348 von vormalen Hochaufgefüge, vob¬
3619 1179 5101 1494 Ergibt 1. totales 2. partielles
593 1235 1869 1460 die Tris nichts zu thun hat (Siehe
2042 1216 3521 1456 u xxx damit verbündnis seis¬
3615 1280 5146 1592 Bei letzterem kann das Sehver¬
578 1370 935 1599 sullway
2012 1370 3514 1727 theilen besteht, also ein ver¬
2046 1509 5071 1948 michs ein jafor. Cormageschius mögen ersetzt werbe, wenn die
2057 1502 3510 1772 näbtes Notapräs anli. Er
3615 1610 5101 1941 anntrn ophschen heden noch
5199 1715 6505 2027 + Centrales und perißterer Näher
3645 1776 5139 2068 rein u. intact sind. (Inventorium)
2053 1798 3544 2125 Norauspagangen sei, wobei die
5304 1869 6423 2196 Ersterer, xxx der Leurand
5255 1922 5683 2076 staphhen.
5349 1929 6565 2267 eingewachsen, parischer, wo die
2038 1952 3529 2279 Iris vorgefallen war. Wte das
3645 1948 5075 2312 die Jris kann in die Nacke ganz
5330 2031 6614 2384 Tris in ihrer Breite eingewachsen
3649 2151 5128 2485 eingerachsen sein od. und am
2027 2117 3551 2492 Geschwär seuforirt, so fließtetes
3667 2233 5090 2620 Theil oder der ganze Pupillar¬
2027 2297 3574 2598 Kammewasser ab, da Jris legt
3656 2466 5135 2767 vand, mit diesem zugleich auch
2061 2474 3611 2767 sich an, des Kommersassern
2023 2631 3536 2894 wieder serviert u. prasst die
3682 2624 5131 2992 der Gebieter. Die Einwachsung
2083 2785 3555 3097 I is in ite Oeffnung. front¬
3682 2767 5221 3172 des Schuetus hat solgende Gefahren.
2083 2905 3600 3198 cirkeln sit alsbeld Gramila-
3664 3056 5030 3285 1. Störung als Schwermögens
2027 3037 3540 3375 ctionen, u inprolabirte fris
3664 3157 5173 3461 I. Wenn der Sphieter nimml
1989 3191 3544 3611 heilt ein. Ist der Prozes
3641 3333 5143 3596 in eine Narbe ungerachsen ist,
2023 3401 3551 3709 sich ausgebreitet, so fällt
3694 3562 5173 3863 so hört er auf ein Pfarrter
2046 3585 3615 3953 die ganze zu hinein; es gram¬
3701 3667 5176 4032 zu sein; es hat eine Ansatz¬
2053 3694 3630 4062 lot, u es entsteht ein Naben
