7013 4644
3724 463 5201 698 die Erwähre der Unse geschafftion
3728 619 5214 834 Comp. cit. u Ramermasse intrect
1846 611 3378 863 Fahren der Jounla insermen
3726 725 5151 1017 durch die Epitelien; die Luise
1848 719 3378 1021 (Lig.scp. Centis) erschrifeln. Leip
3711 911 5093 1150 massen der Remion aus
1848 900 3365 1123 mit dem corp. cit in Verbrud
3842 959 5449 1315 Luxalienst. Leuse nach Fraumer
1792 1092 2075 1277 steht
1748 1111 3380 1352 des "Saauchym" besteht aus Tafern
3730 1279 5216 1544 Die Jus ist fast voll den zerstört,
1800 1279 3405 1521 welche durchsichtige Bau des abgestaltet
3707 1373 5128 1669 schlottert, (Quidonesis) de Cinq
1792 1452 3378 1686 sechseckiger Frei sind u. in der
3697 1490 5247 1794 bulh ip au oben Rauch keget
1800 1554 3394 1825 sog. Keruzone der Lache mit
3690 1677 5264 1980 förmig, hervorragen, durchscheinend.
1827 1717 3378 1932 komen verfahre sind, daß falle
3686 1792 5261 2103 Wahrscheinlich Barstern der Klera;
1807 1840 3399 2136 beiläufig mit der Aequatorialjähr
3694 1946 5186 2248 in derselben Kann Kamerwasser
1769 1988 3390 2269 zusammen. Diesenkapsel
3719 2161 5224 2380 od corp. vitr sch Lense sein; An
1752 2153 3355 2411 heit Epithel, die sie tre nicht. Die
1802 2284 3415 2532 Linsenfersern mit König sind
3697 2307 5189 2592 chen Umstände, daß die Fris-defect
1798 2411 3413 2740 langsgezogene Epithélyxfelde.
3709 2482 5174 2753 ist, läßt sich receursmen, daß es die
2994 2538 3344 2657 (alf)
1840 2588 3444 2898 Eine Zinsenfahr ist kürzer als die
3701 2707 4282 2886 Luise ist. -
1794 2703 3365 3040 halbe Sommefueur der Luiß
3694 2684 5241 3011 Lux abonez werden in 2 Grippen
1848 2834 3367 3101 die Fasern sind in drei System
3665 2992 4140 3209 Getheilt.
1827 2986 3428 3278 eingetheilt, welche an der roeten
3663 3030 5149 3340 1. Eclopie (nachmon uoben)
1765 3130 3447 3432 u Jinten Linsenfläche in folgender
3655 3180 5226 3467 angeboren Kagerieramte der Leiche.
1792 3305 3190 3615 Siger x zu saanan soßen,
3647 3355 5170 3611 2. Lie & ahon - alle amten Lage -
1825 3426 3424 3759 Die Hauptbedeut der Luft liegt
3694 3480 5232 3738 Veränderungen, zu beiden gehören.
1848 3594 3432 3867 in ihrer Durchsichtskeit u starker
3686 3628 5197 3913 Verwürtzung Zornka. - Lüx. ist
1842 3738 3403 4020 brechung alle pattol. Verwand¬
3722 3820 5178 4055 in Mr. Kegel traumatroch
1800 3899 3367 4190 sind auf dies zurückgeführen. Sie
3736 3901 5249 4215 u kann durch Lieschlag auf der Bulbe.
1811 4028 3415 4332 haben auch reichen Wassergehalt
1863 4197 3328 4440 mütte für die Calerautbild
