6616 4152
6074 158 6282 338 52
3408 176 4896 428 cke ande Hand die früher am
1672 190 3180 470 nebende in der Nackof ausgeführt
3444 302 4868 614 Marisngründe anste nach, gestimmt.
1666 384 3170 628 Der sich denn der Meinmikel an Oauf
3414 436 4936 766 Uteres as seer fasst mit & Finga
1648 594 2210 760 relacives.
3394 642 4892 898 sten Kopf u schickt währen der bisher
1678 596 3220 950 doend anbelst das doppelte Handgeffs
1720 798 3250 1102 wie Ryf in 1 Tussen becken kommt
3450 774 4942 1090 Hause oder Närkehr der Kglansson
1636 954 3246 1230 liegen, des Kopf mäßig beresicht ist. Der
3438 1002 4878 1248 is der Hohe, inden man zu früh mit
1674 1088 3226 1404 Insinht rejavnirt werden kann
3424 1142 4896 1388 der Sillinge an Fuße. so lange jetzt,
1670 1210 3254 1566 wenn bei einer zuerlage an Fuß
3432 1294 4878 1556 bis der Puß di ouba bis zum Knie¬
1724 1388 3236 1732 im Cero=kanal bist, Thalte
3416 1492 3938 1764 Gassert hat.
3476 1494 4814 1894 Weid nach Baston Nicks
1734 1530 3286 1844 mäß. Erxirt. dann rückt sie bei
1718 1700 3274 2060 Äußen Aariss nicht hinauf zu diese
3426 1668 4888 2012 Nachdehrs Matfert was der Land
1666 1860 3242 2208 Wenden bedarf man eine Königl. Dinge
3442 1898 4914 2198 ausgeführt, wenn das Oril noch nicht
3424 2030 4902 2362 Dienst ist. Wen zt. als Frust¬
1730 2048 3144 2354 Riemen, Band) Man legt die
1726 2154 3284 2494 Schlinge über den Fuss, den man forab
3436 2206 4918 2538 blas geschengen ist, Fotussirt
1696 2312 3268 2708 geholt hat od der norgeselle so; die
3458 2380 4968 2692 in seine Lage befindet, u. man Gefahr
3442 2528 4884 2836 läuft beilangen Zunaten,
1716 2554 3272 2826 Schlage wird über die Kriegegezogen,
3446 2654 4944 3026 bis das or if. verstecher ist, die Hand
1682 2700 3282 2972 u mit der andere Hand so geknotet,
1722 2850 3280 3140 daß der Knoten der Klage über den
3446 2832 4884 3208 nicht mehr machen zu können, dan
1716 2974 3250 3314 Justrücken liegt. „Anselben der Feste
3428 3056 4900 3346 mahl mag die land, wenn das
1710 3092 3346 3582 De Hand, da d. Seite des vorgefallenen
3420 3140 4954 3544 orfic für etwa zwei Tugendürch¬
1728 3276 3308 3686 Instituentspricht, oder die Hand, die
3456 3380 4896 3726 gangen ist. - Manpassen mit
1728 3456 3254 3798 ten Fusibe der Land:- heratge¬
3478 3534 4868 3858 der ganzen Hand duragma¬
1780 3622 3144 4010 führt hat, jasst die Meilung
3518 3744 4930 3956 Cervix mit zwei Fürgern,
