6760 4520
450 118 679 290 Herr
3599 183 6407 607 Vodes über einige Kunkt betreffeter dagegen
3557 427 6247 836 bod. u therap Judic. Das Largerspangtonne
3545 695 6240 1049 herrührend von Uneugswendwirt auf Vng. u
3511 920 4393 1217 Nous remis.
3545 1011 6488 1507 David Newman (Glagow) Br. m. J. 2/7 1887
3564 1427 4183 1649 4. Fälln.
3519 1458 6526 1801 1 Ancien st Av. i A. annom. Können zuerst zu Lar¬
3580 1679 6354 2099 sympt Anlassgaben; das gewöhnlich nach
3568 1935 4331 2191 ander bereit.
3492 2004 6568 2442 zu den ersten Starten kann it Durch Dyppnsepa
3519 2248 5385 2629 mit Stridos u Hüßen hervorufen
3511 2427 6533 2790 Zu den späteren Staaten gewöfft Paralyse, nicht niemont
3515 2694 5182 3019 ein Seite beschmuckt beibend
3530 2839 6511 3267 4. Injurissen Fall nachlauf nicht im geg Cesphyr
3583 3099 5137 3503 sondern als Heilafahren
3541 3324 6396 3679 Die Dyggere durch Krampf in Folge einer
4347 3599 6476 3992 leichten or intermittinge
3522 3652 4186 3942 Sewon 1889/8
4022 3812 4351 3996 3.4/2
4034 3957 4438 4160 V. 710.
