6696 4216
3445 214 4883 547 Raum man das Luft nosfelt,
1855 229 3334 505 l. die Nortr.k. darf nicht auf sey,
3403 375 4917 692 Nau eere, das Lüstere, der
1893 409 3292 684 - aine xxx Catr ist und auf
1874 528 3334 868 (nigop Anges haben diesen
3445 543 4944 841 Wochenheit, herbrief, was in ihm
3449 673 4936 983 Moman h'nistrecht properirt wird
1877 684 3361 1055 Mypermetrop. Juristre d'aucuns.
3434 834 4979 1208 so witsprai da die Schlafschaik
1839 853 3338 1197 12. Mär des fern keine Schlagsehalk
3460 1002 4982 1354 nicht ordentlich percipirt, aus
1877 1067 2570 1300 de. Pis sehr.
1855 1132 3395 1445 3. die Cat. darf keine Verbunde
3457 1174 4944 1522 bei Gläuken, wo aus Einschränk
3434 1331 4898 1694 nach einen ist, zutrifft. Eine
1828 1334 3323 1625 glaz besitzen, dann diese Zeigt
3476 1468 4948 1809 Einschränk nach oben Fidel¬
1851 1491 3315 1812 nus, daß getrübt und ungetreten
3476 1644 4956 2011 sich bei Commotio retuiae.
1877 1640 3388 1973 Schriften mit einander abreisse.
3449 1767 4944 2153 - Wie man kein Drukken
1866 1793 3327 2126 II. komme spachige Tribunge,
3457 1939 5013 2352 Zimmer zu Verfüg hat, geruftman
1855 1985 3407 2294 dürfen da sein; denn diese Bericht
1855 2172 3395 2451 darauf, daß sich etwas süsse andert
3460 2199 4680 2505 der Pipillarreaction.
3476 2302 4944 2646 Weiters. der Bulbäs der sa¬
1832 2298 3376 2646 sicht Schreiben zwischen einlände.
3472 2455 4982 2837 Kama antoond Caffect. Cond.
1862 2558 2520 2772 schreiben.
1881 2596 3342 2891 Weite Beitig. von der Cat. zu
3453 2646 4971 3021 Rein Hancom darfwehnete sein
1870 2872 2405 3067 ogeriren
1908 2807 3418 3200 N. opt. u Retin a müssen uiter.
1908 2887 4994 3357 sein; wie uns daher die Küst - der Bek. muß sonst gesand sein.
3483 2986 4975 3376 Er darf keine Theilen sack¬
3460 3147 5078 3564 Hennorhoaau kein Einjunct¬
1851 3204 3407 3602 empfandg prühre ein nomaler
1881 3353 3422 3724 Auge um so Luft u denkal auf.
3460 3426 4512 3736 affection bestehen.
1862 3522 3376 3862 20’ entscheit können n.
1897 3690 3308 4046 angeben in welcher Reiß ein,
