6937 4856
1034 199 2973 511 Cette nouvelle était été toutes les
876 410 2917 744 ne pouvoit pas mauvais que la
3714 492 6371 857 Über Fundienstörungen der Kehlkorfs
3699 748 6495 1131 bei Erkrank des Centralverwiesgst,
3763 1086 6510 1616 Centrbl. J. Nhkd u Bgeh. Nr 23, 1885
3706 1007 4920 1387 Krause, Berlin
3766 1391 5424 1804 Untersuch von 200 Koncken
3740 1586 6473 2007 Lei Chooce zitternde Actien der schwach gespannten Neu
3721 1853 6322 2127 bundt in Codiclorenparese (faß regeln)
3721 2000 6713 2383 In einem Fall Lüesspinckes des Stralsund Schmer¬
3721 2282 4510 2526 ke bevogleit
3744 2297 6600 2657 F. Hyrlweg u Epert öftes Leuschilpäsz in that
3759 2616 5165 2857 Pusser, Darpuy, Frachéa
3755 2646 6589 3041 is 2 Talland Ralvig Sjøne. Cuaerth der liniosa dn
3793 2992 4841 3270 alern Erflwege.
3747 3026 6706 3420 in 11 ym Feendobullpenalge hochgr. Addpann die
3744 3372 5401 3623 & à tol. Parcily & C. Hild.
3759 3398 6785 3872 bei Terber 38 Falle Baal Paresen und Oenalegen von
3804 3616 6525 4022 Herr Natur, Alaire, rückreiß Bewegungen
3819 3860 5695 4247 Nehnsbleibe auf hallem Wege¬
