6344 4696
4625 342 5354 556 26.8.1890
3258 425 3863 714 Prot 2304
4021 500 4351 830 (Stoch)
2980 669 5730 1007 Josef Freibich, 38 Jahre alt, verheirathet
2927 902 5843 1116 Vater dreier Kinder, Bürgerschullehrer, Leiter der Knabenver¬
2935 1033 5877 1308 beitsschüle in Penzing, Oberlinutenant in der Landwehr
2950 1116 5956 1405 nahm den 5. März im Versauben ein dempfbar, erkältete
2983 1323 5892 1623 sich und es trat den 9. März l. J. ein starker Husten
2946 1432 5963 1789 ein, der anfangs wenig brachtet wurde, bis eine geringe
2950 1619 5749 1965 Menge Blut ausgeworfen wurde. Trat in Penzing
2927 1774 5666 2172 durch Dr. Fischerin virztliche Behandlung. Sowie Dr.
2923 2018 5726 2367 Chiari im Monate Timi einer Bronchialkatarr
2950 2142 5756 2525 constatierte und eine Luftveränderung für gut
1529 2412 1728 2679 peuen
2953 2375 5663 2732 hielt, begab sich der obrige nach Wartenberg in
2923 2469 5824 2908 Böhmen, und wurde von Dr. Klucina, in Böhm,
2991 2702 5986 3138 Aichna, jongia Dr,Weirlich, ferner Dr. Kunstner
639 2874 763 3059 5,3
3010 2893 5723 3303 "Warnsdorf untersucht, ferner Dr. Porsche in
643 3194 767 3370 dasbasse
3014 3021 6042 3479 Reichenberg. Dr Klucina scheint das Richtige constativ¬
2987 3303 5723 3690 zu haben, indem er meinte, daß dieser Zustand
2668 3423 2859 3660 e
2968 3337 5911 3908 nicht mehr weg zubringen sei. Vorauszusetzen wäre
2961 3675 5723 4062 daß auf meine Beschriftigung in der Werkstritte
2938 3836 5922 4250 dazu beigetragen haben, in dem die Holzarbeiten welche
3002 4096 5527 4464 wir anfertigen zum Schlusse mit Glaspap:
