7042 4216
1855 125 3432 371 der prima erkrankte Bulbes,
1840 292 3455 567 ist unerhöchter Reizung; ist die tyms¬
1846 421 3440 667 Affect. in Augny, so if it prim.
1813 558 3467 802 erkrankte Felbis Achtschen; Thräne
1834 746 2803 998 täuseln vorhanden.
1825 808 3451 1142 Subpctio. Beganemte Abnahme
1819 1000 3459 1323 des Schvermögens. Zeigt sich durch
1834 1165 3438 1402 Abnahme der Accomat: der
1775 1315 3447 1586 Nachehenkt und sie ausgerückt.
1819 1465 3422 1738 Das schlechte Schön bericht auf Tritung
1809 1636 3449 1905 des Glaskörgers, was auf exser
1805 1784 3415 2048 Prozesse in Ret. u. Corp. cilhin¬
1775 1944 3384 2198 Deutel, darum kommt es auch zu
1790 2132 3382 2367 Cilcamej. u. Exdem d. indlyxis.
1832 2246 3340 2517 es kommt sie zu Supprisation
1805 2400 3442 2690 sonden zu mässiger Exrédaten.
1809 2555 3486 2819 Dte Jris intrimescirt, fink zyn echien
1786 2719 3442 2944 occlus propi Clae, Auftreten neue
1830 2873 3426 3163 Gesäße in der Fris. Es sind
1827 3038 3390 3294 also Erhtsgründ mit Tenden¬
1832 3146 3409 3457 zur Körpergestaltig, Orgumtatur
1840 3326 3369 3599 bei Seclus. sind auch Rykl.
1848 3465 3432 3767 schnarten vorhanden. In der Regel
1844 3665 3367 3932 wechseln Ciliaumjert. u Blüsse
6412 83 6722 244 20.
3820 102 5145 333 mit de Cornea munt Theil.
3832 223 5232 494 Steifelung oder pareuch Truby
3807 352 5272 625 mit rd ohne Geföpftilitz im Far¬
3809 558 5107 844 Hochgreifende Veränderungen.
3807 686 5291 1042 Iris ganz aufgelockert, Justicke
3807 859 5255 1213 Ogmanhit Pigment zu xxx
3797 1023 5278 1338 von it frühem Insiltz. ipsintümes¬
3799 1190 5226 1492 eint geblieben, so daß vor der
3784 1365 5293 1663 gadae. Streisg nichts zu sehen ist.
3792 1515 5272 1802 Sie hieht locker, hilzig aus, durch
3786 1684 5259 2048 nachgewebesen lage entsteh¬
3792 1832 5249 2123 manchmal gegen; diese
3784 1982 5253 2328 Zu stand heißt zuiderartig.
3797 2159 5280 2521 al des Profes lange geburtst,
3790 2321 5309 2636 so ist ihr Pupille onz, imregel
3813 2469 5324 2792 mäßig; entweder Schpiller -
3795 2613 5426 2965 membra od. Sfragf in der Sujelle.
3797 2769 5382 3192 das ganze Corp. ei in seiten Fläche.
3807 2934 5334 3286 der diese weitensachen Grauwil¬
3832 3119 5330 3455 Garnk od. mit organis. Dezwbs
3842 3353 5384 3605 schwarten überzogen; in seltern
3842 3536 5382 3757 Fallen verwachst die ganze
3857 3655 5330 3884 Hinterfl der Jus mit der Cassel
