6712 4248
3520 225 4948 496 das war die ließ sogenannt Her¬
1881 295 3387 562 Stell zurück die den Außerxx
3510 433 4345 643 newropaklytrie,
1839 443 3382 757 Anwesigtste Einflüssen, verlesen
3506 522 4936 809 Die vertrocknaben pithalzellei
1845 599 3382 898 ist, es entsteht wen Raatches
3502 716 4985 987 wirken als Freund A. u. xxx.
1894 799 3385 1096 Ernäherstag u bald sehr wir
3530 886 4738 1183 que si peu kuatiliseti.
1855 947 3344 1220 einen Subendanzwärluß mit
3528 1036 5003 1388 Thema sackblennorfen u. Amte
1875 1052 3395 1339 nekrot. Massen bedeckt vor uns.
3510 1196 4958 1544 nfect. Beikhautensd sind von
1938 1246 3389 1519 - Eine weite Theorie besagt, daß
3524 1349 4940 1671 antwortlich zu machen für das
1902 1426 3368 1693 sich bereits unter der Blose eine
3536 1507 4936 1887 Zustande komen segtischer
1896 1586 3399 1875 interst porcielym. Ruatites prar
3518 1673 4977 2031 Geschwer. Auch sagte sich Stoffe
1924 1724 3415 2047 formirt habe - letzt jetzt der Blus,
3532 1800 5009 2169 von außen, wirken in gleiche
1892 1892 3423 2233 chen, heiß schon die Ruatik
3520 1997 4979 2333 Weile. - Charakteristisch fe¬
1912 2152 2539 2355 da u. s. co.
3532 2165 4989 2533 diese sagt. Geschw. ist ihn kunde
1928 2219 3429 2466 ad 2. der Iurium konien
3516 2314 4936 2721 zum Weiberschreiben. es
1908 2375 3421 2652 verschiedene Untersein; ihre
3573 2452 5037 2919 chiebt sich wie ein Eiterhard
1912 2484 3306 2814 Wirkung ist einleuchtens.
3524 2650 4997 3091 fort unin so wt ulcer: Gerab
1902 2717 3380 2964 ad 3. Marovis sprechen wir, wen
3536 2788 5098 3164 an f genomm. Ch. roden s. sup.
1875 2808 3472 3128 die Connetrockne, d.h. die Befreiß
3546 2960 5076 3401 das ich nur die Trarenteres
1867 2958 3455 3296 dürfte Lidschlag in den bekanter
1894 3136 3461 3506 lweise entfällt. Als bei Lajopht.
3546 3138 5017 3522 Concae cndcirt. Dr Geset
1890 3354 3449 3654 mechan a paralytus (Nurbaupouh
3536 3387 5021 3700 liest im Anna durchbret u
1938 3496 3346 3783 -resp. Tur paualyos) Ams
3554 3625 4267 3890 Tres norfell
1938 3678 3449 3955 Tyrstusebe komt Lajopht rar.
