6791 4633
1814 362 3409 606 Die comea ist an ihres Oberfläche in
1787 496 3394 785 ihres Durchsichtigkeit verändert; das
1764 664 3415 973 Anhaufg von Entzdysprödikter
1772 785 3351 1058 sie nach, undungsichtig; die Rückg
1781 952 3161 1241 sitzt hat an der Oberfläch.
1818 1062 3426 1347 Reiß neben Bauheit auch Vasent,
1801 1233 3384 1585 die Gefäße des Kerat. varc. paucon
1783 1362 3430 1728 sämtlich aus der Conj. bielte u dem-
1841 1583 3455 1876 gemäß können sie verfolgt werden
1824 1693 3430 2026 in ihrem Verlaufe, weil sie etc. Ambei
1843 1989 2324 2199 passiren.
1839 1974 3413 2351 zur Diagnose et Rev. Stipersic: ge¬
1835 2155 3374 2430 hört unbedingt Ciliaumjckhon
1845 2395 3434 2601 in Gegensatz zu einem adgelaufene
1768 2514 3440 2774 so mir mehr ihre Produkte vorhand,
1781 2743 2122 2924 seid.
1833 2743 3384 3026 Dieser Prodtikt heißt Sams
1818 2963 3394 3192 Perat überf ist das groß zwannte
1824 3126 2786 3301 Sawi das Prodtet
1801 3174 3463 3457 Aetiolope 1. Nach Lyndesuschs (Fristow)
1826 3349 3392 3644 2. nach Herpes comme 3. wenn
1818 3478 3428 3742 Trommen wurde Art langer
1828 3667 3432 3923 at lomea nigen (Wisti a Muses,
1824 3851 2539 4111 Trictiaois.)
364 4232 898 4404 das obredigen
444 4273 1551 4511 such 4 or 4 or 5 in
3588 331 4969 550 Wenn die Quatiles oben begent¬
3571 506 5027 741 in Form eines halbmonchweig
3565 677 5042 898 Sammes, so ist die Ursache Proctan¬
3569 810 4919 1029 Ker. superf. trachomatoaa.
3605 966 4998 1227 Res. suprf. herpetica (spätes)
3601 1168 5035 1377 auch trannalica), da ist sog möhn¬
3574 1268 5073 1526 lich eirecuwerigt. Bei heepet Geschrieben
3603 1452 5019 1749 auch hergetische Brücke, früher Gefäß¬
3586 1587 4998 1876 Landeher genannt. Die herget
3613 1691 5075 1970 brücke hat eine dreinkige Form¬
3605 1897 5044 2105 weil die Verwendigungen vom
3603 1983 5069 2299 leue gereist werden, u. des Reiz
3592 2155 5073 2428 sich auf alle Nerven dieses Gebiets
3586 2301 5056 2624 fortpflanzt, so entstehen im Verkaufe
3588 2484 5092 2697 der Merven oberflächlich in d'Comea
3594 2655 5025 2945 anhäufig von Rindjellen erspäte.
3586 2828 5002 3028 Sasen Carisation haben treten,
3607 2972 5002 3220 auch die Herzspefüße stärk¬
3580 3086 5100 3361 hervor, man sieht sie zwischen der Blut.
3592 3301 4986 3555 Gefäßen als weiße Stränge.)
3634 3434 5063 3705 also vom partielle Ruatihs
3617 3669 4396 3898 superficialis.
