6744 4168
3572 143 5096 380 2. Weil der Schriftsehr päpter liegt,
2043 147 3495 372 u. Hornhenstand gemacht da aber
516 129 1969 498 Jodis für Lappen nach vielen
3560 315 5146 494 kommt es leichtige Blutungen aus dem
1995 299 3477 496 oft während oder nach der Operation
478 372 1922 767 Jn V. R. lus tint le Rat de
3570 404 5078 655 Canal Schllmann u. zu Glückungen
1989 420 3467 691 die Fris in die wunde fällt, so ist
456 520 1884 888 das ein Grundt steck by
3557 534 5070 848 erfall wegen Nachbarschaft der
1995 595 3485 820 die Fridektonne angezeigt; im
1959 749 3515 990 dieselbe anführen je können, macht
414 697 1940 1069 seine durch multipl Lynee
3570 804 3991 952 Lomula
3566 850 5104 1113 3. die Zwecken bleiben sehr leicht in
1981 860 3503 1151 man die lännte an den Formhuntrans¬
452 1030 1151 1251 airete cat.
1965 1014 3463 1274 u. damit die Bande nicht schaute,
3543 1071 4192 1251 et Comité
3590 1129 5173 1432 Oparation I. Custisca müsserweit
1969 1239 3425 1458 der Colobon nach oben anlegen
3543 1338 5112 1679 unterhalb als obere Kornhentraumte
2107 1412 3437 1629 Lappensebuittaarhoben.
3557 1458 5064 1802 am Herr Heutraude selbst. Chläßt
1989 1595 3437 1830 Hervorgegänge des dem jurpli
3564 1673 5116 1948 sich von vorherin nicht Exercin, wie
1922 1709 3425 1967 Lincarschniknach Graefe,
3545 1802 5104 2087 tief unter dem Herrnuntraut einzu¬
1948 1832 3461 2097 Der alte Lappenschnitt nach Beer¬
3485 1924 5118 2324 stechen ist; es ist die Große der Schnitter
1944 2021 3194 2286 hat folgende Nachtheile:
1997 2159 3391 2453 1. Grisprolaps während mit
3485 2095 5110 2481 nach d Große des jeweiligen Hom¬
3553 2310 5144 2621 sant in des Lusenkernes zu bemessen.
1953 2374 2850 2565 nach der Operation
3568 2483 4996 2748 Contrapruction quincon an et
1959 2445 3419 2736 2. Die Reste lassen sich nicht hinter
3521 2617 5072 2927 entspreche. Stelle et wäre Randes
1902 2629 2937 2856 de Trissernachtreifen
3523 2756 5078 3138 der Schnitt soll überall am Freiheit.
1959 2784 3453 3017 3. das Klaffgsvermögen ist zu
1908 2955 3427 3206 groß, die Wenn in der hinter
3521 2935 4992 3216 auch vorlaufen doch schadet er
1930 3073 3314 3375 Horehantfläche wird zu klein.
3509 3140 5028 3429 nicht, wenn er in die Hochmit, wohl
1914 3270 3369 3537 st peurjoh. Lin karschnitt nach
3523 3278 4956 3566 aber, wenn er in der Salera zu
1953 3433 3355 3682 Graefe wurde verlassen
3523 3471 5044 3724 lieger kommt (wegen Blutungen)
1938 3517 3431 3758 1. weil die lannte zu wenig klafft,
1940 3706 3441 3915 u 4 des Rat je viel abgestrecht und
