5438 5378
1132 505 1976 616 e ee eut eu de r
3651 513 4539 708 Ce qui nʼentraîne
2434 583 3960 734 F.TrubyKing.
2600 745 4694 1044 Fonctionen des Recurrens
2401 996 5019 1409 St. Frank Ionaldsn jun (Baltmore)
2404 1298 4960 1597 Achte Interessis. d. Am. Cas. Gesellt
2393 1504 4322 1884 Shiladelphia be 886
4082 1766 5140 2010 P.D. in Joh.
2467 1851 3684 2087 T.J. Rei veut cest
2552 2047 3901 2294 opkommt universel
2364 2165 5185 2570 Ermahng u. im ganz vor der Koopel schon
2371 2467 3407 2703 os permenter
2408 2614 5203 2902 D. er sich über 5 ex. recht. ein tiefen als
2393 2839 5133 3182 bei leich in Furene über fast vollfert.
2397 3035 5196 3374 Freien Iensori um regelmäßig Adi-
2404 3256 5244 3581 it.htin der, was ich Kennig nie jedoch
2382 3540 5343 3909 seron nr 10 ohm Rollin also applic. wurde
2338 3728 5118 4034 In einem Fall bei aufgehobenen Bewußthin be¬
2353 3924 5233 4226 leichter Riegen Abd to stark Adduction
2356 4134 4945 4392 Et schließt, daß die Constrictoren bei
1593 4632 1755 4838 la
