6696 4296
5072 85 5303 234 n h
4991 142 6171 361 2) komt auch oder Gasfesten von
1756 173 1944 369 Pr.
1902 246 3366 492 Eingesöffn, Entfernung. - Geralt der Pulver
3431 215 4857 457 B Qualif des Verletz im die Gesetz
4991 269 5748 480 3. besondere Gudlen,
5003 257 6432 607 4) neuete Verleh lebensgef. wurde. -
357 273 1349 588 2. Scheill u. Gertwund.
1887 373 3385 661 gehe Subfangenluß.- Aufsz. einer orte mit
3585 411 4154 630 Oesterr. Strafgesch
5164 446 6198 780 Erschnere Amstr 1 § 156
369 446 1818 749 Macht gereder Verlauf; scharfe, evenleicht
3462 457 4619 734 Ihreven körperl Hochditz,
1902 496 3385 734 Emessen besebei Aßolen od. Herrn u Gespanken
369 599 1825 876 gepackte Bruder.  Z. Form Treiss heim¬
1848 622 3355 865 Haut. Versuch de Haare, Sterbren, der
3462 592 5003 903 1.) Gesinnhof stöv oder Berufsunfähren 202.
3470 619 6494 1026 Geschworen krantheil, nicht zeitesdauer. Der Verlusten bleibes Schreib der Grache
411 761 3328 1126 Tiefe je nach Kraft, Schause, Möglichkeit Kleider. - Brandmann!  Schrärz da
369 772 1272 999 Abschreiben, Lappen¬
5007 799 6525 1053 Verletzung des Kehlkofiele, N. Lysergh, Niesius,
1898 845 3381 1145 Umgab durch Pulverschmauch ist von
3493 888 4949 1141 StolCst u. theile Berufskufgister
3531 984 5964 1287 Geisteszäreil durch Kopfverlesungen! Gefahrenerlas; (Schreck.)
1891 1037 2874 1253 kolle; in zwei Zonen. —
388 1080 988 1272 in Eindringers.
4634 1126 4888 1241 (unseil
5068 1022 6567 1333 Vortreffzor bleibes Schwach des Gesichts-Gehör
3447 1160 4988 1406 unmittelb sowie erlödsum, oder
392 1057 1860 1403 Daffung nach Retrail in Interesse Hauszow
1906 1068 3428 1356 frei großen Entfern wirkt blos das Prozentel
3454 1241 5875 1541 nachträglich mit Prodeomals, mptoren Verlust d. Zeugroff
427 1276 1318 1529 Stellg des Adjertheils
3477 1264 6578 1671 (der Dem paralährlich) Deinen, Verlassene Augen etc. dann aufhält
1898 1280 3389 1560 Hetzkugeln egenige imn oft als Nachöff¬
407 1387 1710 1687 Nerlich, großer Gehöfte, Eiterige etc.
5038 1449 6567 1714 Verständ/ oder Veranstalung. (wmbt Gesuch)
1914 1445 3397 1691 gedeut de Seffag). den Offe ihr wege¬
3501 1518 4976 1748 Malancholie, Verfolßrahe u. A.
434 1533 1794 1806 Hinbrunden senkrecht geg das Organ
1925 1568 3412 1802 der dehn = u Geltbarkeit  Haut oft keine
5064 1606 5641 1802 In berückhäft
3520 1618 6525 2048 nach geliegt Verlesz u. L. Uurben 6) Immermehre Rechtund auf eilte,
3508 1652 5026 1933 epil. Tresoin " - (fast stets unheilt)
396 1648 1810 1990 Richtg auch schief - Münke, Lappe¬
1925 1733 2671 1937 als das Projekht
5076 1756 6540 2067 Krankheit und Geist es gewitt ohne Wahl
1956 1775 3401 2075 Chrificaüal. Exposdruck, mitgeressen
968 1856 1283 2044 Nicht.
403 1867 842 2075 Klaffung
3512 1902 4799 2206 noch payer. Jusult unmittelbar¬
427 1914 1883 2236 3 Reiswenden 1 Eingangboffen; Michael.
5041 1929 6352 2202 schnächkeit den Wiede Fristellet
1952 1967 3401 2240 Gegenstände Unterlage der junachs
3527 2094 4388 2298 Franctsp Ananwes
5076 2083 6359 2332 5) Immerw berufsunftegkeit
419 2094 1879 2405 schlitzförmige Einggräfft auch bei nicht zwey
3193 2125 3443 2263 sintelant
1952 2113 2840 2386 getroffen Stelle etc.
3497 2121 4999 2459 3) schien Verletz weß, weil des Opzars
5118 2183 6575 2428 13 2 St. P.O. liebst an den nossenen
1967 2144 3431 2455 Sprünge, Risse des Knochen, Glitteray etc.
392 2232 1864 2509 schneidigen Instrumenten in Schaltbärki
5064 2313 6575 2563 Körperreich or Gebündhe Esstern an uf
1937 2336 3135 2632 Bogen, Contom Rupelschüsse,
3539 2394 4092 2601 (Nebst) etc.
3689 2386 4849 2709 die erschwerend Umstand d § 155
250 2379 1848 2659 in der Hautregulär, regelmäß. Tafernen
5068 2448 6571 2686 sich es in ihren Zusammenwerken sind mit
1948 2417 3443 2732 Sommerich den Projektils; Wattigdruck
392 2501 1867 2805 Im Knehm doggen zeigt sich entspreche Fall
3524 2605 4957 2832 1) wenn die wie auch leicht Verlitz mit
5057 2590 6528 2817 digt oder unter den Lehrer Monsieur das
1929 2671 2713 2863 werden, halberen.-
3524 2694 4984 2966 einem Werksz u auf solche Ätzentes
284 2728 1210 2932 Eindr. Keilf Gestalt. -
427 2655 3454 3016 Verlange der Minut im Verhaltungen beite Beide, Pulverkorn, Prozf an Thefa¬
3524 2709 6582 3112 nommen war, die gemeiniglichsteber zu leicht, schrei, lebensgefall angehöhe
1937 2867 3470 3143 der Ausgöbl ist bei Schulßmann der Ferner mich
3554 2940 4976 3331 fahr bringt oder auf andere letzt die Absicht
5061 2886 6555 3162 1 was die Handlung, die eine Verletz be¬
250 2963 1875 3201 selb der Klage wegen des Druck oder Zu Gs.
1952 2982 3397 3274 große als den Ausschuss (Knoch!)
3535 3059 4995 3412 einer des (§152) schwer Erböpheit,
5111 3070 6475 3285 wirkt, eine solche, als sie ein
434 3078 1894 3385 Verkung auf die kegelform Einstütigung
1956 3151 3016 3424 (besscheßwunde d. Schädte.)
5087 3170 6448 3420 solche Absolut bevirk mußt.
5898 3278 6236 3378 resp. Ans.
3550 3262 4588 3550 üblichen, erweis wird.
407 3289 949 3477 deur gaût..
5068 3324 6555 3516 2 Mar der Verlauf der Verlich in it
1967 3266 3289 3574 Chortschüsse zerstrengkapol
3554 3301 4976 3650 Man der Werkzeugen lebensgeschichte
407 3351 1710 3604 Reträction der Durchstreibe Haus
5099 3431 6586 3693 all Natur begründet oder in an¬
1987 3401 3497 3727 Prellschüsse, malte Geschosse stimm, freundlich
446 3504 1921 3750 der Verlauf der Stiscanals nicht eine
5084 3558 5975 3819 den Umstand:
3585 3597 4173 3793 Wasser, etc.
242 3524 419 3789 Tho
1971 3589 3493 3904 Streitschuss Eccor u rauch Chefsam
3574 3589 4999 3931 Nur ditert dir nicht zu? — Kerft, Richt
246 3654 1579 3923 Exche typisch - Trost, Meite -
5141 3643 6613 3977 ad 1 eigenträul Leibesbeschaffenheit
453 3812 1917 4115 4) Christverlegungen / Einschrift, Schußlan
3577 3866 3942 4062 Origine.
507 4046 911 4215 Arschaft
