6792 4248
3545 205 5032 511 3. von Seite der diese Bei zu starker
1949 278 3429 520 N. B. Er ist bei diesen Prozessen
3535 391 4935 665 Quelly der Leichenfahren nach
1926 410 3481 675 nner an eine Grauenseikt Annorhren
3546 563 5018 810 traum. oder operat Verlassung vor¬
1940 559 3488 880 zu denken, und dieselbe mit Jodoforn
3527 657 5041 1011 dem Kapfel. da in diesen Fällen
1914 760 3458 1058 u Londien zu behanden ebenso
3541 936 5063 1230 Auch fast immer, ein Theil dasquellten
1943 988 2493 1207 au Roena.
1992 996 3463 1367 Zal des Hyposegum nichttz der
3548 1104 4997 1404 Hrn vermassen herausgelassen und in
1943 1216 3458 1522 Ramerhöfe erreicht, so kann
3539 1249 5064 1619 den Tris dabei leicht in der Stunde
1963 1429 3407 1725 man die Infection greitver¬
3558 1479 5035 1810 fallen kann, so empfiehlte sich
1972 1580 3444 1928 Hochautgarten dadurch ver¬
3537 1642 5070 1999 stall der Rünction gleich du bief.
1996 1812 3425 2090 hindern, daß man den Wege.
3566 1841 5030 2137 Luicearestraction am oberen
1963 1928 3459 2255 Raad des Geschwars mit ferr
3562 2011 5051 2373 Horehautrande mit Predektoren
2005 2164 3514 2429 cand, das nur schwach rotglühend
3566 2311 4117 2547 zu machen.
3626 2313 4997 2694 4 bei sehr aintem Glaucom
1947 2307 3512 2663 sein darf, touchirt, u so den Hitz
3589 2516 5063 2906 wo die chemotische Orng. bulbi¬
1998 2481 3537 2792 zerstört. - Zuerst ist einer Neben¬
3591 2682 5020 3082 den Janektonie in den Silera¬
2015 2661 3512 2943 Atressein, Jodeforn zu versuchen,
1984 2852 3380 3117 2. von Seit der Vorste kannes.
3620 2858 5092 3256 unmöglich macht. Der Gration
1996 2986 3535 3318 Um äußerlich (Kammerwisses) Blutot
3608 3109 5082 3432 wirkt nur palliater, unach
2046 3171 3519 3510 Fremok zu entfernen. blieb dann
3610 3235 5051 3632 Abklingen des ämters Erschei¬
2038 3340 3572 3676 wenn die Resorption desselben
3597 3459 5041 3775 mungen mehr zuerkennen.
2013 3500 3543 3891 durch Schwitzcur, ev. Tilvearten,
3618 3674 4602 3966 vorgenommen werden.
2023 3744 3479 4069 nipplion nicht zu erreichen ist.
