6696 4264
349 209 1923 459 ad 2.) eigent Leibesbesch. (Alkot durch
2087 212 3263 470 Todtliche Verletzungs-
372 353 1878 573 Mittsom. Gangraa Telanus Ergens
1889 417 3187 641 1. Nächste Todesursach. Trinäu
364 489 1794 728 Septicame etc. - Rechtzeit äztl Hilf.
1874 599 3263 797 (A.) Nachricht od grob Bescheid wohl Orgern
417 626 1775 910 G. A. Beurthl der nicht todte Ver¬
1829 717 3043 899 b) Andere Wörder durch der "Funchorf"
1855 800 3350 1024 c) Verblick; aussin, nim.- (Analum
391 800 1798 1077 laß in Bür der verst. Str. C. u des dessen
368 926 819 1153 Str. G.
1908 948 2291 1104 Taucuit.)
1840 979 3308 1229 5.) Hrk. (Nehmment Reverpt sezt Stoff,
675 1036 1650 1294 A. Schevere Rosperverletz
1870 1093 3395 1366 Embol den Capillangesäße, Abkuss & Krit
444 1206 1499 1442 1. Verlag eines nichts gem Glieder
1870 1278 3384 1506 Erschütt des Splancken getret, Cimm. der
410 1305 1741 1567 2. Verlust der Erfverwegung todt Augi¬
406 1480 1760 1715 3. Verlust der Gehörs, Leicher Fortpfse
1848 1442 3335 1673 c) Erstichz (Verletz der Diensthaft, bevohl
1878 1605 2124 1760 etc.)
414 1593 1529 1810 4. Verfall u. Siechtern erfahren
2405 1590 2842 1810 second.
402 1722 1726 1946 5. Verfall u. Geistes Krankheit
1840 1700 2568 1920 Dentzel Prozessi
1954 1829 3096 2060 Tjancie, Septik, Nramis.
391 1840 1829 2090 6. Bleibe Veranfals, erheblickung
1965 1977 2242 2155 Erschaft
417 1992 922 2208 xulstell. -
467 1999 2375 2398 (B.M.chaud), luchte Rogemülz, Télamis
1920 2235 3403 2500 2 Ursicht Zusch zwischen nächst Tets mit
311 2197 1798 2549 s. Wenn sie eine über eine Weise anhalts
1950 2436 2481 2648 u Vereil
315 2466 1745 2720 Geschichts sey, es tere Paufsigkeit zu Fg.
1969 2530 3183 2777 A. vitalem poste Stortes.
326 2621 1859 2826 halte es mit sehres Gnaden verbund wir
360 2773 1787 2982 2 von sie mit Werkzeuger, und unter
1893 2804 2671 3012 gefällige, abseßlich
273 2849 3327 3099 amt um worden verübt werde, die neben Großen Widerstoffe den Wachtheilen u Knochen
1870 3069 3323 3263 Von Leichen wegen gegen Jürger & etc.
307 3027 1108 3285 Gefahr begründen.
1897 3187 3380 3430 vitale Reacherschein er, durch Früh
296 3103 1802 3433 3. weiß an Verwandten aufzubienen
1829 3323 2409 3509 etc vermisch
281 3354 778 3551 u st wurde
1870 3376 3350 3669 vitale Retract Bluffen je nach Spaltt
319 3452 1726 3733 teabsicht einer schweren Körper
1855 3581 3308 3858 die Anheftssweise ist mit, u Stell,
288 3642 653 3843 letz.
1829 3741 3153 4006 des Betreff Körtertheils
5019 49 6324 269 Vorttellnen fehlt. Man kauf
5008 212 6131 414 Bludt aus ich konnte; etc.
3490 247 4617 436 Retracted de lu-kolatur etc
5049 281 6480 573 3. Welche hat den Leben gemächst im
3498 300 4917 569 Blütrie. Auch in der Leiche kommen Blut
5015 508 5672 721 Exedt gemacht!
3502 516 4958 709 Flüsse bleibe (Erstickh.) Abs. Partien etc.
5061 539 6502 869 Jntens. u Extrat der Verlahy, Lebens¬
3498 630 4977 865 tage der können, tiefe, Qual der getrof¬
3494 759 5505 986 Theile, Beschiff den betreffs Bluts, Königl den Organes
3490 914 4939 1161 den ausgetreten Blutern. Allein ersch.
5133 865 6472 1210 3. Entschweitung der kötl. Stadt
3509 1055 4939 1290 Suffusionen - bei teichen fehlt macht
5080 1123 6332 1339 Selbetmord Statistik Ursachen.
3490 1153 5015 1389 der Aakrial u der drück; ev. (Lage!)
5068 1191 6514 1499 durchschneid der Vorderhalses. Verlaut
3498 1335 4943 1597 sind sie abe gegeben, subrepid. Extra¬
5072 1370 6525 1628 das Munt bei S. R. meist vorlinte,
3498 1464 4920 1722 an den untern Extr von Erhängten
5076 1499 6518 1760 oben nach rechts u. schrieg, meist zwesche¬
3509 1601 5019 1874 Gemein Beschff der Blutunterreich
5057 1658 6355 1923 Rehlkopf u Zeugenbein¬
3502 1787 6518 2041 ner Vorlesg. Auch (aber locke gerien) Tiefe je mich Kraft, Scharf, getroffer,
5057 1946 6457 2140 Theilen. Vertlutz Eindrey im
3498 1958 4397 2185 bei postmort diffus.
5065 2064 6267 2269 Blut in die Luftrage.-
3509 2071 4989 2322 Schmelly der Cundrau auch postmort
5053 2124 6484 2428 mehrere Schnitte: in Ellbogen u
3961 2238 4245 2382 selbst
3513 2235 5023 2481 Hypostase; nie vital kommerschied
5027 2360 5717 2549 Handgeleck.
5049 2394 6495 2678 das durch halsabscheide, besonders
3502 2405 4974 2694 kleustilluts ande todes ersuchen
5087 2557 6540 2807 bei schlafenden, u von rückwärts
3513 2644 5004 2872 Naturl Tod. Alkeholik verarhnt
5072 2735 6180 2959 Scheittwunden an Händen etc.
3505 2769 4993 3024 (- eigentviel Ledesbeschtsch.). Inne¬
5091 2762 6556 3107 Verhalten der Blutheren, Lehrert
3498 2891 4795 3145 moment Erkrank oft Freunden
5057 2986 6362 3266 der Betreffd teichenheimte.
3513 3020 4689 3304 Concurrir Todescusache
5095 3175 5930 3369 Melse in der Gnade
3513 3210 4886 3426 Welcher von den vorhanden Verletz
5076 3179 6563 3540 Selbsenowers durch durchschnenden Acte.
3543 3289 5012 3555 komt eintröbl Charakter je
5053 3411 6002 3710 in den Grünklingen
3521 3452 4955 3691 2. In welchen Keichen Folge wird
5072 3604 6476 3858 Erllstmordreich erstechen, Stelle der
3521 3623 4640 3873 die Verletz gegefugt?
3532 3779 4955 4040 Geld der vital Reärterschein
5061 3798 6499 4063 wurde. Kleider zum Rechten geschoben
