6988 4392
4737 66 5229 176 and
3733 118 5250 409 Gentige Anschauung, 1. Mann Entz.
1865 249 3440 535 zu adstringiren u et Consum¬
3733 295 5227 500 am Liderend abgelaufen sind, be¬
1824 405 3397 676 einen bessere Torus zu Geben
3694 444 5198 708 Mügen sie neben, denselben Corhre
1859 600 3301 874 Ystichiavis Picheksis
3712 633 5185 799 schon die Eltern eine abworne
1811 730 3438 1085 Ursprünglich sagt man, Prichian
3718 784 4600 1011 Stellung erhalten.
1807 886 3428 1226 ist eine Falschstell der Cölien,
3681 911 5111 1150 2. Närbige Contraction des Conj.
3712 1067 5194 1276 5 L bei Frachourbeschigt auch
1822 1094 3449 1382 bedingt auch die Haarzweifel selbst
3658 1210 5223 1490 eine falsche Stelly der Cilien nach
1872 1222 3457 1531 unter als Vorausset, daß das Leit¬
3675 1367 5264 1633 einwärts, verbunden mit Bahnförm.
1886 1515 2473 1689 vormal ist.
3704 1536 4704 1768 Vertief des Taraus
1859 1592 3449 1907 Dystirbe avis ist ein enthal. Zustand
3669 1643 5223 1955 3. Erkrankungen der Hanyvieter
1870 1803 3424 2079 wo hinter als nöm. Recht von
3681 1865 5185 2106 selbst bedingen eine falsche Stelle
1797 1897 3474 2247 Cilien noch eine zweite Reise
3681 2013 5179 2262 Es handelt sich also bei Fitten¬
1801 2100 3455 2444 hervorkomt: die aus Wollhausen
3681 2202 5073 2392 Lüchiasis u Matichiasu
1776 2268 3428 2556 besteht. Der Zustand ist angetreu
3673 2316 5121 2571 wie ein falsch Stelly de Cilien,
1830 2461 3463 2758 Grute wird alles zusammengwurfe
3662 2505 5113 2720 bedingt die antworte durch Er¬
1863 2585 3459 2907 Blephantis eine Gesch der dieser
3664 2654 5075 2899 Panky at Lickamt in dessen
1838 2745 3455 3067 des Lidramts (Zecke sche drüsen)
3662 2807 5048 3071 Dieser od Erkranky et Conj
1876 2953 3449 3264 die Talgdrufen der Cilienekanken,
3669 2988 5042 3264 mit Martenbild im hergehen
1884 3131 3453 3436 diese so erkranken auch die Classe
3637 3162 5080 3374 in Leckbrur muß conturch
1884 3237 3455 3581 ebenso das umgeb. Beidereb,
3635 3364 5129 3557 ein, sie nach Gegen der Belbre
1919 3386 3486 3752 u durch die Retraction des Grobes
3621 3503 5059 3781 gekehrt sei, oder durch Erkenkung
3635 3652 4924 3889 des Haarzweifel selbst.
1899 3600 3388 3945 erhalten die Elien eine falsche
1907 3905 2361 4082 Stelln.
