<?xml version="1.0" encoding="UTF-8" standalone="yes"?>
<PcGts xmlns="http://schema.primaresearch.org/PAGE/gts/pagecontent/2013-07-15" xmlns:xsi="http://www.w3.org/2001/XMLSchema-instance" xsi:schemaLocation="http://schema.primaresearch.org/PAGE/gts/pagecontent/2013-07-15 http://schema.primaresearch.org/PAGE/gts/pagecontent/2013-07-15/pagecontent.xsd">
    <Metadata>
        <Creator>prov=READ-COOP:name=TrHtr:version=2.1.0:model_id=51170:date=01_08_2023_03:38</Creator>
        <Created>2023-05-10T11:23:08.804+02:00</Created>
        <LastChange>2023-08-01T03:38:01.964+02:00</LastChange>
        <TranskribusMetadata docId="1428151" pageId="55386707" pageNr="33" tsid="131649224" status="IN_PROGRESS" userId="64420" imgUrl="https://files.transkribus.eu/Get?id=SJPGAWCCSUCWSLGOYKQQWAZG&amp;fileType=view" xmlUrl="https://files.transkribus.eu/Get?id=JOSUBLNMWHWKHVVILOWACOHM" imageId="44661604"/>
    </Metadata>
    <Page imageFilename="1428151_0033.jpg" imageWidth="6920" imageHeight="4840">
        <ReadingOrder>
            <OrderedGroup id="ro_1711821294380" caption="Regions reading order">
                <RegionRefIndexed index="0" regionRef="tr_1"/>
            </OrderedGroup>
        </ReadingOrder>
        <TextRegion id="tr_1" custom="readingOrder {index:0;}">
            <Coords points="1374,278 6590,278 6590,2788 1374,2788"/>
            <TextLine id="tr_1_tl_1" custom="readingOrder {index:0;}">
                <Coords points="2143,371 2256,364 2292,389 2336,357 2500,346 2598,375 2660,371 2707,335 2765,357 2776,164 2678,186 2609,171 2518,229 2347,244 2267,196 2151,189"/>
                <Baseline points="2163,352 2240,352 2330,346 2420,346 2509,340 2599,334 2688,328 2778,328"/>
                <TextEquiv>
                    <Unicode>Monsieur le comte de</Unicode>
                </TextEquiv>
            </TextLine>
            <TextLine id="tr_1_tl_2" custom="readingOrder {index:1;}">
                <Coords points="1354,535 1405,509 1452,528 1627,429 1688,469 1776,444 1852,495 1881,469 1918,495 2027,491 2070,469 2067,215 1947,229 1816,182 1739,200 1557,167 1466,226 1350,233"/>
                <Baseline points="1374,358 1463,352 1553,358 1643,364 1732,364 1822,364 1912,358 2001,358 2079,358"/>
                <TextEquiv>
                    <Unicode>F.T.K.</Unicode>
                </TextEquiv>
            </TextLine>
            <TextLine id="tr_1_tl_3" custom="readingOrder {index:2;}">
                <Coords points="3755,731 5105,739 5596,626 6506,688 6513,495 6321,557 5887,426 5436,589 5149,451 4559,582 4246,491 3762,528"/>
                <Baseline points="3776,681 3830,687 3919,693 4009,693 4099,699 4188,699 4278,705 4367,693 4457,693 4547,687 4636,681 4726,669 4816,663 4905,657 4995,657 5084,651 5174,651 5264,645 5353,645 5443,639 5533,627 5622,627 5712,621 5802,615 5891,615 5981,621 6070,615 6160,615 6250,615 6339,609 6429,609 6519,609"/>
                <TextEquiv>
                    <Unicode>Drei Talbian, Dirck auf den New Re. mit</Unicode>
                </TextEquiv>
            </TextLine>
            <TextLine id="tr_1_tl_4" custom="readingOrder {index:3;}">
                <Coords points="3719,953 5087,859 6219,932 6535,884 6542,688 5938,626 5174,775 5003,673 4261,811 3722,760"/>
                <Baseline points="3740,896 3764,908 3854,914 3943,914 4033,914 4122,914 4212,914 4302,908 4391,902 4481,896 4571,890 4660,884 4750,878 4840,872 4929,866 5019,860 5108,854 5198,854 5288,854 5377,848 5467,842 5557,842 5646,842 5736,848 5825,848 5915,848 6005,848 6094,854 6184,854 6274,854 6363,860 6453,872 6542,878"/>
                <TextEquiv>
                    <Unicode>First or linker Stumbitt in ThorationsFull</Unicode>
                </TextEquiv>
            </TextLine>
            <TextLine id="tr_1_tl_5" custom="readingOrder {index:4;}">
                <Coords points="3755,1252 5491,1103 6237,1237 6492,1197 6499,921 3762,982"/>
                <Baseline points="3776,1195 3812,1201 3901,1183 3991,1189 4081,1177 4170,1171 4260,1171 4350,1165 4439,1159 4529,1153 4618,1147 4708,1147 4798,1141 4887,1141 4977,1135 5067,1129 5156,1123 5246,1117 5335,1117 5425,1111 5515,1105 5604,1111 5694,1105 5784,1105 5873,1105 5963,1105 6052,1105 6142,1105 6232,1105 6321,1111 6411,1111 6501,1099"/>
                <TextEquiv>
                    <Unicode>J. Solis Coten ludi Neios. Kilad 3/7 H</Unicode>
                </TextEquiv>
            </TextLine>
            <TextLine id="tr_1_tl_6" custom="readingOrder {index:5;}">
                <Coords points="3701,1485 4534,1561 5145,1379 6473,1456 6510,1295 5527,1157 5378,1266 4523,1219 4206,1408 3708,1328"/>
                <Baseline points="3722,1481 3734,1475 3824,1469 3913,1463 4003,1463 4093,1457 4182,1452 4272,1446 4361,1440 4451,1440 4541,1416 4630,1410 4720,1404 4810,1404 4899,1398 4989,1386 5079,1386 5168,1380 5258,1380 5347,1374 5437,1368 5527,1362 5616,1356 5706,1356 5796,1356 5885,1350 5975,1356 6064,1356 6154,1356 6244,1356 6333,1356 6423,1362 6513,1362"/>
                <TextEquiv>
                    <Unicode>Als dannvmb Fry in the Hon pll of am</Unicode>
                </TextEquiv>
            </TextLine>
            <TextLine id="tr_1_tl_7" custom="readingOrder {index:6;}">
                <Coords points="3726,1736 3970,1816 4330,1652 5174,1714 5691,1594 6364,1667 6375,1426 5098,1466 4625,1608 3737,1496"/>
                <Baseline points="3746,1696 3782,1691 3872,1685 3961,1685 4051,1679 4140,1667 4230,1661 4320,1655 4409,1649 4499,1643 4589,1637 4678,1631 4768,1625 4857,1625 4947,1619 5037,1619 5126,1613 5216,1613 5306,1619 5395,1613 5485,1601 5574,1595 5664,1589 5754,1583 5843,1589 5933,1589 6023,1589 6112,1583 6202,1583 6292,1577 6381,1577"/>
                <TextEquiv>
                    <Unicode>Tulye de uerniaffy Contracton at</Unicode>
                </TextEquiv>
            </TextLine>
            <TextLine id="tr_1_tl_8" custom="readingOrder {index:7;}">
                <Coords points="3679,1929 6390,1827 6492,1812 6502,1616 6131,1688 5695,1594 5051,1765 4723,1627 3937,1819 3686,1750"/>
                <Baseline points="3698,1918 3722,1918 3812,1918 3901,1906 3991,1894 4081,1882 4170,1876 4260,1876 4350,1864 4439,1864 4529,1858 4618,1858 4708,1852 4798,1852 4887,1846 4977,1840 5067,1834 5156,1834 5246,1828 5335,1822 5425,1822 5515,1810 5604,1810 5694,1810 5784,1804 5873,1798 5963,1798 6052,1792 6142,1786 6232,1786 6321,1780 6411,1780 6501,1786"/>
                <TextEquiv>
                    <Unicode>des lorischen Könnete h Construt it</Unicode>
                </TextEquiv>
            </TextLine>
            <TextLine id="tr_1_tl_9" custom="readingOrder {index:8;}">
                <Coords points="3661,2118 4014,2194 4490,2081 4683,2165 5451,2038 6066,2172 6270,2020 6582,2034 6586,1885 5462,1819 5025,1987 4861,1896 4647,1998 3664,1958"/>
                <Baseline points="3680,2091 3722,2091 3812,2085 3901,2079 3991,2073 4081,2067 4170,2061 4260,2061 4350,2061 4439,2061 4529,2067 4618,2067 4708,2061 4798,2055 4887,2055 4977,2055 5067,2049 5156,2049 5246,2043 5335,2043 5425,2037 5515,2037 5604,2031 5694,2031 5784,2031 5873,2031 5963,2025 6052,2019 6142,2019 6232,2019 6321,2019 6411,2019 6501,2019 6590,2025"/>
                <TextEquiv>
                    <Unicode>Langer, nicht ein Saialge et Erwarte</Unicode>
                </TextEquiv>
            </TextLine>
            <TextLine id="tr_1_tl_10" custom="readingOrder {index:9;}">
                <Coords points="3675,2438 5102,2260 6135,2376 6546,2285 6550,2070 5698,2209 5389,2056 5149,2154 4370,2103 3682,2198"/>
                <Baseline points="3698,2348 3776,2330 3866,2318 3955,2306 4045,2300 4134,2294 4224,2288 4314,2282 4403,2276 4493,2282 4583,2276 4672,2276 4762,2270 4851,2270 4941,2270 5031,2258 5120,2258 5210,2258 5300,2258 5389,2258 5479,2258 5568,2258 5658,2264 5748,2264 5837,2264 5927,2264 6017,2258 6106,2252 6196,2252 6286,2252 6375,2252 6465,2252 6554,2252"/>
                <TextEquiv>
                    <Unicode>als Cleophie st Dilatmikis nesdemtunt</Unicode>
                </TextEquiv>
            </TextLine>
            <TextLine id="tr_1_tl_11" custom="readingOrder {index:10;}">
                <Coords points="3686,2616 3923,2576 4094,2656 4425,2554 4548,2587 4723,2522 4898,2584 5007,2522 5323,2638 5378,2627 5393,2322 5080,2391 4883,2336 4792,2380 4607,2292 4465,2376 4312,2322 3697,2431"/>
                <Baseline points="3710,2557 3776,2551 3866,2545 3955,2539 4045,2527 4134,2527 4224,2527 4314,2521 4403,2515 4493,2503 4583,2497 4672,2491 4762,2491 4851,2485 4941,2479 5031,2479 5120,2479 5210,2479 5300,2479 5389,2467"/>
                <TextEquiv>
                    <Unicode>werlichkeit (nicht p mal)</Unicode>
                </TextEquiv>
            </TextLine>
            <TextLine id="tr_1_tl_12" custom="readingOrder {index:11;}">
                <Coords points="3748,2882 3828,2911 4083,2805 4163,2864 4308,2846 4632,2733 4836,2751 4974,2846 5065,2820 5076,2609 4872,2645 4800,2591 4432,2671 4286,2616 4090,2656 3923,2616 3759,2664"/>
                <Baseline points="3770,2778 3824,2778 3913,2778 4003,2772 4093,2766 4182,2766 4272,2760 4361,2754 4451,2748 4541,2742 4630,2736 4720,2736 4810,2730 4899,2736 4989,2736 5079,2742"/>
                <TextEquiv>
                    <Unicode>Theoretisch Anehmen</Unicode>
                </TextEquiv>
            </TextLine>
        </TextRegion>
    </Page>
</PcGts>
