6824 4568
3406 308 4432 639 Herygunn.
1642 350 3258 612 es schlecht u. reagiren stücken darauf
3474 479 4816 821 Echtes und Falsches.
1635 479 3239 741 Es hat nur den Vortheil, daß er in großer
3372 620 4771 962 Ein echtes Huygium ist
1635 654 3265 901 Krystallen vorkommt u glatt geschliffen
3379 779 4919 1110 des Residenen seines Ulc. com¬
1646 783 3265 1034 wente kann; an das Oberfläche darf
3368 939 4896 1251 mit der zugehörigen Keratiles
1657 966 2813 1228 es nicht zerfallen sein.
1646 992 3208 1311 Directe Contrandi gegenlager
3341 1106 4850 1391 voscularis superfic. Wenn des
1631 1228 3212 1498 sulf ist Ulcus comené, weil des
3398 1277 4850 1619 etzsprozess zurückgeht, ist das
1688 1353 3299 1661 Ueberschuss sich leicht auf die Geschwür¬
3334 1452 4892 1722 Residenen eine Marbe = Macula
1665 1540 2714 1806 Grund wiederschlagt.
3349 1604 4881 1935 das falsche Sterggium entsteht bei
2053 1684 2824 1927 Selvetis
3326 1707 4805 2087 Acube Entzückungen der Conj.
1692 1847 3235 2178 Entzug der Sélera kam mit
3315 1927 4866 2216 billi, wenn Chemoris vorhanden
1684 1939 3239 2311 Hopes verwechselt werden.
3334 2056 5029 2402 ist u diesehamot. Onj. wie ein Strahl (?)
1673 2121 3235 2440 die Unterschied liegt aber
3349 2250 4930 2513 Die Cornea überragt. Da ist die ganze
1695 2307 3261 2592 dann, 1.Dß herpio nur am nos
3357 2429 4847 2764 Parigharie der Cornea bedeckt unter
1692 2402 3288 2756 den Mittheil liegt, wo Cilianer
1699 2562 3292 2874 vorkommen, während Inhäritia
3353 2592 4923 2843 dem chemot. Mülst entsteht ent¬
1695 2714 3231 3071 mehrem hinteren Theile liegt
3364 2756 4930 3071 steht leicht uleus comen u ver¬
1737 2847 3292 3174 2. Nerpes ist kootenförmig
1711 2946 4767 3357 während bei Selvetis dasselve wächst mit der conjunctiva
3383 3060 4869 3349 daufb nun das Prozessab, so
3406 3208 4828 3497 contrahi et sich die Comp. überall
1711 3178 3330 3512 Aufgelockert u. gerotet ist; uzw
3391 3337 4839 3680 nur an der angehefteten Stelle
1703 3417 3265 3744 auf großen Partrag; es ist ein
3372 3482 4866 3828 nicht, es bleibt des Happmin,
1699 3512 3265 3851 ohne Leider dauert Jahr,
3410 3638 4888 3980 zurück. Liegt in m. d. Lidspalk
1714 3683 3296 4041 lang überreichert umste comea¬
3433 3820 4877 4140 so heißt es Lidsyaltenptüggen
1741 3961 2178 4231 herum.
354 4147 912 4432 I am 4 rth.
