6568 4168
3485 185 4694 456 Indic. zur Operation
1932 185 2687 466 Wending.
3366 328 4760 653 H. Schleshaftstag des Rinds
1774 429 2794 622 Bectegung für dieselbe
3412 486 4934 790 Schwez od. quaes bi illorif u getrenge¬
1757 523 3245 745 7. die Frau nicht gebärend sie, das auf
1728 690 3256 926 so weit nlat, daß nun doch den Cus¬
3391 710 4033 930 ner Blase.
3358 790 4898 1078 2. Relat. ausges Beken bey. 8 cm
1751 798 3178 1030 in dutaus im dringen Rau.
1726 930 3280 1170 2. der betreff. Saitaltheilmäß
3366 963 4871 1248 wie die frühere Kind nicht vormal ja.
1706 1051 3284 1330 beweglichsen; das Frichtrasser dach neu¬
3385 1080 4871 1429 Welt gekommen sind, da die nachfolg
1700 1191 3276 1476 lich gar nicht od. nicht vollst abgefassen
3370 1248 4883 1552 in der Regel größt sind. Hr Auch
1698 1396 3266 1638 sein, da den der Schilmit dem vor¬
3391 1349 4850 1710 auf den Juste, da der nachfertig des
1700 1523 3231 1796 begd Theil an Leikminigung
3401 1576 4440 1874 ann leichte durchgeht.
3416 1675 4873 1985 Bei Beckeneige wird Wendz anfoh¬
1708 1757 2231 1983 fixiert ist.
1718 1763 3229 2063 3 dass das Lecken nicht zu enge¬
3391 1917 4778 2153 len bei Gesichte od Stirulage.
1876 1893 3303 2209 Conz. d. a.g. 13 cnt from - aup. Symyz
3395 2051 4875 2334 3. Vorhalt de Nabelschnie (nach ver¬
1812 2063 3258 2313 Das vor a 11 cn — un Fl.
3379 2184 4495 2506 gebl Repos. versuchen.)
1745 2227 2673 2525 Enges Becken 10-942
3424 2244 4840 2605 4. Vorfall auch Extr. neben d Kys.
1745 2334 2985 2623 mäßig erreuzter Becken 9/2-8
1833 2498 2753 2742 Wendy a Torceps.
3426 2473 4737 2761 Diese trachtet wir zu reponiren,
1716 2533 3227 2884 ihn höheren Frade verengtes Becke 8-6 1/2
3393 2519 4898 2888 5. Plac. p. raev. etc. off, velen Blutus.
1954 2699 2956 2917 Craniotoum u Ufor.
3405 2728 4894 3097 Durchde wendig erreicht man mittelst
1716 2751 3276 3104 Abfolitt vereistes Becken 6 1/2 - som
3397 2855 4920 3245 des fortalen Steistes eine Tampo¬
1886 2985 2802 3188 Lectio causareo.
4631 2995 4949 3175 haben
3426 3114 4224 3336 nade des Cervis.
1706 3099 2931 3325 Contrad at Wienly
3428 3132 4906 3518 6. Concyer im Interesse des Muth
1700 3188 3186 3567 der Gegentheiligern 1, 2, 3
3438 3311 4850 3693 notig ist den Geburtsokt zu
1736 3354 3206 3684 weibes beton. Contr des Herrn
3475 3496 4935 3890 betrübungen [Eklampawlh!]
1698 3543 2824 3824 beitodten Freiht.
