6962 5377
4106 249 4351 362 aie
1974 253 3140 415 a lʼauteur avec une manière
4713 313 5272 457 Ce dernierung
3589 366 4076 581 P.S.
4136 343 5061 600 mais en lisant
3491 521 6525 928 J. Solis Cohen (Philadelp.) will wohl unterschien
3540 811 6204 1087 wisse aulomat (Resp), Refles (Hufro
3559 1019 6434 1400 in paych. (Sondlin) Fruit A Laignon
3574 1249 6468 1593 die Widerstand der Abdauerver op der schwächst
3528 1442 6306 1774 weil der meist gebrauchte Muskel, die
3687 1717 6502 2045 in Muskely wenige gebraucht; ihr Vorwär¬
3562 1936 4864 2204 Miderstand steärker,
3540 2068 6464 2472 Die rep. Impulse treffen den Nervon bekännten
3525 2310 6430 2653 hätte ein Reiz seyn (Refler od paych) - essezt
3570 2510 4344 2702 er Adleron
3600 2649 6430 2962 in müßigen Reiz, vom resp. C. eröffent
3574 2864 6325 3200 di Glottes lisso Resp; nach sich Re¬
3547 3098 5393 3449 so ihm sie sich stärker.
3581 3181 6336 3593 Hier zurück zu nehmen, durch Refleren
3532 3479 5332 3770 schließ) sie zum Heße
3540 3645 6366 3962 Jugnes for Mr Rinch, du Centre et
3525 3917 6498 4306 willk Bürg schließt sei zum
3653 4098 4506 4362 Sprechen
