6616 4136
1101 304 1833 582 Ectropium
427 439 3293 701 Unter Eitropium versteht man die Auswärtskehrung des
281 612 3274 809 Lides, zustande gekommen durch Muskelwirkung mit Dispo¬
277 778 3289 936 ninenden Momenten, Verlängerung des Lidrandes, Erweichung
270 851 3096 1005 des Parsus, eventuelle starke Schwellung der Comunctiva.
277 990 2519 1194 Man unterscheidet wahre und falsche Ectropien.
462 1125 1768 1317 Zu den Ersteren gehören:
308 1217 2407 1433 1) Ectropium luxurians oder sarcomatosum,
289 1367 1352 1537 2) Ectropium senile
281 1483 1452 1679 3) Ectropium acutum
277 1571 2507 1764 4. Eitropium bei abnormer Füllung der Obita¬
277 1718 3193 1910 ad 19. Extr. luxurians od. sarcomatosum. Der Grundpraess ist
277 1872 3193 2033 eine Lypertrophirende Bindehautentzündung, welche aber nicht
281 1968 3289 2172 auf die Bindelaut beschränkt geblieben ist, sondern auch auf den
297 2084 3285 2276 Lidrand und Tarsus übergegriffen hat, so daß es zu einer Ver¬
266 2195 3289 2357 längerung des Lidrandes und Erweichung des Tarsus gekommen
300 2318 531 2465 ist.
281 2407 3247 2627 ad 2) Echepium senile infolge regressiver Metamorphose
308 2584 3135 2788 der einzelnen Lidbestandtheile oder Erscheinungen von 1.
277 2669 3277 2881 ad 3.) Ectropium acutum. Wenn bei einem acut entzund¬
277 2823 3231 3012 lichen Process der Bindesaut infolge der Schwellung der Con¬
277 2927 3289 3146 umctiva rasch an Volumen zummert, so findet sie in dem
308 3042 3231 3262 zwischen Bulbus und Lidbefindlichen Raume nicht mehr
308 3170 3220 3370 Platz, und durch die Contraction des Muskels wird die ge¬
281 3289 3254 3501 schwellte Comiunctiva aus der Lüschalte herausgedrängt, bis¬
270 3408 3220 3632 weilen sogar förmlich abgeschnürt, z. B. bei acuter Blenorrhoe
266 3532 1883 3743 und Blenorrhola neonatorum.
270 3636 3173 3859 ad 4.) Bei dem Eckopium bei abnormer Füllung der Arbita
266 3805 3193 3944 ist also die Muskelwirkung erst in zweiter Linie zu beachten.
3439 204 5754 489 Sie bilden den Übergang zu den falschen Ectropien:
3428 397 4714 597 1) Ectropium cicatriceum
3412 497 6389 732 2) Eträpium bei ulcerizenden Processen der Bindehaus od. Curis.
3408 651 4880 855 3) Ectropium paralyticum
3408 770 6447 936 adt E. cicatriceum entsteht durch Contraction von Narben, welche
3405 913 6416 1098 in der Nachbarschaft des Lides liegen, eventuell einen Theil des
3435 1001 6435 1182 Lides einnehmen und meist mit dem Knochen in Verbindung
3420 1136 6466 1352 stehen (Caries und Necrose des Debitalrandes) Lugus, Verbrennung,
3439 1294 6370 1429 Veratzung, nach Var etc., nach Wullosem Erysigel, Pustula malgea
3416 1371 6424 1544 und Exstirpation von Sumoren. Verkürzung der Haut, Wangen
3405 1529 6366 1714 und Lider durch alte eczematöse Processe meistens nach langer
3428 1602 6505 1845 Blepharitis; besteht auch durch lange Zeit ein Eigem der Lidhaut
3416 1764 6466 1960 infolge von Thränenträufeln bei Eczem, so kommt es zur Bildung
3393 1856 6482 2084 von Excorationen und Narben, es kommt zu einer Auswärtskehrung
3408 2014 6489 2172 der Conuinctiva, das ist also kein eigentliches Extripium, sondern
3439 2118 6447 2338 Herausziehung der Coniunctiver durch Narben in der Haut. Hier
3420 2234 6424 2465 kommt es zu Offenbleiben der Lidschalte, zu einem Lagophtal¬
3408 2403 6416 2588 mus mechanicus. Deine Ectropium paralyticum haben
3416 2484 5349 2704 wir bloß ein Herabsinken des Lides.
3439 2557 6466 2769 Bei Echopium luxurians und senile kommtes zu Befinderung
3439 2738 6474 2958 der Thränenleitung, infolge dessen Thränenträufeln mit Eigem,
3428 2861 6486 3019 Excoriation und Schrumpfung der Haut. Bei Echopium cicatrice.
3405 3023 6393 3204 um und parœlyticum zu Lagophtalmos, zur Bildung von
3439 3104 6382 3320 zerotischen Fornhautgeschwüren, selbst bis zum Panophtalmitis
3451 3239 6470 3447 Der geringste Grad eines Echopiums wäre eine Eversion der Thra¬
3405 3370 4102 3562 nenchunkte.
4471 3397 5276 3663 Behandlung
3474 3555 6509 3782 Bei der Behandlung eines jeden Eltropums muss das ursäch¬
3405 3747 6482 3944 liche Moment berücksichtigt werden, man muss sich nicht denken,
