6472 4168
1633 117 2849 365 die Ausführung ist die bekant.
3329 135 4877 359 solange des das Kind du comistenapoff
1619 190 3176 464 Anwenden ihr vollmüht werden das Rein¬
3321 254 4811 554 passirt hat. Ist das Kinn hervorzehnten,
1607 343 3153 579 in it vulva liegt, stol stöcke
3325 401 4813 692 dann rühlt mangerit der Kauf darum
1619 466 3105 784 fahrt war aus betriebensgefahr
3321 559 4811 788 Wurde war, an der Fürst, des Fortes,
1597 621 3065 911 des Kindes, Lebensgefahr der Multe
3317 776 4807 1052 fasst dieselbe, wider wo, sich mit
1603 758 3182 1075 2) angem Secke, Kehnschruhe, Vorhals¬
1563 921 3188 1182 dei Nabelshaus, Ruplus das theres
3327 909 4841 1157 des r. Hendak die Königl. anstammd.
1621 1052 3149 1353 plac. praeo, großem Blutverlust,
3359 1069 4776 1351 de Schülken nach Catratsdruckt,
1575 1194 2813 1476 Lebensgefahr des Knick
3313 1274 4393 1518 Jan Fract. u Cliv.
1633 1329 2680 1563 Auch die betr. ist bekannt.
3305 1369 4809 1680 Abnomier Lechanismus, wenn die
1643 1395 3176 1659 Tuellic Veitsch Methodejur Extr. d Kyser. -
1627 1565 3034 1811 Sein. Suell Handzeff (Oberkauf.)
3325 1540 4819 1843 Abdomen des Kindes unter dem Hausekze
1631 1673 3166 1984 Frage vd kurisch Hy. Eine Herr mit Ärkt
3293 1706 4839 2018 komt; die Nabelschein mit dem Art ge¬
1784 1817 3129 2204 Zeigefungen an die Peltes, disanden
3303 1825 4889 2161 wird läuft componnirt. Wennoch
3311 2040 4829 2321 wird man diese hoch. rechfieren.
1625 2063 2454 2297 Hand an die Füße.
1623 2055 3111 2438 trews bethove vad Braun
3305 2169 4841 2514 Ist der Koss nicht rohit, so robet war af
1589 2272 3081 2649 des Operateur an der l. Seite der Frau,
3307 2417 3740 2607 am B. E.
3333 2395 4859 2750 bei Reislage Extr., wen Entoir¬
1629 2417 3180 2770 legt das v. Handgang an die Emplyse
1609 2589 3178 2928 dieselb als Hyrrngehlyckungen
3361 2577 4926 2920 Gesah das Mutter des Kunds, Uterwernpt,
1617 2752 3210 3127 fasst mit däumen u zugefügetest
3363 2766 4829 3101 Vorfeilt den Unhaltenden (den michtress)
1599 2913 3214 3325 Hand die Thürbiger Todet den Feilen
3355 2922 4857 3232 werden kann, lager becken, daß
1617 3101 3143 3444 auf den l. Vorwaren geht mit
3357 3196 3728 3418 schrift.
1645 3178 3226 3569 amrs. Fags in h Unend. Mrs.
3361 3218 4787 3545 Kriegt ist St noch sich nicht & berecht,
1635 3337 3172 3674 der u. Hand wird in Dank nach
3357 3422 4674 3702 so wird ein Fuhs herausgezogen,
1645 3559 3168 3847 abmals ausgeübt u zu sich gezogen,
3345 3587 4422 3829 Herrnhofen des Fusses
