7656 6216
1275 1490 2981 1627 Ich schrieb geraume Zeit diesen Umstand hauptsächlich der
1103 1584 2981 1684 geringen Anstrengung der Beschäftigten zu, bemerkte aber später,
1103 1659 2981 1756 dass Personen, die angeblich herzkrank waren, namentlich aber
1113 1727 2992 1817 solche, die schwindsüchtig und tuberculos aussahen und selbst am
1120 1785 2977 1896 Bluthusten Leidende in diesen Räumen in kurzer Zeit merkliche
1113 1860 2984 1957 Erleichterungen empfanden, indem die Brustschmerzen und Athem-
1120 1925 2992 2033 beklemmungen geringer wurden, der Husten nachliess, der Auswurf
1120 2000 2977 2101 leichter und ohne grössere Anstrengung beseitigt werden konnte,
1131 2051 2984 2183 kurz, dass der Gesundheitszustand der Betreffenden Fortschritte
1128 2140 2981 2252 machte, dieselben ein besseres Aussehen erlangten und an Gewicht
1113 2191 2981 2302 zunahmen; auch zeigten sich diese günstigen Erscheinungen.selbs
1128 2262 2981 2388 bei solchen männlichen und weiblichen Arbeitern jedes Alters, bei
1113 2327 2992 2438 welchen erwähntes Leiden auch schon von dem Laien erkannt und
1113 2417 2995 2500 daher als ein weit vorgeschrittenes bezeichnet werden musste. Der
1113 2482 2984 2589 Zustand solcher Leute verschlimmerte sich aber wieder, wenn die¬
1128 2550 2977 2650 selben in anderen Räumen, wenn auch bei leichteren Arbeiten
1128 2622 3002 2719 verwendet wurden oder sich selbst zuhause schonen wollten, um
1124 2690 2995 2794 sich neuerdings zu bessern, sobald sie wieder in den erwähnten
1131 2740 2999 2869 galvanischen Ateliers beschäftigt waren. Es drängte sich mir nunmehr
1128 2812 2995 2934 die Vermuthung auf, die sich bis zur Ueberzeugung steigerte, dass
1131 2887 2999 2992 dies kein Zufall war, sondern dass es die sich stets in solchen
1128 2959 2995 3074 Räumen entwickelnde Blausäure sein konnte, welche die heilsame
1138 3038 2995 3150 Wirkung auf die kranke Lunge und in Folge dessen auf den
1131 3117 1925 3232 ganzen Organismus ausübte.
1304 3157 2988 3264 In solch grösseren Ateliers werden in Cyancalium gelöst
1146 3243 3013 3336 Cyanmetalle als Bäder in stark verdünntem Zustande in beträchtlichen
1138 3308 3009 3412 Mengen verwendet, die stets einen merklichen Ueberschuss von
1138 3376 2999 3484 Cyankalium enthalten müssen, um ordentlich zu functioniren und
1138 3448 2988 3563 wird bekanntlich letzteres durch die Kohlensäure der Luft bei An
1146 3516 2999 3606 wesenheit von Feuchtigkeit derart zerlegt, dass sich Pottasche
1149 3580 2999 3692 bildet, welche in der Flüssigkeit gelöst bleibt, während Blausäure
1149 3652 3006 3756 entweicht. Es ist daher ganz begreiflich, dass in solchen Räumen,
1156 3721 3006 3828 namentlich wo eine grössere Anzahl solcher Bäder vorhanden, ein
1142 3785 3009 3907 ziemlich intensiver Geruch nach Blauäure bemerkbar ist, und ich
1164 3861 3009 3958 schreibe die erwähnten Erscheinungen der Einwirkung der mit Blau
1160 3914 3009 4033 säure geschwängerten Luft zu, welche die wohlthätige Einwirkung aut
1167 3986 2995 4098 die Respirations-Organe der erkrankten Individuen zu Folge hatte
1164 4058 3002 4177 Wenngleich die Blausäure bei verschiedenen Krankheiten und vielleich
1149 4130 3006 4248 ;auch bei solchen der Lunge schon als Medikament versucht une
1156 4213 3024 4320 angewendet wurde, so glaube ich, dass gerade die Einathmung
1149 4281 3017 4421 dieses Gases viel rascher und mit besserem Erfolge günstig auf die
1149 4360 1871 4453 Athmungsorgane einwirkt.
1318 4396 3020 4514 Die Befürchtung, dass ein so heftiges Gift, wie die Cyanwasser
1164 4485 3035 4611 stoffsäure und zwar in der angedeuteten Weise anhaltend dem mensch¬
4805 435 6245 567 Wiener Aerztekammer.
5039 1016 6008 1261 Bericht
4511 1278 6540 1472 des Comités zum Studium des ärztlichen Reclamewesens.
4087 1523 6974 1709 Jede ärztliche Reclame ist verboten und wird nach § 12, al. 1 K.-G. ehrenräthlich behandelt.
5868 1792 7107 1921 Unter ärztlicher Reclame ist jede Massnahme von
5782 1871 7111 1954 Seiten eines Angehörigen des ärztlichen Standes zu
5771 1921 7093 2018 verstehen, welche den Zweck verräth, die Aufmerk
5768 1979 7107 2061 samkeit des Laienpublicums auf seine Person zu lenken
5768 2025 7121 2133 und es zur Inanspruchnahme seiner persönlichen Hilfe
5771 2094 7107 2191 oder einer von ihm zu Erwerbszwecken veranstalteten
5771 2158 6540 2237 Unternehmung zu veranlassen.
5879 2158 7107 2266 Es kann dies durch Veranstaltungen bewerkstelligt
5768 2245 7096 2338 werden, welche dem Namen des Betreffenden ein
5771 2309 7089 2399 möglichst grosse Verbreitung zu verschaffen suchen
5768 2363 7096 2449 ferner durch solche, welche seine Person mit den
5778 2417 7096 2489 Scheine einer besonderen praktischen oder wissen
5771 2464 7103 2546 schaftlichen Befähigung umgeben sollen, und endlich
5782 2521 7114 2640 durch directes öffentliches oder geheimes Anbot seine
5789 2593 6033 2672 Dienste.
5897 2589 6935 2708 Daraus ergibt sich folgende Eintheilung:
5890 2661 7125 2790 A) Blosse Publication des Namens eventuell mit
5789 2751 6917 2826 Angabe der Wohnung und Ordinationszeit.
5886 2772 7121 2869 B) Die versteckte Reclame, welche darin besteht,
5789 2844 7103 2927 dass scheinbar ohne Hinzuthun des Betreffenden Nach
5796 2891 7114 3009 richten über seine praktischen oder wissenschaftlicher
5789 2966 6831 3049 Erfolge im Publicum verbreitet werden.
5915 3009 7121 3085 C) Oeffentliche Bekanntmachungen, in welchen der
5800 3056 7121 3139 Arzt ohne weiteren Zusatz oder unter Anpreisung seiner
5796 3117 7125 3189 eigenen Fähigkeiten beziehungsweise der Trefflichkeit
5800 3171 7132 3236 seiner Veranstaltungen oder unter Versicherung einer
5800 3229 7125 3290 ausnahmsweisen niedrigen Honorarforderung oder in
5796 3279 7132 3365 einer den Anstand verletzenden Weise das Publicum
5796 3318 6662 3422 auffordert, sich an ihn zu wenden.
5983 3458 6971 3573 ad 4) Blosse Publication des Namens.
5879 3548 7139 3663 «) Es ist nicht als eine Reclame aufzufassen,
5814 3659 7125 3724 wenn nach erfolgter Niederlassung oder Wohnungs¬
5796 3706 7139 3778 änderung oder nach längerer Abwesenheit ein Arzt
5796 3767 7143 3839 einmal oder in den beiden ersten der genannten Fälle
5796 3817 7139 3886 auch zwei- bis dreimal seinen ständigen Wohnort und
5807 3871 7125 3947 die Zeit seiner Ordination und eventuell seines Special
5818 3925 7150 3993 faches dem Publicum durch Veröffentlichung in einem
5933 3986 6540 4047 gesjournale bekannt gibt.
5936 3997 7143 4108 b) Eine Veröffentlichung der hier in Betracht
5814 4090 7132 4162 kommenden Art soll auch in der Form alles Markt
5814 4148 7143 4213 schreierische meiden und wenn möglich nur im Text
5807 4202 7143 4270 theile von Tagesjournalen erfolgen. Grosse auffallende
5807 4263 7125 4320 Annoncen, wie sie hie und da zu diesem Zwecke be
5814 4310 7157 4378 nützt werden, ferner Placatirungen, an öffentlichen
5803 4371 7132 4460 Orten angebrachte Blocks und Flugblätter sind un
5807 4424 6076 4507 statthaft.
5904 4432 7139 4547 c) Eine besondere Kategorie bilden die von Reclame-
5814 4525 7139 4593 unternehmungen veranstalteten Collectiv-Anzeigen
5800 4582 7150 4643 welche unter dem Titel „renommirte“ oder „e m-
5818 4647 7143 4708 pfehlenswerte“ Aerzte gegen Bezahlung in
5814 4697 7150 4773 Fremdenführern.Eisenbahncourieren, Familienkalendern
5814 4755 7157 4823 eine Liste von Medicinalpersonen bringen und dem
5814 4798 7157 4877 Publicum zur Consultation empfehlen. Eine solche
5814 4845 6989 4949 Veröffentlichung kommt einem Inserate gleich.
6076 4977 6888 5110 ad B) Die versteckte Reclame.
5915 5082 7157 5193 a) Die Mittel, sich auf indirectem Wege, nämlich
5814 5150 7139 5243 nicht durch einfache Anpreisung, den Ruf eines sehr
5814 5236 7121 5304 befähigten Arztes zu verschaffen, sind sehr mannig
5814 5297 7139 5362 faltig. Man kann es als einen Grundsatz aussprechen
5807 5347 7143 5405 dass jede Verständigung des grossen Laienpublicums
5814 5401 7143 5462 über Grossthaten auf dem Gebiete der wissenschaft-
5807 5459 7132 5523 lichen und praktischen Medicin bis auf das Unver
5807 5505 7157 5570 meidliche einzuschränken sei, weil die Erfahrung ge¬
5818 5566 7150 5631 lehrt hat, dass die Popularisirung der Medicin nicht
5818 5620 7161 5689 wie diejenige anderer Wissenschaften zur Hebung der
5814 5681 7168 5764 Allgemeinbildung. sondern nur zum weitestgehenden
