6776 4216
1894 188 3458 430 Ist aber einmal die Kaysal anöffnet
3588 202 5109 465 diesheit den Vortheil, d.J. die Grisdelie
1884 347 3411 591 also in III à IV leversut, pecents
3576 365 4559 589 nicht gegentlicht wird.
3570 487 5056 726 2. dieten so läßt sich nicht entbeute
1904 473 3407 687 die Kirche unter jedes Bedingung
3639 652 5129 903 1A weil die könnte zu kein ist. Drei
1823 606 3462 832 entbunden werden. Da ihr Bleibe
3576 765 5103 1044 wir deselbe mit der Scheere nach eine
1884 771 3474 1040 im Ause heftige Reise veranlasst.
3552 934 4895 1132 oder beiden Seiten erwärtert.
1874 897 3423 1187 Rommt der Glask. im 5. Moment
3588 1040 5005 1309 6 weil die Kapfel nicht genügend
1906 1021 3470 1319 So hat es weiter nichts zu bedenken.
3639 1154 5064 1419 diseindirt - die Verwandt wird
1908 1229 3443 1527 Hal sich Glaskörper eingestellt
3631 1372 4126 1545 wiederholt
3590 1335 5068 1674 1e weil die frühe lüxist ist. Man
1882 1358 3441 1655 so soll (im allgemeinen) kein
1880 1503 3431 1792 drück auch auf den Bulbensge¬
3625 1492 5099 1851 norsucht dieselbe in ihre normalen Lage
3592 1655 5083 1978 zurückzubringen u sie bezu ent¬
1884 1623 3466 1929 übt werden, da immer mehr Glas¬
3574 1831 5052 2141 binde; gelagt es nicht, so hält
1890 1821 3403 2086 körpern fließt u. der Sohn
3572 1986 5079 2234 Herrn sie mit aber Schlage oder eben
1900 2067 3496 2292 die tiefe auf die Leite ge¬
1898 2173 3435 2446 Dienstwird. Ist einmal Glock.
3592 2202 4035 2424 Haken.
3611 2208 5121 2540 Vor et Operation der Rateraktg
1921 2367 3388 2646 de, so wird die Lache antrefe
3564 2451 4526 2732 seit man zu achten.
1884 2475 3439 2783 mit dem Weber'schen Schlinge.
3627 2530 5074 2871 1. Auf der Beschaffenheit d. Ratar
1945 2628 3490 2942 antbumbre, uiben man Gesch¬
3611 2691 5017 3034 2. auf die nur ob Augen¬
3613 2830 5087 3144 3. anfühle der Individuen
1874 2805 3456 3189 sie eingest, sie an die heutere
3733 3023 5085 3284 adt. ob die Rator reif, unrech
1906 2983 3452 3299 Hause st. Tris in Cornea an-
1910 3158 3443 3417 drückt, u. sie so herauschleift,
3611 3258 4259 3470 odt überreif
3529 3337 5056 3596 ad 2, ob sie ersach oder complicirt
1941 3362 3466 3586 och ausben einen eine größere
3602 3464 5003 3766 ist, th. ob der Dinge nach Hal¬
1902 3460 3429 3817 Haken in die heutere Häus¬
3596 3694 5032 3951 fernung der getrübten diese wieder¬
1933 3668 3472 3957 des Fris einsetzt u sie sicher auszieht.
