6632 4184
402 318 3283 550 Wie stellen sich die optischen und mechanischen Verhältnisse nach der
398 493 1084 679 Strabotomie?
485 580 3336 777 Wenn der Rect int. durchschnitten wird, contrahirt sich der Rect.
379 709 3355 880 ext; und das Kuge wird nach außen rotirt. Der Rect. et. könne
379 811 3367 1043 schon an und für sich, weil er sich beim Durchschneiden zusammen¬
379 940 3367 1130 zieht, weiter nach rückwärts zu liegen als früher, umso mehr durch
379 1073 3374 1259 Die Contraction des Rect. ext. und Rotation des Balbus nach außer¬
402 1179 3382 1346 Sein Umfangsbogen ist nun ein gereicheren geworden, und die mechanisch
383 1281 3359 1498 Axe des Balbus ist umsoviel verschoben, als sich der durchschnitten.
387 1418 3344 1611 Muskel zufrück nicht zurückgezogen hat. Insolge dessen steht die
379 1516 3386 1717 Macula lutea überhaupt alle Flecken der Retina aliders als frü¬
387 1657 3382 1846 her, der Bulbus ist demgemäß nach der Tenotonie nicht mehr orientirt.
387 1778 3211 1987 Man wird daher gleich nach der Tenotonie die Augen verbinden.
425 1892 3386 2119 kann man die Operation wegen Parese des Rectus ext nicht erfolgig
390 2013 3370 2237 machen, so müßte man den Schielverband anlegen. Man Verbindet die
379 2184 3302 2354 beiden Augen mit einem viereckigen Lappen, so dass das gesunde
375 2275 3329 2483 Auge ganz verbunden, der äuße Winkel des kranken jedoch nicht
379 2423 3340 2608 verbunden ist Manchmal muss die Strabstonne doppelt ausge¬
379 2540 2639 2752 führt werden, wenn der Strabismus zu Park ist.
1198 2631 3351 2859 Wenn einfache Verschneidung des Muskels nicht
474 2680 3351 2995 genug ist, durchschneidet man ein Stück weiter
409 2885 3405 3078 die capsula Tenoni, muss aber sehr vorsichtig sein, weil sonst Stra¬
390 3033 3389 3207 bismus divergens und Protusis Bulbi untritt. Man muss den Muskel
372 3162 3405 3340 an seiner Innenseite abschneiden, sonst zieht er die Cap. T. und das um
372 3276 3408 3522 liegende Bindegewebe mit sich und es Entsteht eine colossale Entstellung.
383 3397 1911 3636 Es entsteht dann „tiefer Schatten.“
4258 284 5456 542 II. En que leatio Bulbi.
3499 421 6441 663 Man versteht darunter die kunstgemäße Ausschälung des Bul¬
3408 565 6441 747 bus aus seinen Hüllen. dadurch unterscheidet sich sich von der Exstir¬
3420 736 6464 925 patio Bulbi oder Exenteratio onbitae; man macht letztern bei Tümoran,
3423 819 5482 1043 welche auf die orbitalwand übergegriffen haben.
3549 971 5137 1168 Die Enncleatio Bulbi macht man
3461 1081 6449 1270 1) bei Tumoren, die sich auf keine andere Weise entfernen lassen und wel
3454 1179 6392 1410 che das auch, daß sie Metastasen bilden, das Leben des Pat gefährden. Wir
3446 1316 6373 1501 unterscheiden entra u. extrabulbäre Tumoren; doch ist die Grenze nicht
3423 1463 6403 1676 streng zu ziehen. Extrabulbare Tumoren kommen hauptsächlich von
3435 1577 6449 1763 der corneasderalen Schichte und gehen wahrscheinlich immer von der
3477 1653 6438 1862 Conuinctiva auß. Es sind Tibrome, Angiome, Parcome, Carcinome,
3435 1786 6373 1994 und endlich dermoide Mißbildungen. Die intrabulbären Tumoren
3465 1899 6369 2146 geben fast immer die Indication zur Ausführung der Operation.
3458 2032 6320 2294 Sie gehen entweder vom uvealen Tract aus, oder von der Retina
3435 2146 6456 2354 und dem Nervus op ticus, besonders von Ersterein. Es sind gewöhnlich Sarco¬
3465 2263 6449 2457 me und zwar jugmentirte Sarcome. Seltenere Neubildungen sind
3454 2407 6468 2620 Iriscyoten und Myome des Corpus ciliare. An der Retina und am
3442 2544 6487 2756 Opticus kommen auch Carcinome vor, aber sehr selten, am häufigsten
3458 2665 6453 2908 sind die Gliome des Opticus und der Retina. Dann kommen auch Gra¬
3439 2794 6441 2972 nulome vor. Man kann nur enucteiren, wenn die Tumoren blos
3458 2915 6453 3139 auf den Bulbus beschränkt sind, und das sieht man aus der freien
3484 3063 4656 3226 Beweglichkeit des Bulbus.
3499 3139 6487 3374 2.) Bulbi, welche eine plastische Iridokeklitis durchgemacht haben, so daß
3473 3260 6506 3477 entweder heftige Schmerzen entstehen, oder daß durch die Contractur
3488 3389 6377 3655 der plastischen Exsudatmassen Gefahr der sympathischen
3477 3560 4622 3780 affection vorhanden ist.
3594 3617 6449 3837 Von einer sympathischen Affection sprechen wir dann, wenn
3526 3776 6464 3943 Die Erkrankung eines Bulbus durch die Infection von dem an
