6840 4536
4631 120 4862 263 n'y
3555 227 4886 446 Uleus rodens seu serpens
1861 231 3407 490 Citer in der Kammer i Sypopynn
3483 367 4910 681 Ein Geschwer der Cornia mit proge¬
1833 402 3331 654 einhaft auch errechon der für
3503 522 4941 837 Charakter; man nimmt an, dßes
1853 542 3371 769 u. Corp. eil, bei Ulurationes
3475 658 4969 952 durch sept. Einflusse in seiner Heilung
1817 677 3359 936 Mr. Coma u Noeitisanferior
1841 813 5049 1160 Jris Farbe, Skructur. Das Gefüge befindigt ist. Es ist also einsetzt. Geschien
1873 972 4973 1267 verändert wenn die Zeit in Feltärliche u kann das sagt. Gift von außen
3463 1112 4917 1407 Istammen od aus Thurnensack u.
1873 1140 3367 1466 Pupille Größe (mit der der andere
3463 1263 4698 1530 Benthäuter Krankungen,
1869 1291 3411 1606 Anges verglichen; Form (und at¬
3467 1367 4925 1670 Art der Pragression. Der eitrig
1857 1455 3391 1733 zackig in folge hinrxx Lynechien
1841 1578 4969 1877 Reaction, zu untersuchen, unter in filhierte Geschwurswerk erfällt
3483 1718 4511 1992 senissiv (häufig!)
2519 1801 2738 1933 Aug.
3523 1813 4985 2104 Es bilde sich in selts. Etagjen, die
1849 1817 3347 2036 man das andre mit dem Handlach
3487 1977 5009 2279 denn mit ihm Ulms zu sauen:
1849 1913 3439 2220 verschließt, Farbe namentl schwer
3479 2088 5021 2435 Fließen; die Cornéa wird da¬
1769 2096 3435 2411 bei Exsudat, Toutig der Linse, Ver¬
1877 2244 3399 2534 anang heite der Kirche Verhörung,
3511 2267 5149 2626 gaschen verotisch u Falltab (selten!)
1805 2423 3423 2678 et Pupillargebietes; die wech
3523 2411 4977 2786 Onyr u Hypopjon sind Perretikn
1849 2487 3443 2817 den normalen entsprechen; grünen
3515 2566 5073 2909 der der jetzte der Cornea begleitet
1861 2634 3463 2961 Reflex bei Glaukom; selben Refle¬
3531 2809 4156 3088 Frid Rykltis
1861 2813 3471 3100 bei Noplasina u Notshautabhebung.
3567 2857 5061 3196 Therapie Atropin, Schutz verkand,
1869 2973 3475 3224 Livse u Lissenkapsel bei cataracto
3571 3013 5089 3316 Causaili Momont berücksichtiger
1877 3128 3399 3403 Toutg; - matur. gemeister Diffus¬
3511 3204 5089 3459 Forr. candens, Eouacenkris comeas.
1865 3320 3447 3567 Truby; - imnatur - spächig. Schagschatter
3495 3379 5057 3634 Raat. vave. - superfin
1901 3479 2738 3682 Perlunterglanz.
3523 3563 5137 3830 Ein Entzysprozeß in der conjunct
1849 3499 3455 3822 Spang der Bulbus erhöht (Gläucen)
2244 3714 2726 3830 orten nicht.
3519 3646 5105 3925 Pomeapficht (Bowman Ych Rhembren)
1953 3702 3439 4009 Allgemein zustand, Gesich
3551 3830 4818 4065 stincturbes, durchsicht
1961 3913 2786 4156 Thanensek.
3128 4109 3296 4236 a
383 4041 889 4312 der obredigen
498 4132 1566 4395 Wch 4 rth, nach wiesen
