6680 4552
3381 222 6404 657 ort durch doppels, Paralpe bei besiger schwere
3396 481 4662 789 Drück) Gediegt sein.
3444 575 6363 1067 ist der eine Abtgelähmt, s kann den Krausch
3414 883 6187 1247 das andere einen Departeparoe. verursachen
3418 1127 6314 1555 Zu der Linien de Glottes zum Geil vor
3414 1427 6326 1822 engt, so kann die derselbe xxx berdent
3418 1668 6416 2085 Luft mitsfalb der Strictur bei leichtet
3467 1923 6344 2423 Zusammenfallen der Lagerwandt erzeugen
3414 2250 5281 2693 u/o die Appnoe vormehren.
5120 3655 6453 4121 Yours samons soins -c¬
4045 3955 4436 4207 1:11:0
