6328 4744
4168 442 4388 531 — 3 —
3318 531 5199 735 lichen Körper zugeführt, nachtheilig auf den Organismus wirken
3325 641 5199 803 könnte, kann ich erfahrungsgemäss nicht theilen, nachdem ich in
3323 716 5199 887 den letzten drei Decennien in verschiedenen Etablissements wohl
3318 789 5199 948 über 100 Personen, die speciell in diesen Räumen verwendet
3339 859 5199 1013 wurden, kennen gelernt, die sich ausnahmstos wohlbefanden und sich
3337 929 5206 1093 grossentheils noch heute einer guten Gesundheit zu erfreuen haben,
3332 1002 5214 1144 da kein solches Individuum in dieser Zeit, soweit es mir eben
3332 1090 5214 1214 möglich war zu eruiren, mit Tod abgegangen, mit Ausnahme
3332 1130 5214 1282 einiger weniger Personen, die ein hohes Alter erreichten; auch
3337 1221 5216 1364 sind diese, soweit ich es feststellen konnte, nicht der Tuberculose
3351 1346 3573 1439 erlegen.
3505 1320 5225 1477 Ich selbst war durch viele Jahre nicht nur den ganzen Tag
3351 1425 5216 1558 in diesen Räumen thätig, sondern ich hatte auch später unmittel¬
3349 1486 5218 1636 bar neben dem Bäderräume mein Arbeitszimmer, welches immer
3360 1556 5216 1692 durch eine offene Thür mit letzterem verbunden war, ohne im
3363 1624 5214 1781 Geringsten einen nachtheiligen Einfluss wahrgenommen zu haben.
3543 1678 5223 1825 Ich brauche wohl nicht erst hervorzuheben, dass, für den Fall
3363 1767 5235 1907 meine Erfahrung von berufener Seite Bestätigung finden sollte, dieses
3374 1825 5242 1973 Mittel ein sehr einfaches, auf billige Weise herzustellendes wäre und
3372 1914 5064 2038 daher auch dem Aermsten zugängig gemacht werden könnte.
3536 1935 5122 2118 Herr Professor v. Schrötter sagte in seinem Vortrage:
3547 2010 5244 2174 „Es ist geradezu eine Pflicht der Menschen, sich von Zeit zu
3374 2094 5235 2242 Zeit aufzuraffen und mit voller Energie immer wieder Alles zu ver
3391 2160 5249 2307 suchen gegen einen Feind, der in Wien Jahr für Jahr durchschnitt-
3379 2230 5223 2389 lich nicht weniger als den vierten Theil aller Todesfälle verlangt.
3547 2307 5260 2445 Ich habe nun, seinem Aufruf Folge leistend, mich angeregt
3398 2377 5260 2534 gefühlt, meine Erfahrungen in schlichten Worten, den Thatsachen
3398 2443 5260 2597 entsprechend, zur Kenntnis der massgebenden Kreise zu bringen und
3391 2523 5253 2665 wünsche vom Herzen, dass ich mich nicht getäuscht habe und dass
3398 2574 5265 2731 dieselben Bestätigung finden mögen zur Linderung und zum Heile
3393 2654 5015 2808 der an dieser furchtbaren Krankheit leidenden Menschheit.
3557 2719 5272 2871 Habe ich mich geirrt — nun dann will ich gerne einen mich
3407 2782 5274 2937 etwa treffenden Vorwurf, »nur Staub aufgewirbelt zu haben', ruhig
3409 2869 5270 3007 hinnehmen und mich mit dem Bewusstsein zu trösten wissen,
3416 2932 5272 3086 wenigstens den besten Willen gehabt zu haben, der Allgemeinheit
3421 3030 4713 3138 zu nützen und um einzustimmen in den Ruf:
3608 3040 5284 3215 „Das kostbarste Capital der Staaten und der Gesellschaft ist
3405 3194 3791 3330 der Mensch.“
3494 3557 5256 3751 Verlag des Niederösterreichischen Gewerbevereins. — Druck von A. Keiss in Wien.
