6968 4408
3520 251 4923 456 ehr oft werden auch die vordrei
1866 240 3324 515 Lymptome des Fridekesklities
3508 373 5005 617 Schichten untergriffen in Form einer
1807 416 2730 695 A. Cilianifictors,
3497 491 4974 790 Verehmäßigen König: Kerat. Affusa:
1819 511 3410 821 2. Verfärbig (Hyper alivis) depuis
1831 660 4986 994 3. Verwaschensein (Exsud) des Pfuge Man nannte früher Berat. Smat
3473 798 4970 1033 placemet les seu Rydromening
1803 833 3410 1155 der Fris (arkerœuforn zeichen undtutlich)
3497 919 5029 1249 es sollen nämlich die Endothellung
1854 1025 3108 1277 4. Kild von hie, dem Synechier
3497 1084 5009 1367 der Membr Dlge. ergriffen sein.
1858 1159 3045 1367 5. Trühr der Raumerasser.
1866 1257 3355 1540 Ad 2. Zeichen der Hyperdemi
3516 1206 5041 1524 Nach Arlt Sraccip. Agcte hinter
1874 1351 3332 1674 ad 3,4,5 Zeichen des Krud.
3501 1395 5009 1717 Baud. Raat. pmet ist aber
1878 1473 3363 1788 Die Trühg des Kommeswassers kau
3501 1548 5001 1831 sene interst. Entsch der Coma in it¬
1854 1552 3446 1988 Die Fürsein oder commisscript (Hyrn)
3512 1701 5060 2027 hintere Schichten in Frau von cerami¬
3532 1870 4825 2133 scrip an ringform. Herden.
1862 1960 2235 2161 sryor)
1886 1878 3434 2279 Jupille recutionalos, schlechter Sachen
3516 1984 5056 2318 Theapie et Veitis anheim
1866 2074 3371 2408 subject: uobject. Symptomt.
3536 2129 5088 2522 Atropin, Schutz vor Licht, wenn
1878 2247 3414 2550 Rauperscheinung, Sünctions,
3520 2302 5068 2640 Wisllug nes Resor6, localis, Vor¬
1847 2330 3453 2727 Forny A. Vis. sud Jupitee
3528 2432 5060 2809 fand. - Ist die Reizverstande.
1827 2510 3442 2876 wegen der gefüllten Gefärße
3532 2581 4970 2994 so bringt man die Truby durch
1850 2664 3469 3100 Also eine Exposionen ist denke¬
3552 2754 4966 3127 Colowel (dabei nicht Jodkali)
1854 2809 3485 3210 Fractes ist aus geschlossen (Ran Glaucon)
3548 2872 5092 3316 geben) an bildet sich Sublimat.)
1843 3025 3481 3379 Die Camea betheiligt sich mehrfangen,
3512 3076 5045 3477 od Jodoferm intpuscon, Ein-
1878 3214 3438 3481 es erkrankt auch der Seiten Ab¬
3552 3269 5041 3650 reibg von gelbes Grecksillers
1890 3363 3465 3666 schnitt (Uocalblatt), der Inhalte
3540 3465 5037 3807 oggd selbernden Conj. seck
1902 3575 3493 3886 ist in Punkten Gesammelt. Res. puncti
3611 3658 5088 4062 Massage (nur bei Erschwerschen
1886 3724 3446 4078 orts mehr diffus! Der. partieck¬
