<?xml version="1.0" encoding="UTF-8" standalone="yes"?>
<PcGts xmlns="http://schema.primaresearch.org/PAGE/gts/pagecontent/2013-07-15" xmlns:xsi="http://www.w3.org/2001/XMLSchema-instance" xsi:schemaLocation="http://schema.primaresearch.org/PAGE/gts/pagecontent/2013-07-15 http://schema.primaresearch.org/PAGE/gts/pagecontent/2013-07-15/pagecontent.xsd">
    <Metadata>
        <Creator>prov=READ-COOP:name=TrHtr:version=2.1.0:model_id=51170:date=01_08_2023_03:38</Creator>
        <Created>2023-05-10T11:23:07.825+02:00</Created>
        <LastChange>2023-08-01T03:38:00.295+02:00</LastChange>
        <TranskribusMetadata docId="1428151" pageId="55386687" pageNr="27" tsid="131649218" status="IN_PROGRESS" userId="64420" imgUrl="https://files.transkribus.eu/Get?id=TCQUYWBXYKJWDXGQWQELAZOM&amp;fileType=view" xmlUrl="https://files.transkribus.eu/Get?id=ONPGOPBRBHCDOIDUHUQIYBNW" imageId="44661584"/>
    </Metadata>
    <Page imageFilename="1428151_0027.jpg" imageWidth="6904" imageHeight="4840">
        <ReadingOrder>
            <OrderedGroup id="ro_1711821281773" caption="Regions reading order">
                <RegionRefIndexed index="0" regionRef="tr_1"/>
            </OrderedGroup>
        </ReadingOrder>
        <TextRegion id="tr_1" custom="readingOrder {index:0;}">
            <Coords points="3549,607 6584,607 6584,4270 3549,4270"/>
            <TextLine id="tr_1_tl_1" custom="readingOrder {index:0;}">
                <Coords points="3575,748 4201,835 4846,664 5617,763 5913,664 6273,710 6315,550 5002,486 3579,638"/>
                <Baseline points="3597,723 3632,728 3722,728 3812,734 3901,728 3991,728 4081,728 4170,723 4260,717 4350,717 4439,705 4529,705 4618,699 4708,687 4798,681 4887,675 4977,669 5067,669 5156,663 5246,657 5335,663 5425,663 5515,663 5604,657 5694,657 5784,657 5873,657 5963,663 6052,663 6142,669 6232,669 6321,675"/>
                <TextEquiv>
                    <Unicode>Ein Fall von hyst Rehlkopfl ähnung</Unicode>
                </TextEquiv>
            </TextLine>
            <TextLine id="tr_1_tl_2" custom="readingOrder {index:1;}">
                <Coords points="3529,1017 4645,934 4968,1025 6076,880 6474,1044 6573,1028 6581,713 5909,672 5442,786 5074,664 4474,865 3533,888"/>
                <Baseline points="3549,950 3638,956 3728,962 3818,956 3907,956 3997,950 4087,944 4176,938 4266,932 4356,932 4445,926 4535,920 4624,914 4714,914 4804,908 4893,908 4983,902 5073,902 5162,896 5252,896 5341,890 5431,890 5521,884 5610,878 5700,866 5790,866 5879,866 5969,866 6058,872 6148,884 6238,896 6327,914 6417,944 6507,973 6584,979"/>
                <TextEquiv>
                    <Unicode>mit Erscheinungen von Äphor a u Myprioec Spast</Unicode>
                </TextEquiv>
            </TextLine>
            <TextLine id="tr_1_tl_3" custom="readingOrder {index:2;}">
                <Coords points="3590,1347 3909,1404 4896,1207 5305,1268 5947,1146 6398,1252 6474,1028 4949,1006 4721,1104 4581,1002 4106,1013 3598,1138"/>
                <Baseline points="3615,1260 3698,1254 3788,1248 3877,1248 3967,1248 4057,1242 4146,1230 4236,1218 4326,1207 4415,1207 4505,1207 4595,1201 4684,1201 4774,1189 4863,1189 4953,1183 5043,1177 5132,1183 5222,1177 5312,1171 5401,1165 5491,1165 5580,1153 5670,1147 5760,1141 5849,1135 5939,1135 6029,1141 6118,1147 6208,1153 6297,1171 6387,1189 6477,1212"/>
                <TextEquiv>
                    <Unicode>Prsedbocki Gazeta lekarsko N. 51.52, 86.</Unicode>
                </TextEquiv>
            </TextLine>
            <TextLine id="tr_1_tl_4" custom="readingOrder {index:3;}">
                <Coords points="3541,1560 4019,1560 4341,1469 4831,1518 5017,1400 5507,1514 5586,1491 5601,1256 5116,1290 5025,1226 4820,1313 4615,1249 3951,1435 3556,1317"/>
                <Baseline points="3567,1499 3627,1499 3716,1493 3806,1493 3895,1493 3985,1487 4075,1481 4164,1475 4254,1463 4344,1457 4433,1446 4523,1434 4612,1434 4702,1428 4792,1422 4881,1410 4971,1404 5061,1398 5150,1404 5240,1398 5329,1392 5419,1392 5509,1392 5598,1386"/>
                <TextEquiv>
                    <Unicode>Emlich über d hyst. Sar. erkrok</Unicode>
                </TextEquiv>
            </TextLine>
            <TextLine id="tr_1_tl_5" custom="readingOrder {index:4;}">
                <Coords points="3541,1731 3901,1674 4174,1810 4406,1666 5021,1617 5533,1704 6254,1583 6258,1480 4345,1469 3548,1564"/>
                <Baseline points="3567,1667 3573,1667 3662,1667 3752,1667 3842,1667 3931,1661 4021,1661 4111,1655 4200,1655 4290,1655 4379,1655 4469,1649 4559,1649 4648,1643 4738,1631 4828,1619 4917,1619 5007,1613 5096,1607 5186,1607 5276,1607 5365,1601 5455,1595 5545,1589 5634,1583 5724,1577 5813,1571 5903,1565 5993,1559 6082,1559 6172,1559 6262,1565"/>
                <TextEquiv>
                    <Unicode>Zusammenh der Apl. sp. mithafelenten</Unicode>
                </TextEquiv>
            </TextLine>
            <TextLine id="tr_1_tl_6" custom="readingOrder {index:5;}">
                <Coords points="3541,1894 3749,1920 4068,1848 4193,1882 4869,1818 4869,1765 4770,1727 4611,1753 4414,1662 4174,1806 4042,1784 3913,1677 3765,1731 3545,1723"/>
                <Baseline points="3561,1864 3621,1858 3710,1858 3800,1846 3889,1846 3979,1846 4069,1846 4158,1846 4248,1846 4338,1834 4427,1834 4517,1834 4606,1834 4696,1822 4786,1810 4875,1810"/>
                <TextEquiv>
                    <Unicode>(Hofman, Herius)</Unicode>
                </TextEquiv>
            </TextLine>
            <TextLine id="tr_1_tl_7" custom="readingOrder {index:6;}">
                <Coords points="3586,2159 3989,2019 4755,2118 5742,1947 6296,1977 6429,1947 6436,1784 6174,1871 5985,1761 5385,1795 4918,1951 4110,1852 3598,1928"/>
                <Baseline points="3615,2031 3662,2025 3752,2025 3842,2019 3931,2013 4021,2013 4111,2013 4200,2013 4290,2013 4379,2013 4469,2013 4559,2007 4648,2001 4738,2007 4828,2001 4917,2001 5007,1995 5096,1983 5186,1971 5276,1965 5365,1959 5455,1959 5545,1953 5634,1947 5724,1947 5813,1941 5903,1936 5993,1936 6082,1930 6172,1930 6262,1930 6351,1930 6441,1918"/>
                <TextEquiv>
                    <Unicode>Spart Aphon u Dyppr nicht selber combinirt</Unicode>
                </TextEquiv>
            </TextLine>
            <TextLine id="tr_1_tl_8" custom="readingOrder {index:7;}">
                <Coords points="3541,2258 4144,2197 4725,2323 5719,2171 5992,2273 6497,2182 6505,1973 4896,2125 3545,2049"/>
                <Baseline points="3561,2222 3638,2216 3728,2210 3818,2198 3907,2198 3997,2192 4087,2198 4176,2192 4266,2198 4356,2198 4445,2204 4535,2204 4624,2204 4714,2204 4804,2210 4893,2204 4983,2204 5073,2198 5162,2192 5252,2186 5341,2175 5431,2175 5521,2169 5610,2169 5700,2163 5790,2169 5879,2157 5969,2157 6058,2145 6148,2145 6238,2145 6327,2145 6417,2145 6507,2145"/>
                <TextEquiv>
                    <Unicode>(contra lei chul, pro Hack-Nicolay, Disses)</Unicode>
                </TextEquiv>
            </TextLine>
            <TextLine id="tr_1_tl_9" custom="readingOrder {index:8;}">
                <Coords points="3567,2467 3715,2474 3753,2448 3776,2467 3833,2455 3860,2478 3947,2444 3962,2459 4068,2444 4080,2262 3905,2231 3856,2266 3795,2231 3749,2231 3651,2273 3579,2239"/>
                <Baseline points="3591,2402 3638,2396 3728,2390 3818,2384 3907,2378 3997,2372 4087,2372"/>
                <TextEquiv>
                    <Unicode>Hernes</Unicode>
                </TextEquiv>
            </TextLine>
            <TextLine id="tr_1_tl_10" custom="readingOrder {index:9;}">
                <Coords points="3579,2664 4118,2600 4269,2706 5677,2539 6106,2600 6372,2565 6376,2433 5522,2338 5313,2429 5154,2345 4436,2379 4159,2493 3586,2444"/>
                <Baseline points="3603,2611 3692,2611 3782,2605 3872,2593 3961,2593 4051,2593 4140,2587 4230,2581 4320,2581 4409,2575 4499,2575 4589,2563 4678,2563 4768,2569 4857,2569 4947,2563 5037,2563 5126,2551 5216,2551 5306,2539 5395,2539 5485,2539 5574,2539 5664,2539 5754,2533 5843,2527 5933,2533 6023,2533 6112,2533 6202,2533 6292,2533 6381,2545"/>
                <TextEquiv>
                    <Unicode>189. Mädchen Erkaltung? Hußen, Applage</Unicode>
                </TextEquiv>
            </TextLine>
            <TextLine id="tr_1_tl_11" custom="readingOrder {index:10;}">
                <Coords points="5184,2710 5248,2694 5381,2751 5658,2656 5791,2656 5852,2698 5924,2645 6011,2679 6216,2653 6190,2554 6106,2603 5973,2554 5829,2619 5681,2543 5624,2588 5378,2615 5279,2546 5184,2546"/>
                <Baseline points="5204,2653 5240,2647 5329,2653 5419,2653 5509,2653 5598,2653 5688,2653 5778,2647 5867,2641 5957,2647 6047,2653 6136,2653 6226,2647"/>
                <TextEquiv>
                    <Unicode>Adwerk d'Engl</Unicode>
                </TextEquiv>
            </TextLine>
            <TextLine id="tr_1_tl_12" custom="readingOrder {index:11;}">
                <Coords points="3541,2861 4880,2858 5252,2755 6345,2892 6288,2630 5374,2740 4899,2565 4216,2713 3545,2649"/>
                <Baseline points="3561,2850 3573,2850 3662,2838 3752,2838 3842,2832 3931,2826 4021,2820 4111,2820 4200,2820 4290,2814 4379,2808 4469,2808 4559,2802 4648,2802 4738,2790 4828,2784 4917,2778 5007,2772 5096,2760 5186,2748 5276,2754 5365,2766 5455,2766 5545,2766 5634,2766 5724,2772 5813,2772 5903,2772 5993,2778 6082,2784 6172,2790 6262,2796 6351,2802"/>
                <TextEquiv>
                    <Unicode>Ernrich das Stimme, Strider? Locanlegniß</Unicode>
                </TextEquiv>
            </TextLine>
            <TextLine id="tr_1_tl_13" custom="readingOrder {index:12;}">
                <Coords points="3567,3138 5313,2971 6030,2964 6516,3101 6524,2892 5719,2899 5286,2778 4687,2907 4478,2823 4190,2937 3575,2884"/>
                <Baseline points="3591,3071 3662,3065 3752,3059 3842,3053 3931,3053 4021,3047 4111,3047 4200,3035 4290,3035 4379,3029 4469,3029 4559,3017 4648,3017 4738,3017 4828,2999 4917,2987 5007,2987 5096,2969 5186,2969 5276,2969 5365,2969 5455,2969 5545,2969 5634,2963 5724,2969 5813,2963 5903,2969 5993,2963 6082,2969 6172,2975 6262,2993 6351,3005 6441,3023 6531,3035"/>
                <TextEquiv>
                    <Unicode>Boomkers. Lassaring. Reeid. Frecheot nicht</Unicode>
                </TextEquiv>
            </TextLine>
            <TextLine id="tr_1_tl_14" custom="readingOrder {index:13;}">
                <Coords points="3556,3294 4228,3336 4508,3226 5894,3173 6520,3286 6524,3127 5996,2983 5074,2979 4649,3123 3560,3142"/>
                <Baseline points="3579,3244 3662,3250 3752,3250 3842,3250 3931,3250 4021,3250 4111,3250 4200,3244 4290,3244 4379,3232 4469,3226 4559,3226 4648,3214 4738,3208 4828,3202 4917,3196 5007,3196 5096,3190 5186,3184 5276,3178 5365,3184 5455,3184 5545,3184 5634,3178 5724,3172 5813,3166 5903,3160 5993,3154 6082,3160 6172,3172 6262,3178 6351,3190 6441,3196 6531,3208"/>
                <TextEquiv>
                    <Unicode>notwendg, da Chlorof vankne to Bypnne</Unicode>
                </TextEquiv>
            </TextLine>
            <TextLine id="tr_1_tl_15" custom="readingOrder {index:14;}">
                <Coords points="3571,3510 5074,3408 5533,3533 6125,3400 6425,3484 6493,3286 6155,3192 5765,3321 5624,3241 5491,3347 4945,3207 4330,3381 4102,3286 3575,3343"/>
                <Baseline points="3591,3465 3632,3471 3722,3465 3812,3465 3901,3459 3991,3459 4081,3459 4170,3453 4260,3447 4350,3447 4439,3435 4529,3435 4618,3423 4708,3423 4798,3417 4887,3417 4977,3411 5067,3405 5156,3411 5246,3405 5335,3405 5425,3405 5515,3405 5604,3405 5694,3405 5784,3399 5873,3399 5963,3393 6052,3393 6142,3399 6232,3405 6321,3411 6411,3423 6501,3429"/>
                <TextEquiv>
                    <Unicode>befertigt. - Corcin. Landauferts Gedung</Unicode>
                </TextEquiv>
            </TextLine>
            <TextLine id="tr_1_tl_16" custom="readingOrder {index:15;}">
                <Coords points="3617,3658 4323,3757 4455,3658 5973,3655 6467,3780 6467,3533 6004,3431 5651,3529 5146,3408 4364,3442 4243,3548 3954,3488 3617,3594"/>
                <Baseline points="3638,3650 3728,3644 3818,3650 3907,3656 3997,3656 4087,3656 4176,3656 4266,3650 4356,3650 4445,3650 4535,3650 4624,3638 4714,3638 4804,3644 4893,3638 4983,3638 5073,3638 5162,3638 5252,3632 5341,3621 5431,3632 5521,3638 5610,3638 5700,3638 5790,3638 5879,3638 5969,3638 6058,3638 6148,3644 6238,3644 6327,3656 6417,3662 6477,3662"/>
                <TextEquiv>
                    <Unicode>- Hyst Luhnen, oft refleit (Gerrit, Nase, Faih)</Unicode>
                </TextEquiv>
            </TextLine>
            <TextLine id="tr_1_tl_17" custom="readingOrder {index:16;}">
                <Coords points="3582,3844 6387,3878 6353,3708 5989,3795 5787,3696 4455,3658 4125,3784 3582,3658"/>
                <Baseline points="3603,3830 3692,3836 3782,3836 3872,3836 3961,3836 4051,3830 4140,3830 4230,3830 4320,3830 4409,3836 4499,3842 4589,3836 4678,3830 4768,3836 4857,3836 4947,3836 5037,3836 5126,3830 5216,3830 5306,3830 5395,3830 5485,3830 5574,3836 5664,3836 5754,3842 5843,3842 5933,3848 6023,3854 6112,3860 6202,3866 6292,3866 6381,3872 6393,3866"/>
                <TextEquiv>
                    <Unicode>Von Langenk annoch kein durch schlecht lepp. Leiten¬</Unicode>
                </TextEquiv>
            </TextLine>
            <TextLine id="tr_1_tl_18" custom="readingOrder {index:17;}">
                <Coords points="3564,4072 4600,4167 4858,4053 5123,4171 5784,4030 6364,4148 6493,4064 6452,3860 5803,3962 5495,3844 5089,3916 4376,3844 3943,3947 3564,3837"/>
                <Baseline points="3585,4021 3674,4021 3764,4027 3854,4027 3943,4027 4033,4027 4122,4027 4212,4021 4302,4015 4391,4015 4481,4009 4571,4015 4660,4015 4750,4021 4840,4015 4929,4015 5019,4003 5108,4015 5198,4015 5288,4021 5377,4021 5467,4021 5557,4027 5646,4027 5736,4027 5825,4027 5915,4027 6005,4027 6094,4027 6184,4033 6274,4039 6363,4045 6453,4063 6501,4063"/>
                <TextEquiv>
                    <Unicode>Aph. sp. u Bspap. oft zu s. geb. auch Lyst Ersch</Unicode>
                </TextEquiv>
            </TextLine>
            <TextLine id="tr_1_tl_19" custom="readingOrder {index:18;}">
                <Coords points="5696,4281 5749,4281 5757,4288 5768,4277 5852,4277 5844,4121 5825,4125 5806,4144 5776,4129 5727,4178 5692,4174"/>
                <Baseline points="5718,4254 5808,4260 5861,4260"/>
                <TextEquiv>
                    <Unicode>w</Unicode>
                </TextEquiv>
            </TextLine>
        </TextRegion>
    </Page>
</PcGts>
