6616 4136
306 245 3328 504 Daß für jedes Eckopium eine spezielle Separation gilt, sondern man
302 447 3317 611 muss die betreffende Operation für jeden Krankheitzustand anders
290 543 1731 722 modificieren und indicieren
313 665 3321 875 1.) Bei Eckopium acutum muss der ursächliche Process behandelt
302 795 3321 997 werden durch Tonchirn und Compression der hervorgestültigten
302 917 1062 1093 Coniunction.
302 955 3309 1238 2) Frei E. luxurians und senilé sind die Ursache ein hypatòphi¬
306 1181 3344 1360 render Bindesautprocess, folglich muss man diesen behandeln, mit
302 1276 3317 1433 Notras argent und Caprum kulfuricum touchiren, um einerseits
313 1379 3321 1586 die Gefäße zur Contraction zu bringen, anderseits die Gewebe straff
340 1490 3263 1678 zu machen, sozusagen um die Gewebe zu gerben. Da auch eine
332 1651 3298 1838 Blepharadenitis besteht, muss man auch diese behandeln. Andrer-
264 1788 3336 1941 seits werden die Lider durch einen gutsitzenden Verband, z. B. beim
325 1869 3328 2086 Echopium luxuruans redressirt, beim E senile durch Anstemmung
313 1987 3321 2205 am Nasenfertsatz des Oberkiefers nach aufwärts gekehrt und ge¬
313 2113 3256 2335 presst. Nur selten reicht man mit dieser Behandlung aus und
302 2232 3286 2419 man muss zu operativen Behandlungen greifen. Solche sind der
317 2384 3313 2572 Fadenöperation, und wenn der Lidrand schon zu stark verlängert
325 2503 3340 2698 ist, die Parsographie, wodurch einestheils der Eidrand gehoben, und
294 2602 1395 2797 restheils verkürzt wird.
329 2705 3290 2942 3) Bei falschen Eckopien, g. k. bei E. paralyticum wird die Ta¬
325 2900 3340 3046 cialisparex erst zu behandeln sein, da aber das zulange dau¬
302 2977 3328 3175 ert, um die Bildung von erotischen Geschwüren infolge des Lago¬
290 3133 3221 3317 phtialmus zu verhindern, wird man durch Tarsographie den
325 3214 2656 3439 Lidspalt schließen und so den Bulbus schützen,
325 3305 3302 3538 4.) bei dem durch Narbenzug bedingten Echopium, Ectropi¬
313 3485 3252 3691 um cicatriceum sind die Aperations methoden mannig,
271 3596 650 3817 sach:
3466 241 6488 497 a) Hier kann man die Narbe loslösen und den Substanzver¬
3435 443 6401 665 lust durch Verschiebung der nachbarlichen Haut decken; der
3439 566 4842 764 Spalt wird dann veraäht.
3447 684 6431 902 (ß) Bei schmalen hehnenartig ausgebreiteten Narben genügt es
3428 799 6500 1028 oft, die Narbe auszuschneiden und den Wundrand zu Vereiniger
3447 986 6500 1143 p) Sind die Narbenzuge groß, so kann man das Lid losprächeriren
3451 1066 6454 1219 und den Substanzferlust entweder durch Verschieben der Haut
3458 1173 6473 1341 decken oder mit gestielten Hautlappen aus der Nachbarschaft
3447 1299 6473 1498 oder nicht gestielten Lappen aus entfernten Korpergegen.
3477 1422 5751 1639 den decken. Reverdinsche Transplantation
4307 1551 5098 1727 IX. Entropium
3565 1632 6412 1869 Entropium ist eine Einwärtsrollung des Lides bedingt
3500 1804 6458 2010 durch eine spaetische Contraction des Musculus subfarsalis
3477 1911 4295 2083 und arbicularis.
3584 2018 4715 2243 Arten des Entropium
3458 2125 6416 2335 1) Entropium spasticum hervorgebracht durch spastische Con¬
3451 2312 6446 2449 traction des Musc. orbicularis palpebrac, welche spastische
3466 2430 6462 2637 Contraction fast immer eine Reflexbewegung ist und zu¬
3435 2545 6435 2721 stande kommt bei heftigen Reizen im vorderen Ciliargebiet
3443 2656 6351 2866 z. B. bei hapetischen Processen, fremden Körpern in der
3447 2774 6294 3004 Hornhaut im Budehautsack (einwärtsgewachsene Cilien) -
3451 2877 6496 3122 Ein Reiz des Prigeminus geht durch das Centrum auf dem
3439 3030 6427 3206 Weg des Facialis zum M. Abic. und verursacht reflectoris et
3458 3149 6435 3313 eine Contraction desselben Bis auf einen gewissen Grad ver¬
3447 3279 6408 3466 trägen Bulbus und Lid die Contraction. Wenn diese aber
3470 3431 6488 3623 einmal so stark wird, daß sie den Widerstand des Bulbus
3466 3523 6431 3726 übersteigt, so wird nicht mehr Schleinhaut mit Schleimhaut sich
3451 3634 6446 3817 berühren, sondern der Intermarginalrand wird einwärt=
3466 3791 6393 3982 Gestülpt. – Diese Berührung verursacht einen neuen Reg
