6536 4200
4041 240 5246 518 Operationscurs
4137 446 5048 606 I. Tenotomie.
3694 553 6314 782 Tenotomie macht man bei Strabismus unvergens, a
3324 736 6359 900 berim bei Strab. divergens, weil das kein eig entlicher Cte ist, son¬
3324 831 6355 1018 dern ein Lähmungszustand des M. rectus internus. Jeder Stral¬
3363 904 6374 1128 ist eine Stellungsanamalie des Bulbus, aber nicht umgekehrt.
3347 1106 6374 1277 Ein Schiefstehen des Bulbus bezeichnet man im allgemeinen
3355 1178 6314 1395 als Luscitas, durch Lähmungen, Tumoren etc. bedingt. Unter
3336 1289 6329 1468 Strab. unvergens verstehen wir eine willkürliche vermehrte Con¬
3324 1430 6371 1647 vergens der Gesichtslinien bei sonstiger Freiheit der Blickrichtung
3344 1552 6344 1761 Wenn wir bei Strab. Das gesunde Ruge zudecken, ist der Pat. im¬
3336 1674 6294 1910 stande, das kranke Auge nach jeder Richtung hin zu bewegen.
4316 1784 6279 1944 A und § sind die mechanischen Mittelpunkte
4198 1918 6352 2104 außerdem hat jedes Auge seinen optischen Mittel¬
4293 2040 6371 2223 punkt. Wir vereinfachen es, indem wir A und
4034 2074 6363 2394 B als mechanische und optische Mittelpunkte
3473 2120 3767 2398 xx
3416 2329 6363 2524 ansehen. Die Linie 18 bezeichnet man als Grundlinie Wenn der
3366 2413 6302 2634 fizierte Punkt C der Medianlinie des Körpers entspricht, so
3332 2539 6333 2756 ist A & C ein gleichschenkliges Dreieck, z & - B, wir nennen sie
3332 2673 6306 2878 Grundwinkel. Ist nun das eine Auge B strabotisch, so geht die
3366 2802 6298 2970 Linie durch Ban C vorüber, weil die Convergenz nunmehr
3347 2905 6321 3092 vergrößert ist. Infolge dessen bekommt das Auge & einen neu¬
3363 3035 6352 3237 en Grundwinkel t Bd=g. 48-4 A B C-4 D'CC = Äß - 40. Es ist
3378 3183 6367 3340 dann S der Schielwinkel, die Offerenz der beiden Grundwinkel & u. s.
3416 3267 6291 3446 Dass die Convergen willkürlich ist, sehen wir daraus, daß die
3344 3378 6409 3603 Strub. im tigen Schlafe, in der Narkose und im Tode aufhört, außerdem
3363 3538 6390 3717 daraus, daß dieses Schielen eine bewusste Thätigkeit ist. Der Beweis
3363 3675 6336 3847 wird auch auf indirectem Wege geführt. Der Strabote istuber die Ge¬
3366 3786 6340 3950 genstand, im Raume orientirt. Wir beweisen es dadurch, daß be¬
