6904 4824
762 174 3054 490 Die unterzeitung der unterhaltung
570 395 3326 664 uusquammen maa-
3551 620 6464 878 Einen Fränkel bepäte Lemöns Angaben bezahlt
3566 903 4538 1110 J. Cadaonfels
3573 903 6392 1371 B. Fraukel Kranck u Lefrey unterscheint
3591 1201 6337 1560 sich langezirk durch Spannungspad st Stummld
3657 1426 6413 1796 war auch zur Bestimmung der Zeit, wann
3631 1607 5779 1966 des Contracten dejährlt laut
3635 1777 6468 2238 Reichert Fall & bedienstell; Corain Besser
3638 2089 5612 2456 der Athannesbetschweis?
3628 2213 6551 2717 Heymann Fall & Raitney some and
3660 2510 6584 2924 Aphon spost, das sich bald hy onla verlor
3678 2721 6435 3160 (centale vorübergeh d Rau zuschienen
3711 2946 6573 3457 Schmidl will oppf. Aus der für Abdulde
