6600 4136
2787 172 2983 402 ouest
3411 149 6455 479 zwei sich kreuzende Heftpflasterstreifen (2) ausführen. Auch kann
3396 364 6478 590 man eine seine Lammelle Gelatin oder Gummi an das untere
329 341 3323 559 es kommt zu einer heftigen Reiz Contraction des Muse. subtars.
333 486 3300 693 die Cilien werden nach einwärts gedreht, und so ist eine Stette
3423 479 6467 708 Lid kleben, um das Einwärtsrollen bei heftiger Muskelcontraction
345 628 3231 827 von Reizen geschlossen.- Die eigenthümliche Portation des
3423 605 6459 819 zu behindern. Oder man macht die Fadenöcheration, wenn die Über¬
322 716 3339 953 M. subtars. bringt es mit sich, dass das Lid schraubenziehenförmig
3400 739 6417 973 gangsfalte nicht zu stark verkürzt ist, außerdem bei Erkopium
345 846 3281 1022 einwärts gerollt wird u. zes. die laterale Partie immer zuerst
3423 881 4265 1084 spasticum nicht
337 995 3335 1202 2) Das Entropium senale ist eigentlich auch ein Entropuum spast;
3457 961 6463 1175 Bei Enkopium nach Verlust des Bulbens oder der normalen Wölbung
329 1122 3327 1275 welches aber die Schlaffheit des Tarsus als disponirendes Moment be¬
3431 1076 6459 1336 pflegt man demselben durch Einsetzen eines künstlichen Augs zu be¬
345 1241 674 1428 sitzt
3457 1294 3886 1424 gegnen.
345 1367 3358 1558 (3) Entropium mechanischer Ursache; wenn die Arbita wenig
3465 1352 6490 1535 EinEntropium cicatriceum kommt durch Narbenbildung in der
360 1474 3350 1688 gefüllt ist, hat der sich contrahirende M. subtars. keinen Gegenhalt,
3457 1463 6428 1669 Coniunctiva palpebrarum zustande. Diese Narben können
3434 1597 6482 1807 entweder eine Bindehautschrumpfung nach einem Entzündungspra¬
371 1589 2263 1792 Dreht das Lis rückwärts in die Ordita
3438 1731 6482 1899 cesse der Coniunctiva sein z. B. Trachom, oder Narben nach Sub¬
337 1696 3342 1911 4) Entropium cicatriceum ist ein unechtes Entz. durch Narben
391 1872 3358 2041 zug bedingt, z.B. bei Trachom, Veratzungen der Coniunction etc.
3431 1838 6486 2079 stanzverlusten. (Ätzung, Verbrennung) Unter allen diesem Umstän¬
1290 1960 2152 2125 Behandlung:
3434 1972 6471 2198 den ist die untere Übergangstalte mehr weniger verkürzt
425 2064 3335 2263 Bei dem Entz. spasticum aufs erst die Grundursache behoben
3465 2087 6432 2366 und jederzeit sind die Chien gegen den Bulbus gelehnt. Sehr
345 2225 3316 2359 werden, ferner werden wir die Ipluneterotomie machen, um da¬
3454 2228 4878 2466 häufig sind damit combinat:
348 2316 3304 2450 durch den M. arbić. außer Funktion zu setzen. Ähnlich wird man
3829 2305 5552 2542 Trichiasis und Districhiasis
337 2435 3247 2642 auch beim Entrop senale verfahren. Man beobachtet oft unter
3507 2443 6463 2638 Unter Trichiasis versteht man eine fehlerhafte Stellung der
360 2561 3350 2745 dem Verbande bei alten Buten, bei denen Separationen aus¬
3488 2577 6409 2761 Cilien welche bedingt ist durch Krankheitsprocesse des Ca¬
371 2669 3346 2868 geführt worden sind. Daß eine Entropionirung vielleicht unter
3442 2692 6482 2940 lienbodens selbst bei sonstiger normaler Stellung der Lidflau¬
371 2791 3335 2994 dem Druck des Verbandes zustande kommt. Da wird man den
3454 2829 6490 3063 chen: Unter Districhiasio fürsteht man jenen Zustand, bei welchen
394 2918 3350 3132 Verband fortlassen. Ist aber das nicht ausführbar, so wird man
3446 2971 6501 3186 hinter der normalen Cilienreihe noch eine zweite Reihe von Eilien
348 3029 3304 3254 versuchen, durch Anlegung besonderer Bandmittel das Lid in
3434 3109 6486 3270 wächst, meist sind dies nur Wollhaare. Es ist folge der Schrune¬
356 3201 3350 3377 seiner normalen Lage zu erhalten. Alle diese Mittel kann
3465 3193 6501 3446 pfung der Comiunctiva od. d. Sarsus. Echte Districhiasis ist fast
356 3274 2630 3454 man auch beim Entropium senale verwenden.
3423 3331 6471 3534 immer angeboren. Es entsteht durch die Cilien an der Hornhaut
433 3442 3304 3611 Man verd unter das Lid bei ab eine Charpil Baum
3438 3431 6509 3653 eine Keratitis traumatica superficialis, daraus wird Kreatitis
337 3561 3254 3733 wolle -, oder Heftpflastorrolle legen, dieser feste Körper wird
3434 3572 6448 3863 pannosa Nur bei Paralyse des Trigeminus oder starken
371 3664 3308 3829 Durch Druck zwischen Elien und Margo enfraorbitalis das
3457 3710 5192 3932 Pannus bleiben diese Folgen aus
356 3767 3254 3959 Lid nach auswärts ziehen. Dasselbe kann man durch
