6854 4558
3575 227 5049 510 Eine Gatte von Jahren verlauft.
1738 276 3262 518 wenn es nach in bezt, St. in aller
3557 380 5022 623 cantral sphincterform, die andre
1754 463 2702 690 nach außen Ot. ext.
3595 585 4273 715 arcent for my
1707 499 3303 869 Das Stagginn hat die Form eines
3567 518 5057 857 durch die Contruction des Sali neles
3555 745 5036 958 wirdete Tupille kleines, das ist
1728 818 2274 980 drieckes.
1738 802 3341 1125 Thuapie Stergg endmis topecirt
3587 889 4990 1151 ihre Aufgabe. Einen eigenen
1740 983 3299 1291 weil es zu meist recitvirt. Es stört
3550 1043 5049 1303 Delatator gibt es nicht. die Dilat.
3561 1173 5032 1480 besorgt die reiche Ausküberkeit
1764 1214 2560 1421 1. in opt. Beziehg
1740 1287 3321 1510 2. cosiret besonders bei Mädchen
3552 1348 4976 1636 großen Gefäße; der Dilatator ist
1738 1409 3364 1632 3. wenn das A sich conterhirt, so kann
3550 1516 5095 1760 anatonisch nicht nachgewesen, wohl
1740 1553 3362 1819 es die Beweg des Pulbus stören
3555 1644 4519 1900 aber de sphiertes!
1760 1732 3333 1971 St. kun progressen u stationen
3557 1776 5024 2087 Auf Atropin werde die Pupille
1772 1965 2091 2091 sein.
3557 1922 5051 2221 weil. es ist das nur Gefäßweckung
1764 1931 3337 2223 Progressiv wann des Grundprozess
3538 2117 5093 2462 die Gefahr der fris u Comp. cit con¬
1736 2129 3325 2408 noch nicht abgelaufen (z. to das
3591 2296 5002 2619 tascen sich, es fliehlt überhaupt
1715 2286 3313 2576 alien noch nicht geheilt) ist
3595 2454 5063 2779 weniger Blut in ihn vorsten
1732 2481 3335 2714 dann kann es noch niederweiterschreiten
3567 2661 5002 2935 Uveatträct. das Blut stromt
1740 2611 3376 2877 Stahirar ist das Stuyg, wenn es
3573 2799 5089 3138 mehr nach rückwirts, zunächst und
1758 2832 3325 3041 wang succulent ist u wann
1758 2968 2533 3246 Gefähte hat.
1924 3069 3201 3303 Bewegungen der Fris
3552 3108 4153 3293 Chorioider
3622 3096 5034 3439 Esne u Schrochgene wirken,
1723 3232 3274 3486 und An der herauszwey seit unter¬
3559 3280 5179 3662 gerade entgegengesetzt; lähmend
1809 3372 3110 3646 schenke wir zwei Theile
1835 3453 3339 3723 1. der gerech Raad Ciliarren
3563 3457 5142 3808 auf die Gefäßerdes nordern Usial
1825 3636 3013 3839 2. Un Pupillar vous.
3583 3636 5142 3934 trailes, durch wird et heiter entlehntet.
392 4283 966 4419 Tants 4 or
