6808 4424
3556 228 3792 423 ip.
1969 256 3365 492 Poatilis punctata.
3519 191 5033 586 der Gefüllten der Belbös,
1961 382 3414 720 Erstl Prophon des kützen
3528 439 5062 753 haupt ab 1. von der Clastryität
1933 529 3430 830 des lømea (voealblost) trolti
3556 566 5070 879 der Selva, 2. Blut jehalt der
1859 659 3385 968 es zur Ansamml, am gemktl
3552 773 5049 1046 Chonioidea - ist ils pakg.
1957 826 3491 1135 Cxsudalen Roml; welche bis
1949 956 5082 1265 in die heitere Schaffen des Cornea füllt, so ist der Bultörgeill,
3540 1123 3955 1432 hart.
1977 1139 3487 1416 legen, u welche Entzug nicht nur
3572 1168 5062 1554 der intravc. Druck ist vom
1937 1306 3528 1583 auf die Cornea beschränkt ist, fer¬
3556 1363 5106 1729 allgemeinen Kreisaufs¬
1977 1448 3491 1693 d'hrnant auf fris a Coop cil
3572 1522 5151 1872 Druck als bis zu einem grossen
1981 1607 3507 1872 bei s gebreckt ist. Theilerschein
3576 1689 5139 2120 Grade; ist der Druck erhöht, so ist
1949 1770 3251 2038 amas Uveilisantirior
3572 1892 5143 2242 als auch in der Christe ein¬
2274 1941 3137 2222 Glaucoux
3560 2026 5114 2470 Im Umkreise (Augustus) et
1981 2043 3511 2396 Glaucom ist eine Erkrank:
3593 2226 5175 2612 Bulbushameln sich sämtliche
1933 2226 3515 2588 des Pulbus deren Hauptxx
3609 2352 5135 2775 Schönen in Fließen aus eben
1945 2433 3515 2718 die Neigerung des intraocut
3617 2547 5155 2970 Emissarien aus: diese bahren
1965 2637 2689 2917 druckes ist.
1981 2706 3475 2999 Stormal ist der intraor. des k
3580 2759 5062 3165 die Selva schief durch. Ist in
1961 2877 3507 3170 von der Clastizität der Sèlera¬
3621 2873 5151 3377 diesen eine Steuen, so kann
1957 3023 3519 3373 Abhängig. den Antheil an der
3633 3178 5143 3548 der Blut nicht abfließen.
1945 3161 3580 3532 wechselnden Füllung der Silber,
1933 3345 5216 3878 tract, exul, weil in überwagend, es kant u der intrave druck
1945 3336 3552 3739 hat einzig u ullain st. Uveal¬
3613 3528 5151 3987 staub. Das ist selten bei
1953 3711 3589 4093 aus Blutgefäßen zusammengehast
814 4061 972 4264 4 x
476 3991 720 4280 unto
