6536 4152
3333 143 4776 385 um eine Querlage fanden; liegt
1953 228 2868 463 Querlage
3323 288 4768 558 auch der Hand in Cavig, so
1771 363 3136 647 Vollseh Geerlage oder Schweglage,
3321 431 4845 691 kann die Foetus aller möglichen
1785 560 3230 806 1. Gnedage Ropf in der b. Mutterseite
3327 615 4178 848 Intnêt adressances,
3351 693 4830 996 Die vorgefallen Hand bestimmt man
1759 728 2952 927 A. hierdage in der r.
1749 800 3263 1070 l. Jos. Rücke das Kindt anheim
3349 885 4417 1159 durch den Handschlag.
3321 911 4818 1304 Man geht dann iungs der Hand
1785 1020 2606 1163 2 Ps. Abdonen
3291 1096 4845 1493 bis jed, auch xxx Alsselh'r u torichirt
1771 1098 3228 1324 Ao. Spont. wenn die Gnedage sich von
3351 1229 4845 1646 nach welchen Mutterseite die Assel¬
1765 1306 2285 1503 halbst rectif
1783 1318 3253 1578 Evol. Spont wenn der Toutus zusammen
3357 1433 4847 1816 the El offen ist; nach diese Seite
1759 1509 3291 1767 gelegt in ganrer Rußgde Lecken,
3376 1612 4843 1919 muss das Fultus seine untern
1731 1689 3253 1918 kanal passirt u ausgetrieben wir
1751 1773 3263 2027 (bnd was the cotties mainit od
3363 1719 4895 2094 Extr. haben. Kopf r., Füßel l. 2 Queel.
3363 1898 4885 2273 Ist der Kofr. u. der l. Am vor¬
1755 1919 3283 2164 nur f ist.) Sonst mitshier die
1711 2039 3049 2320 Mendung gemacht werden.
3392 2062 4853 2420 fallen, die muss die Rückler nach
1749 2191 3289 2428 Bei der ext. Untersuch findet man
3367 2191 4839 2604 vorste Gebahrt sein - die andere Han
1743 2315 3299 2563 einen Kataltheil so, ita andere
3349 2404 4833 2741 kann unmöglich vorfallen. Sie kann
1727 2509 3285 2821 Int. kais man bei vollstor N'At. ordre.
3351 2559 4784 2870 und im Cerv. zu fühlen sein. Ist
1769 2648 3251 2966 u gehörigner Blache den Thoray
3347 2713 4820 3045 mir die Rückow nach oder, se
3349 2890 4861 3242 müssen die Fürste hüten liegen.
1681 2823 3285 3154 den Rücken od nog Schulters Schulten
1693 3029 3238 3325 lage) Füllen. Nach einigen Wehr
3351 3029 4917 3422 Kopf v. Hand vorgehalten 2 Gu. 2 Vor¬
1705 3138 3291 3440 kommt der Arm der betreffd Schult¬
3321 3202 4800 3509 den liegt d'Herrn nachvom die Fuste.
1671 3351 3261 3656 zum Vag. herum. "Oofalle. Ams
3323 3351 4536 3712 Wissenrechnen könne liegen
1779 3484 3224 3793 keit der ganz Sorkraum zur
3337 3506 4907 3791 Bei den meisten Gnedager ist das
1737 3652 3271 3948 Salva heraas, so kann er sich nur
3380 3712 4831 3958 Abd. des Kums nach vom gerichtet
