6712 4488
3475 229 6351 648 Leitung zur Erkentnis der Augotroht
3520 477 4915 796 haberalsklerosi.
3475 681 6440 1088 Sennalen (Upsah) upal La Kneførenings
3527 1033 5755 1344 Frhandlinger XXII N. 7 p 299
3505 1236 4094 1447 50 j. trouvé
3509 1229 6288 1703 - Tief Jacp v. Schuld cadeposit, der
3431 1499 6381 1925 l. geht nicht so weit als vormal nachauften
3494 1754 6303 2128 frim Jatoniren passirt der l. Stimmen
3457 2036 6385 2417 die Mittellini u legt sich an das r. Stimmband
3520 2273 6351 2672 die Stimbändüber sind ziemlich schwach gkeitig
3494 2484 6003 2905 der K. schleunhaut löß Hüßen nur
3553 2783 3912 2968 Tod.
3538 2761 6510 3231 In Spaccken nur einzeln Zellen alrophieck
3546 3116 6440 3524 N. vag gingt viel atropl in varie tach
3501 3361 6381 3790 aber wenig Degener bilder, eben  auss
3490 3672 6466 4071 N. N. rec. pag. fonoll nomul. at pferad, / Simon 118 (6.)
4057 3916 4508 4131 v. 710.
