<?xml version="1.0" encoding="UTF-8" standalone="yes"?>
<PcGts xmlns="http://schema.primaresearch.org/PAGE/gts/pagecontent/2013-07-15" xmlns:xsi="http://www.w3.org/2001/XMLSchema-instance" xsi:schemaLocation="http://schema.primaresearch.org/PAGE/gts/pagecontent/2013-07-15 http://schema.primaresearch.org/PAGE/gts/pagecontent/2013-07-15/pagecontent.xsd">
    <Metadata>
        <Creator>prov=READ-COOP:name=TrHtr:version=2.1.0:model_id=51170:date=01_08_2023_03:38</Creator>
        <Created>2023-05-10T11:23:39.613+02:00</Created>
        <LastChange>2023-08-01T03:38:57.822+02:00</LastChange>
        <TranskribusMetadata docId="1428151" pageId="55387421" pageNr="204" tsid="131649404" status="IN_PROGRESS" userId="64420" imgUrl="https://files.transkribus.eu/Get?id=ASQSKJFQXGVEGAKPHTWMUCMN&amp;fileType=view" xmlUrl="https://files.transkribus.eu/Get?id=IHUVCCNMVHNVYFKGLJEETXET" imageId="44662317"/>
    </Metadata>
    <Page imageFilename="1428151_0204.jpg" imageWidth="6536" imageHeight="4072">
        <ReadingOrder>
            <OrderedGroup id="ro_1711821606582" caption="Regions reading order">
                <RegionRefIndexed index="0" regionRef="tr_1"/>
                <RegionRefIndexed index="1" regionRef="tr_2"/>
            </OrderedGroup>
        </ReadingOrder>
        <TextRegion id="tr_1" custom="readingOrder {index:0;}">
            <Coords points="161,266 3206,266 3206,3944 161,3944"/>
            <TextLine id="tr_1_tl_1" custom="readingOrder {index:0;}">
                <Coords points="250,427 337,380 532,456 818,398 1018,420 1141,344 1611,333 1619,232 1311,275 996,235 876,290 775,206 608,246 558,203 257,282"/>
                <Baseline points="274,376 280,376 370,376 459,364 549,370 638,364 728,364 817,358 907,346 997,346 1086,340 1176,340 1265,334 1355,334 1444,328 1534,322 1624,316"/>
                <TextEquiv>
                    <Unicode>3. Entrop.z. orauch. bei.</Unicode>
                </TextEquiv>
            </TextLine>
            <TextLine id="tr_1_tl_2" custom="readingOrder {index:1;}">
                <Coords points="1789,438 2260,464 2350,413 3042,366 3042,301 2879,272 2520,308 2108,293 2032,253 1894,301 1789,261"/>
                <Baseline points="1809,364 1886,364 1976,364 2065,358 2155,352 2244,352 2334,352 2424,352 2513,352 2603,352 2692,358 2782,358 2871,358 2961,358 3051,352"/>
                <TextEquiv>
                    <Unicode>Estrop. mechanis kom¬</Unicode>
                </TextEquiv>
            </TextLine>
            <TextLine id="tr_1_tl_3" custom="readingOrder {index:2;}">
                <Coords points="235,550 460,576 529,521 757,518 887,565 989,514 1659,467 1669,340 1141,344 996,435 815,398 699,449 550,391 246,395"/>
                <Baseline points="256,549 328,543 417,531 507,525 597,519 686,513 776,507 865,507 955,507 1044,507 1134,495 1223,483 1313,477 1403,465 1492,459 1582,453 1671,447"/>
                <TextEquiv>
                    <Unicode>Atroph. 00 Thlis hills or Fehler</Unicode>
                </TextEquiv>
            </TextLine>
            <TextLine id="tr_1_tl_4" custom="readingOrder {index:3;}">
                <Coords points="214,710 1409,684 2021,525 2857,558 3056,503 3067,369 746,601 225,565"/>
                <Baseline points="238,680 322,668 411,662 501,650 591,644 680,644 770,638 859,632 949,632 1038,626 1128,620 1218,609 1307,603 1397,591 1486,573 1576,567 1665,567 1713,555 1725,555 1815,543 1904,537 1994,531 2083,525 2173,519 2262,513 2352,513 2442,513 2531,513 2621,507 2710,507 2800,501 2889,495 2979,489 3068,477"/>
                <TextEquiv>
                    <Unicode>der B., weil die Muhrstands fehlen, heuptwängentlich Heraus der</Unicode>
                </TextEquiv>
            </TextLine>
            <TextLine id="tr_1_tl_5" custom="readingOrder {index:4;}">
                <Coords points="1749,699 1894,695 1916,713 2158,648 2242,663 2285,648 2299,518 2194,550 2173,532 2129,550 2021,525 1894,616 1869,590 1760,619"/>
                <Baseline points="1773,686 1850,686 1940,674 2030,662 2119,650 2209,638 2298,632"/>
                <TextEquiv>
                    <Unicode>der Lides.</Unicode>
                </TextEquiv>
            </TextLine>
            <TextLine id="tr_1_tl_6" custom="readingOrder {index:5;}">
                <Coords points="1753,815 2528,724 2933,735 3060,703 3074,572 2810,525 2593,561 2477,641 2158,648 1941,728 1764,699"/>
                <Baseline points="1773,800 1821,794 1910,782 2000,776 2089,764 2179,758 2268,752 2358,746 2447,734 2537,722 2627,716 2716,704 2806,698 2895,692 2985,686 3074,668"/>
                <TextEquiv>
                    <Unicode>Vergrößung d. Orlitalinheit</Unicode>
                </TextEquiv>
            </TextLine>
            <TextLine id="tr_1_tl_7" custom="readingOrder {index:6;}">
                <Coords points="221,818 518,880 706,768 1104,764 1271,858 1481,793 1695,880 1713,608 1590,590 1405,684 1343,637 1238,684 1162,623 228,713"/>
                <Baseline points="244,794 280,794 370,794 459,782 549,776 638,770 728,770 817,764 907,764 997,752 1086,746 1176,734 1265,728 1355,722 1444,716 1534,710 1624,710 1713,716"/>
                <TextEquiv>
                    <Unicode>die sich spricht der Wirkentgegenstelle,</Unicode>
                </TextEquiv>
            </TextLine>
            <TextLine id="tr_1_tl_8" custom="readingOrder {index:7;}">
                <Coords points="1738,967 2017,927 2100,989 2589,840 2883,855 3071,815 3082,713 2886,703 2756,757 2531,724 2336,797 2209,760 1970,865 1869,789 1756,815"/>
                <Baseline points="1761,943 1827,925 1916,919 2006,907 2095,901 2185,895 2274,883 2364,871 2453,853 2543,841 2633,835 2722,829 2812,817 2901,817 2991,812 3080,794"/>
                <TextEquiv>
                    <Unicode>Neubilssch, Osbita, od ik Ja</Unicode>
                </TextEquiv>
            </TextLine>
            <TextLine id="tr_1_tl_9" custom="readingOrder {index:8;}">
                <Coords points="217,952 398,902 572,894 645,934 731,923 760,949 855,920 913,956 938,949 952,793 884,808 760,775 684,840 623,822 561,862 496,840 431,865 340,811 228,811"/>
                <Baseline points="238,913 322,913 411,901 501,895 591,877 680,871 770,871 859,865 949,865"/>
                <TextEquiv>
                    <Unicode>Ther. Thatheae</Unicode>
                </TextEquiv>
            </TextLine>
            <TextLine id="tr_1_tl_10" custom="readingOrder {index:9;}">
                <Coords points="1706,1144 1840,1079 1905,1126 2089,1032 2249,1065 2397,999 2582,985 2741,1054 2875,970 3078,952 3089,851 2973,811 2883,855 2611,844 2086,992 2017,927 1724,970"/>
                <Baseline points="1731,1074 1749,1074 1838,1056 1928,1044 2018,1038 2107,1032 2197,1020 2286,1009 2376,1003 2465,997 2555,985 2645,973 2734,961 2824,955 2913,943 3003,931 3092,919"/>
                <TextEquiv>
                    <Unicode>fleiß xxx oder Strogabst</Unicode>
                </TextEquiv>
            </TextLine>
            <TextLine id="tr_1_tl_11" custom="readingOrder {index:10;}">
                <Coords points="225,1094 380,1130 684,1043 775,1094 880,1039 1528,989 1543,847 1238,927 1097,869 760,949 612,894 239,938"/>
                <Baseline points="244,1092 286,1086 376,1080 465,1068 555,1056 644,1044 734,1038 823,1032 913,1026 1003,1015 1092,1009 1182,997 1271,985 1361,979 1450,973 1540,955"/>
                <TextEquiv>
                    <Unicode>Entropsympt. or a cette</Unicode>
                </TextEquiv>
            </TextLine>
            <TextLine id="tr_1_tl_12" custom="readingOrder {index:11;}">
                <Coords points="1713,1231 1930,1253 2050,1173 2137,1206 2310,1148 2419,1202 2582,1115 2839,1173 3093,1068 3103,970 2955,1014 2864,978 2741,1054 2600,970 2256,1065 2082,1036 1974,1108 1724,1144"/>
                <Baseline points="1731,1223 1761,1206 1850,1194 1940,1176 2030,1164 2119,1152 2209,1146 2298,1140 2388,1134 2477,1128 2567,1116 2656,1110 2746,1098 2836,1092 2925,1080 3015,1062 3104,1044"/>
                <TextEquiv>
                    <Unicode>et Bilbus, Jansphl. etc.</Unicode>
                </TextEquiv>
            </TextLine>
            <TextLine id="tr_1_tl_13" custom="readingOrder {index:12;}">
                <Coords points="203,1296 460,1246 652,1296 757,1235 818,1275 1282,1155 1340,1199 1579,1188 1626,1177 1648,978 1459,1047 1083,1014 775,1090 692,1039 384,1130 225,1090"/>
                <Baseline points="226,1277 298,1271 388,1253 477,1241 567,1235 656,1218 746,1206 835,1200 925,1188 1015,1176 1104,1170 1194,1164 1283,1158 1373,1152 1462,1140 1552,1128 1641,1128"/>
                <TextEquiv>
                    <Unicode>Eigentläfkein Entrop., seit</Unicode>
                </TextEquiv>
            </TextLine>
            <TextLine id="tr_1_tl_14" custom="readingOrder {index:13;}">
                <Coords points="1688,1365 2285,1293 2535,1347 2651,1267 2694,1307 3067,1217 3085,1065 2835,1173 2604,1126 2459,1199 2343,1148 1919,1253 1702,1242"/>
                <Baseline points="1707,1367 1737,1361 1827,1343 1916,1325 2006,1307 2095,1295 2185,1283 2274,1277 2364,1271 2453,1265 2543,1259 2633,1247 2722,1235 2812,1223 2901,1212 2991,1194 3080,1182"/>
                <TextEquiv>
                    <Unicode>des Timor dienst sich aus¬</Unicode>
                </TextEquiv>
            </TextLine>
            <TextLine id="tr_1_tl_15" custom="readingOrder {index:14;}">
                <Coords points="181,1441 456,1485 706,1351 837,1420 1289,1293 1604,1351 1622,1181 1343,1199 1257,1155 844,1271 739,1231 652,1296 482,1242 199,1286"/>
                <Baseline points="203,1426 280,1409 370,1391 459,1367 549,1355 638,1343 728,1331 817,1325 907,1313 997,1313 1086,1301 1176,1295 1265,1283 1355,1277 1444,1265 1534,1253 1624,1247"/>
                <TextEquiv>
                    <Unicode>die Emmerthürend der Leiten ist ein</Unicode>
                </TextEquiv>
            </TextLine>
            <TextLine id="tr_1_tl_16" custom="readingOrder {index:15;}">
                <Coords points="1673,1517 1800,1597 2089,1445 2260,1492 2343,1430 2473,1474 2752,1445 2846,1503 2933,1463 3082,1525 3114,1238 2651,1267 2535,1343 2176,1296 2111,1347 1999,1315 1691,1376"/>
                <Baseline points="1695,1486 1773,1486 1862,1468 1952,1456 2041,1444 2131,1444 2221,1426 2310,1426 2400,1421 2489,1415 2579,1403 2668,1391 2758,1373 2848,1355 2937,1337 3027,1325 3116,1313"/>
                <TextEquiv>
                    <Unicode>Lidspalte hervor und stützt die</Unicode>
                </TextEquiv>
            </TextLine>
            <TextLine id="tr_1_tl_17" custom="readingOrder {index:16;}">
                <Coords points="181,1568 351,1528 435,1611 681,1485 970,1510 1289,1412 1499,1430 1539,1315 1412,1354 1315,1293 1141,1307 851,1420 710,1343 453,1481 196,1441"/>
                <Baseline points="203,1546 286,1534 376,1522 465,1504 555,1486 644,1480 734,1474 823,1468 913,1462 1003,1450 1092,1432 1182,1426 1271,1415 1361,1403 1450,1391 1540,1385"/>
                <TextEquiv>
                    <Unicode>ein Symptonie der Verkürz und</Unicode>
                </TextEquiv>
            </TextLine>
            <TextLine id="tr_1_tl_18" custom="readingOrder {index:17;}">
                <Coords points="181,1742 453,1680 540,1727 731,1637 851,1669 1521,1546 1586,1528 1601,1420 1333,1405 970,1510 739,1485 424,1615 315,1543 203,1557"/>
                <Baseline points="203,1695 256,1683 346,1671 435,1653 525,1641 614,1629 704,1618 794,1612 883,1600 973,1588 1062,1570 1152,1564 1241,1552 1331,1540 1421,1522 1510,1516 1600,1504"/>
                <TextEquiv>
                    <Unicode>Schreiben d. Bez. u. der Sarsus</Unicode>
                </TextEquiv>
            </TextLine>
            <TextLine id="tr_1_tl_19" custom="readingOrder {index:18;}">
                <Coords points="1709,1662 1785,1662 1905,1615 2013,1611 2035,1633 2115,1590 2220,1590 2227,1550 2155,1528 1992,1561 1927,1517 1785,1601 1745,1554 1724,1557"/>
                <Baseline points="1731,1635 1785,1629 1874,1618 1964,1606 2053,1594 2143,1582 2233,1570"/>
                <TextEquiv>
                    <Unicode>Lick mrs.</Unicode>
                </TextEquiv>
            </TextLine>
            <TextLine id="tr_1_tl_20" custom="readingOrder {index:19;}">
                <Coords points="1713,1771 2064,1785 2310,1720 2484,1869 2792,1666 3111,1684 3129,1532 2792,1499 2727,1445 1984,1655 1879,1619 1724,1659"/>
                <Baseline points="1731,1755 1791,1743 1880,1731 1970,1719 2059,1713 2149,1707 2239,1695 2328,1683 2418,1671 2507,1665 2597,1647 2686,1635 2776,1629 2865,1618 2955,1606 3045,1594 3134,1588"/>
                <TextEquiv>
                    <Unicode>Thei: Besitzet, Grundlerr,</Unicode>
                </TextEquiv>
            </TextLine>
            <TextLine id="tr_1_tl_21" custom="readingOrder {index:20;}">
                <Coords points="167,1854 670,1782 891,1836 1220,1702 1405,1814 1622,1843 1659,1521 1554,1564 1463,1521 1278,1640 985,1611 177,1742"/>
                <Baseline points="191,1821 214,1815 304,1797 394,1791 483,1779 573,1773 662,1761 752,1749 841,1737 931,1719 1020,1713 1110,1701 1200,1695 1289,1683 1379,1671 1468,1665 1558,1659 1647,1665"/>
                <TextEquiv>
                    <Unicode>nach Trackow Frauwen, Hebbe</Unicode>
                </TextEquiv>
            </TextLine>
            <TextLine id="tr_1_tl_22" custom="readingOrder {index:21;}">
                <Coords points="1731,1898 1832,1905 1898,1869 1984,1887 2032,1854 2126,1872 2191,1836 2231,1872 2379,1847 2408,1840 2415,1738 2310,1716 2209,1767 2176,1742 2057,1789 2032,1760 1861,1778 1803,1749 1745,1760"/>
                <Baseline points="1755,1868 1791,1862 1880,1856 1970,1844 2059,1838 2149,1838 2239,1827 2328,1815 2418,1803"/>
                <TextEquiv>
                    <Unicode>seinte in oben</Unicode>
                </TextEquiv>
            </TextLine>
            <TextLine id="tr_1_tl_23" custom="readingOrder {index:22;}">
                <Coords points="156,1963 800,1919 891,1879 1152,1865 1159,1814 1039,1774 934,1836 703,1800 601,1811 529,1865 322,1825 239,1865 170,1850"/>
                <Baseline points="179,1946 268,1940 358,1934 447,1928 537,1922 626,1904 716,1892 806,1880 895,1868 985,1862 1074,1850 1164,1844"/>
                <TextEquiv>
                    <Unicode>etc. wie oben n'unter.</Unicode>
                </TextEquiv>
            </TextLine>
            <TextLine id="tr_1_tl_24" custom="readingOrder {index:23;}">
                <Coords points="1742,2079 2593,2021 2897,1937 3085,2006 3107,1829 2915,1825 2680,1908 2549,1861 2368,1912 2285,1883 2220,1930 1764,1876"/>
                <Baseline points="1767,2059 1850,2053 1940,2041 2030,2036 2119,2024 2209,2012 2298,2006 2388,1994 2477,1988 2567,1976 2656,1964 2746,1952 2836,1946 2925,1934 3015,1922 3104,1916"/>
                <TextEquiv>
                    <Unicode>Octrop. Symt. &amp; cicatr</Unicode>
                </TextEquiv>
            </TextLine>
            <TextLine id="tr_1_tl_25" custom="readingOrder {index:24;}">
                <Coords points="217,2050 402,2118 786,2028 967,2079 1115,1992 1257,2006 1336,2093 1608,1995 1622,1847 1057,1858 380,1988 228,1952"/>
                <Baseline points="238,2047 280,2047 370,2047 459,2047 549,2041 638,2036 728,2030 817,2018 907,2006 997,1994 1086,1988 1176,1982 1265,1970 1355,1964 1444,1952 1534,1934 1624,1940"/>
                <TextEquiv>
                    <Unicode>Man behauchlt blos die einzelne</Unicode>
                </TextEquiv>
            </TextLine>
            <TextLine id="tr_1_tl_26" custom="readingOrder {index:25;}">
                <Coords points="214,2310 2213,2242 3064,2126 3125,2013 2890,1937 2709,2035 1528,2035 217,2252"/>
                <Baseline points="232,2280 322,2280 411,2268 501,2268 591,2262 680,2256 770,2244 859,2233 949,2227 1038,2215 1128,2203 1218,2197 1307,2191 1397,2185 1486,2185 1576,2191 1665,2209 1713,2239 1785,2233 1874,2227 1964,2215 2053,2203 2143,2191 2233,2185 2322,2173 2412,2167 2501,2161 2591,2149 2680,2143 2770,2137 2859,2125 2949,2113 3039,2107 3128,2101"/>
                <TextEquiv>
                    <Unicode>Erwärtsunde et Cilien gegen den Stell. kam Eelrop, franten xxx</Unicode>
                </TextEquiv>
            </TextLine>
            <TextLine id="tr_1_tl_27" custom="readingOrder {index:26;}">
                <Coords points="174,2231 232,2252 301,2198 340,2242 485,2209 521,2173 608,2191 677,2155 739,2158 739,2115 623,2071 594,2079 561,2046 384,2118 181,2010"/>
                <Baseline points="197,2149 208,2155 298,2155 388,2155 477,2155 567,2149 656,2149 746,2143"/>
                <TextEquiv>
                    <Unicode>Lymptoure</Unicode>
                </TextEquiv>
            </TextLine>
            <TextLine id="tr_1_tl_28" custom="readingOrder {index:27;}">
                <Coords points="1666,2415 2118,2332 2191,2379 2354,2328 2459,2394 2705,2314 2788,2368 3107,2379 3132,2104 2397,2166 2231,2242 2042,2205 1680,2256"/>
                <Baseline points="1689,2388 1695,2388 1785,2376 1874,2364 1964,2358 2053,2346 2143,2334 2233,2328 2322,2316 2412,2310 2501,2304 2591,2292 2680,2286 2770,2280 2859,2274 2949,2268 3039,2256 3128,2250"/>
                <TextEquiv>
                    <Unicode>der Lider. - Nach närtig Sterbe</Unicode>
                </TextEquiv>
            </TextLine>
            <TextLine id="tr_1_tl_29" custom="readingOrder {index:28;}">
                <Coords points="188,2441 257,2488 532,2405 677,2433 768,2394 862,2415 1028,2343 1181,2368 1199,2205 746,2332 572,2292 511,2325 369,2278 275,2314 210,2274"/>
                <Baseline points="208,2442 292,2436 382,2418 471,2406 561,2394 650,2388 740,2376 829,2364 919,2352 1009,2340 1098,2328 1188,2316"/>
                <TextEquiv>
                    <Unicode>Pannis trauince.</Unicode>
                </TextEquiv>
            </TextLine>
            <TextLine id="tr_1_tl_30" custom="readingOrder {index:29;}">
                <Coords points="170,2633 482,2553 728,2622 989,2495 1188,2538 1325,2462 1409,2484 1572,2437 1597,2249 1506,2220 1347,2336 1141,2379 1043,2343 706,2444 587,2412 253,2488 196,2433"/>
                <Baseline points="197,2585 244,2579 334,2567 423,2555 513,2549 603,2531 692,2519 782,2513 871,2501 961,2489 1050,2477 1140,2465 1229,2453 1319,2442 1409,2424 1498,2418 1588,2406"/>
                <TextEquiv>
                    <Unicode>Abtrey (Flares) orulukass Fell</Unicode>
                </TextEquiv>
            </TextLine>
            <TextLine id="tr_1_tl_31" custom="readingOrder {index:30;}">
                <Coords points="177,2734 1510,2669 1764,2524 2376,2484 2510,2386 1861,2372 1525,2520 1325,2466 742,2618 485,2553 192,2615"/>
                <Baseline points="197,2722 256,2716 346,2704 435,2692 525,2680 614,2674 704,2668 794,2656 883,2645 973,2633 1062,2621 1152,2615 1241,2609 1331,2597 1421,2585 1510,2573 1600,2555 1629,2537 1707,2525 1797,2519 1886,2507 1976,2495 2065,2483 2155,2477 2244,2465 2334,2453 2424,2447 2513,2442"/>
                <TextEquiv>
                    <Unicode>der Gaagewinbelboders; Wessel und Haut u. v. Lick.</Unicode>
                </TextEquiv>
            </TextLine>
            <TextLine id="tr_1_tl_32" custom="readingOrder {index:31;}">
                <Coords points="1673,2705 1807,2644 2079,2691 2405,2615 2459,2654 2654,2571 3082,2607 3096,2423 3006,2397 2636,2481 2549,2426 1688,2557"/>
                <Baseline points="1701,2656 1755,2645 1844,2639 1934,2633 2024,2627 2113,2621 2203,2609 2292,2597 2382,2585 2471,2579 2561,2579 2650,2573 2740,2567 2830,2567 2919,2555 3009,2543 3098,2537"/>
                <TextEquiv>
                    <Unicode>Daturch Schwemsser nach Thrän¬</Unicode>
                </TextEquiv>
            </TextLine>
            <TextLine id="tr_1_tl_33" custom="readingOrder {index:32;}">
                <Coords points="1640,2788 1829,2770 1876,2814 2060,2749 2303,2770 2683,2701 2759,2759 2883,2698 3118,2705 3132,2549 2832,2618 2553,2578 2459,2651 2405,2615 2079,2691 1869,2644 1651,2687"/>
                <Baseline points="1665,2770 1701,2770 1791,2770 1880,2758 1970,2758 2059,2752 2149,2752 2239,2734 2328,2728 2418,2716 2507,2710 2597,2698 2686,2698 2776,2686 2865,2686 2955,2674 3045,2662 3134,2662"/>
                <TextEquiv>
                    <Unicode>Mäußel Exc. des Haut Cons. 3</Unicode>
                </TextEquiv>
            </TextLine>
            <TextLine id="tr_1_tl_34" custom="readingOrder {index:33;}">
                <Coords points="156,2901 355,2944 456,2864 645,2868 1271,2723 1423,2814 1467,2803 1485,2676 1354,2640 1076,2687 949,2644 670,2705 569,2781 492,2705 177,2749"/>
                <Baseline points="179,2877 232,2871 322,2859 411,2842 501,2830 591,2824 680,2812 770,2800 859,2782 949,2770 1038,2752 1128,2740 1218,2728 1307,2710 1397,2698 1486,2704"/>
                <TextEquiv>
                    <Unicode>nach Jaeshe - Aill or Kölz</Unicode>
                </TextEquiv>
            </TextLine>
            <TextLine id="tr_1_tl_35" custom="readingOrder {index:34;}">
                <Coords points="1684,2922 1948,2861 2227,2926 2419,2835 2644,2893 2893,2814 3114,2872 3125,2687 2759,2759 2669,2701 2198,2792 2064,2749 1923,2814 1691,2796"/>
                <Baseline points="1707,2883 1785,2865 1874,2859 1964,2859 2053,2853 2143,2848 2233,2842 2322,2836 2412,2830 2501,2824 2591,2818 2680,2818 2770,2818 2859,2818 2949,2806 3039,2794 3128,2782"/>
                <TextEquiv>
                    <Unicode>nten. Erweich das Haut durch Fett</Unicode>
                </TextEquiv>
            </TextLine>
            <TextLine id="tr_1_tl_36" custom="readingOrder {index:35;}">
                <Coords points="148,3060 569,3020 681,3082 1123,2897 1372,2937 1510,2868 1521,2814 1405,2814 1271,2723 1018,2828 822,2803 554,2922 315,2944 170,2897"/>
                <Baseline points="173,3033 185,3033 274,3021 364,3003 453,2985 543,2973 632,2961 722,2955 812,2943 901,2925 991,2913 1080,2901 1170,2889 1259,2883 1349,2871 1438,2853 1528,2842"/>
                <TextEquiv>
                    <Unicode>Mein leichte Grade diese Verand¬</Unicode>
                </TextEquiv>
            </TextLine>
            <TextLine id="tr_1_tl_37" custom="readingOrder {index:36;}">
                <Coords points="1669,3064 1861,3017 1930,3049 1999,2988 2050,3009 2137,2966 2202,3002 2245,2966 2531,2937 2535,2897 2405,2857 2310,2864 2216,2930 2100,2868 1684,2919"/>
                <Baseline points="1695,3003 1731,3003 1821,2991 1910,2991 2000,2973 2089,2967 2179,2955 2268,2949 2358,2943 2447,2937 2537,2931"/>
                <TextEquiv>
                    <Unicode>Jan Verband etc.</Unicode>
                </TextEquiv>
            </TextLine>
            <TextLine id="tr_1_tl_38" custom="readingOrder {index:37;}">
                <Coords points="148,3172 293,3234 442,3161 507,3230 699,3114 1039,3103 1148,3154 1325,3042 1543,3002 1557,2901 1488,2864 1191,2991 887,2980 666,3085 569,3024 435,3085 167,3060"/>
                <Baseline points="173,3170 208,3164 298,3158 388,3146 477,3134 567,3122 656,3110 746,3104 835,3092 925,3080 1015,3062 1104,3051 1194,3039 1283,3021 1373,3003 1462,2985 1552,2967"/>
                <TextEquiv>
                    <Unicode>noch nicht zur vollst. (in wärts=</Unicode>
                </TextEquiv>
            </TextLine>
            <TextLine id="tr_1_tl_39" custom="readingOrder {index:38;}">
                <Coords points="1637,3216 1814,3118 1981,3183 2158,3085 2401,3147 2705,3089 3187,3179 3208,2872 3035,2846 2738,2973 2586,2926 2271,3020 2140,2962 2006,3042 1648,3067"/>
                <Baseline points="1659,3152 1683,3146 1773,3128 1862,3104 1952,3092 2041,3092 2131,3080 2221,3074 2310,3068 2400,3068 2489,3056 2579,3051 2668,3045 2758,3039 2848,3039 2937,3033 3027,3033 3116,3027 3206,3027"/>
                <TextEquiv>
                    <Unicode>b 5 nach Ergo., Inatetmalje, Geschre¬</Unicode>
                </TextEquiv>
            </TextLine>
            <TextLine id="tr_1_tl_40" custom="readingOrder {index:39;}">
                <Coords points="130,3382 322,3299 395,3357 779,3259 949,3245 1036,3299 1166,3227 1249,3256 1488,3179 1503,3053 1372,3024 1119,3158 1039,3103 724,3125 340,3248 159,3179"/>
                <Baseline points="161,3301 250,3301 340,3289 429,3283 519,3271 609,3259 698,3248 788,3242 877,3230 967,3218 1056,3200 1146,3188 1235,3176 1325,3164 1415,3146 1504,3128"/>
                <TextEquiv>
                    <Unicode>werd it. Lekander geführt sehr</Unicode>
                </TextEquiv>
            </TextLine>
            <TextLine id="tr_1_tl_41" custom="readingOrder {index:40;}">
                <Coords points="1688,3277 1724,3284 1793,3248 1832,3299 1981,3227 2017,3248 2071,3223 2166,3230 2213,3263 2245,3237 2278,3245 2292,3143 2249,3147 2162,3082 1970,3183 1879,3107 1840,3136 1825,3114 1735,3179 1702,3172"/>
                <Baseline points="1713,3236 1761,3242 1850,3230 1940,3218 2030,3200 2119,3188 2209,3182 2298,3170"/>
                <TextEquiv>
                    <Unicode>hupus etc.</Unicode>
                </TextEquiv>
            </TextLine>
            <TextLine id="tr_1_tl_42" custom="readingOrder {index:41;}">
                <Coords points="1677,3397 1803,3353 1901,3415 2118,3317 2202,3371 2339,3295 2473,3339 2582,3274 2749,3335 2966,3274 3067,3313 3078,3169 2806,3118 2524,3154 2383,3252 1981,3227 1865,3295 1782,3252 1684,3281"/>
                <Baseline points="1701,3349 1737,3349 1827,3343 1916,3331 2006,3325 2095,3313 2185,3307 2274,3301 2364,3295 2453,3283 2543,3277 2633,3271 2722,3265 2812,3265 2901,3259 2991,3254 3080,3236"/>
                <TextEquiv>
                    <Unicode>c) noch Tracoue, Wobei, Notät</Unicode>
                </TextEquiv>
            </TextLine>
            <TextLine id="tr_1_tl_43" custom="readingOrder {index:42;}">
                <Coords points="163,3505 308,3455 402,3523 500,3458 692,3509 1079,3350 1181,3433 1354,3332 1521,3339 1550,3136 1043,3299 717,3281 416,3357 348,3303 188,3313"/>
                <Baseline points="191,3439 197,3445 286,3445 376,3433 465,3421 555,3409 644,3403 734,3391 823,3379 913,3361 1003,3355 1092,3343 1182,3325 1271,3313 1361,3289 1450,3283 1540,3277"/>
                <TextEquiv>
                    <Unicode>so begünstiger sie die Entstehe</Unicode>
                </TextEquiv>
            </TextLine>
            <TextLine id="tr_1_tl_44" custom="readingOrder {index:43;}">
                <Coords points="1640,3509 1832,3473 1919,3527 2166,3437 2365,3455 2430,3426 2437,3357 2368,3310 2198,3375 2115,3317 1898,3415 1800,3353 1651,3411"/>
                <Baseline points="1665,3474 1725,3468 1815,3462 1904,3451 1994,3439 2083,3433 2173,3427 2262,3421 2352,3409 2442,3403"/>
                <TextEquiv>
                    <Unicode>dt nach Car. erb.</Unicode>
                </TextEquiv>
            </TextLine>
            <TextLine id="tr_1_tl_45" custom="readingOrder {index:44;}">
                <Coords points="1604,3625 2010,3636 2144,3563 2386,3574 2470,3527 2669,3578 2785,3502 3045,3487 3060,3368 2875,3382 2796,3335 2542,3418 2459,3364 1908,3531 1615,3527"/>
                <Baseline points="1624,3618 1629,3612 1719,3606 1809,3588 1898,3576 1988,3564 2077,3558 2167,3552 2256,3540 2346,3540 2436,3528 2525,3522 2615,3510 2704,3504 2794,3486 2883,3474 2973,3462 3062,3439"/>
                <TextEquiv>
                    <Unicode>e) noch auff von Unubild (dismit</Unicode>
                </TextEquiv>
            </TextLine>
            <TextLine id="tr_1_tl_46" custom="readingOrder {index:45;}">
                <Coords points="192,3643 315,3592 536,3621 666,3556 1557,3589 1582,3368 1445,3313 1242,3433 1083,3346 692,3509 496,3458 402,3527 301,3444 210,3458"/>
                <Baseline points="214,3594 232,3594 322,3588 411,3582 501,3570 591,3558 680,3546 770,3528 859,3522 949,3504 1038,3492 1128,3486 1218,3480 1307,3480 1397,3474 1486,3474 1576,3480"/>
                <TextEquiv>
                    <Unicode>werks Entrop. (Legreßschon</Unicode>
                </TextEquiv>
            </TextLine>
            <TextLine id="tr_1_tl_47" custom="readingOrder {index:46;}">
                <Coords points="1590,3802 1706,3734 1764,3773 2057,3686 2245,3730 2546,3657 2701,3744 2821,3654 2973,3759 3064,3719 3082,3505 2930,3480 2636,3578 2477,3527 2267,3585 2180,3552 1785,3654 1604,3625"/>
                <Baseline points="1612,3743 1647,3743 1737,3731 1827,3713 1916,3695 2006,3689 2095,3683 2185,3677 2274,3677 2364,3671 2453,3671 2543,3660 2633,3654 2722,3648 2812,3642 2901,3630 2991,3618 3080,3618"/>
                <TextEquiv>
                    <Unicode>Zynfall in Oberfl u dadurch hervorge¬</Unicode>
                </TextEquiv>
            </TextLine>
            <TextLine id="tr_1_tl_48" custom="readingOrder {index:47;}">
                <Coords points="250,3723 268,3726 286,3748 326,3744 344,3770 373,3762 406,3791 485,3806 511,3614 453,3589 424,3600 413,3592 351,3600 311,3581 297,3592 268,3585"/>
                <Baseline points="268,3725 328,3719 417,3707 507,3695"/>
                <TextEquiv>
                    <Unicode>¼.1.</Unicode>
                </TextEquiv>
            </TextLine>
            <TextLine id="tr_1_tl_49" custom="readingOrder {index:48;}">
                <Coords points="1644,3904 1767,3842 1898,3886 2064,3813 2256,3889 2383,3828 2466,3893 2549,3831 2636,3871 2698,3820 2995,3817 3024,3748 2937,3755 2817,3657 2694,3755 2542,3661 2271,3723 2053,3686 1648,3784"/>
                <Baseline points="1665,3845 1689,3845 1779,3839 1868,3827 1958,3809 2047,3803 2137,3803 2227,3809 2316,3809 2406,3809 2495,3809 2585,3803 2674,3803 2764,3803 2853,3797 2943,3797 3033,3797"/>
                <TextEquiv>
                    <Unicode>Geschrür El or Schauf einhergegen</Unicode>
                </TextEquiv>
            </TextLine>
            <TextLine id="tr_1_tl_50" custom="readingOrder {index:49;}">
                <Coords points="1659,3925 1731,3958 1789,3936 2307,3940 2343,3933 2347,3875 2296,3857 2267,3886 2220,3864 2194,3882 2071,3817 1847,3893 1771,3842 1713,3882 1662,3857"/>
                <Baseline points="1677,3928 1725,3934 1815,3934 1904,3934 1994,3928 2083,3928 2173,3922 2262,3928 2352,3922"/>
                <TextEquiv>
                    <Unicode>sein können,</Unicode>
                </TextEquiv>
            </TextLine>
        </TextRegion>
        <TextRegion id="tr_2" custom="readingOrder {index:1;}">
            <Coords points="3355,194 6448,194 6448,2141 3355,2141"/>
            <TextLine id="tr_2_tl_1" custom="readingOrder {index:0;}">
                <Coords points="5001,279 6294,279 6355,261 6359,167 6174,141 6076,214 5975,134 5729,145 5653,203 5486,141 5005,156"/>
                <Baseline points="5021,268 5110,256 5200,256 5290,256 5379,256 5469,256 5558,256 5648,256 5737,256 5827,256 5916,256 6006,250 6096,250 6185,250 6275,250 6364,244"/>
                <TextEquiv>
                    <Unicode>ther. (b.d) E cas d. Neubild,</Unicode>
                </TextEquiv>
            </TextLine>
            <TextLine id="tr_2_tl_2" custom="readingOrder {index:1;}">
                <Coords points="3397,333 3965,253 4208,337 4309,268 4639,257 4860,330 4860,127 4675,188 4385,156 4313,206 4027,145 3944,199 3647,87 3397,163"/>
                <Baseline points="3415,262 3433,262 3522,268 3612,256 3701,262 3791,262 3880,256 3970,262 4060,256 4149,256 4239,256 4328,256 4418,256 4507,256 4597,256 4686,256 4776,256 4866,256"/>
                <TextEquiv>
                    <Unicode>N. B. Dafür eigentlich angetre¬</Unicode>
                </TextEquiv>
            </TextLine>
            <TextLine id="tr_2_tl_3" custom="readingOrder {index:2;}">
                <Coords points="4939,438 5175,391 5352,438 5544,373 6406,380 6406,319 6174,246 5837,304 5631,253 5443,319 4943,246"/>
                <Baseline points="4961,406 4979,406 5069,394 5158,388 5248,376 5337,382 5427,376 5516,370 5606,376 5696,376 5785,376 5875,376 5964,376 6054,370 6143,370 6233,370 6322,370 6412,376"/>
                <TextEquiv>
                    <Unicode>Dienstreng u. Evers der Nurbe¬</Unicode>
                </TextEquiv>
            </TextLine>
            <TextLine id="tr_2_tl_4" custom="readingOrder {index:3;}">
                <Coords points="3375,500 3513,413 3686,420 3741,474 3849,398 4103,395 4288,507 4429,424 4628,518 4798,402 4878,427 4878,308 4552,264 4309,272 4222,333 3947,261 3661,272 3542,351 3379,330"/>
                <Baseline points="3397,394 3451,406 3540,406 3630,406 3719,400 3809,394 3898,388 3988,382 4077,382 4167,382 4257,382 4346,388 4436,388 4525,388 4615,382 4704,388 4794,388 4884,388"/>
                <TextEquiv>
                    <Unicode>Zweinungs der Cälai; sehr selt zweite</Unicode>
                </TextEquiv>
            </TextLine>
            <TextLine id="tr_2_tl_5" custom="readingOrder {index:4;}">
                <Coords points="3371,569 3455,608 3607,558 3668,590 3723,543 3842,565 4078,507 4186,540 4266,518 4273,435 4059,449 3980,395 3896,438 3806,420 3668,500 3513,409 3375,500"/>
                <Baseline points="3391,543 3474,543 3564,543 3654,537 3743,531 3833,525 3922,513 4012,507 4101,501 4191,501 4280,489"/>
                <TextEquiv>
                    <Unicode>Rech. Wollsnam.</Unicode>
                </TextEquiv>
            </TextLine>
            <TextLine id="tr_2_tl_6" custom="readingOrder {index:5;}">
                <Coords points="4954,532 5066,576 5164,518 5573,503 5852,569 5997,507 6203,598 6435,536 6435,391 6181,369 5961,424 5548,369 5352,438 5196,391 4954,420"/>
                <Baseline points="4973,513 5009,501 5098,501 5188,495 5278,501 5367,507 5457,501 5546,501 5636,507 5725,507 5815,507 5904,501 5994,501 6084,501 6173,495 6263,501 6352,501 6442,501"/>
                <TextEquiv>
                    <Unicode>Repos. des Tides, daß der Lebschen¬</Unicode>
                </TextEquiv>
            </TextLine>
            <TextLine id="tr_2_tl_7" custom="readingOrder {index:6;}">
                <Coords points="3386,703 3701,782 3925,681 4164,703 4418,623 4530,695 4791,706 4805,500 3911,525 3639,634 3393,601"/>
                <Baseline points="3409,680 3468,674 3558,674 3648,662 3737,662 3827,650 3916,638 4006,632 4095,632 4185,626 4275,620 4364,614 4454,603 4543,597 4633,591 4722,579 4812,579"/>
                <TextEquiv>
                    <Unicode>Tribuarii: schlechts Stelle der</Unicode>
                </TextEquiv>
            </TextLine>
            <TextLine id="tr_2_tl_8" custom="readingOrder {index:7;}">
                <Coords points="4871,688 5262,659 5551,721 5885,623 6019,703 6218,619 6410,616 6308,532 6225,587 5997,579 5569,503 4874,558"/>
                <Baseline points="4889,650 4895,650 4985,644 5075,632 5164,626 5254,632 5343,632 5433,626 5522,626 5612,626 5701,626 5791,620 5881,620 5970,614 6060,614 6149,609 6239,609 6328,609 6418,614"/>
                <TextEquiv>
                    <Unicode>lichtes durch Greffe dann zu, oder</Unicode>
                </TextEquiv>
            </TextLine>
            <TextLine id="tr_2_tl_9" custom="readingOrder {index:8;}">
                <Coords points="3328,891 3466,847 3795,894 4009,786 4088,837 4349,753 4487,760 4498,670 4414,623 4161,706 4121,666 4005,710 3925,681 3697,782 3574,728 3502,753 3444,699 3350,713"/>
                <Baseline points="3355,841 3421,841 3510,829 3600,823 3689,812 3779,794 3868,788 3958,776 4048,764 4137,758 4227,752 4316,746 4406,740 4495,734"/>
                <TextEquiv>
                    <Unicode>Pilien moy Blephantis,</Unicode>
                </TextEquiv>
            </TextLine>
            <TextLine id="tr_2_tl_10" custom="readingOrder {index:9;}">
                <Coords points="4918,873 5182,757 5414,786 5519,858 5971,753 6410,815 6413,608 6015,703 5783,626 5577,728 5157,655 4921,684"/>
                <Baseline points="4943,770 4985,776 5075,764 5164,758 5254,752 5343,758 5433,758 5522,764 5612,764 5701,764 5791,758 5881,752 5970,746 6060,740 6149,740 6239,740 6328,740 6418,734"/>
                <TextEquiv>
                    <Unicode>Gestritt Lappe für die obenki¬</Unicode>
                </TextEquiv>
            </TextLine>
            <TextLine id="tr_2_tl_11" custom="readingOrder {index:10;}">
                <Coords points="3346,1039 4078,909 4566,894 4668,960 4863,952 4889,710 4740,688 4490,793 4356,760 4088,837 4009,786 3773,898 3364,876"/>
                <Baseline points="3373,985 3451,979 3540,973 3630,961 3719,949 3809,937 3898,931 3988,913 4077,907 4167,901 4257,895 4346,889 4436,883 4525,871 4615,853 4704,847 4794,835 4884,823"/>
                <TextEquiv>
                    <Unicode>(an Deinamt gegenst ihrer Ecrivat</Unicode>
                </TextEquiv>
            </TextLine>
            <TextLine id="tr_2_tl_12" custom="readingOrder {index:11;}">
                <Coords points="4896,934 4986,898 5052,963 5182,963 5269,909 5674,978 6138,884 6395,981 6399,811 5968,750 5522,858 5432,789 5222,764 4900,873"/>
                <Baseline points="4919,895 4973,889 5063,889 5152,889 5242,889 5331,901 5421,901 5510,895 5600,901 5690,901 5779,901 5869,889 5958,883 6048,877 6137,871 6227,871 6316,865 6406,865"/>
                <TextEquiv>
                    <Unicode>nach Tricke, für das unter nach</Unicode>
                </TextEquiv>
            </TextLine>
            <TextLine id="tr_2_tl_13" custom="readingOrder {index:12;}">
                <Coords points="3335,1133 3705,1213 3954,1126 4298,1152 4364,1126 4389,920 4262,952 4222,913 4038,909 3904,970 3795,942 3690,996 3618,970 3346,1036"/>
                <Baseline points="3355,1122 3403,1122 3492,1122 3582,1110 3671,1098 3761,1086 3851,1068 3940,1050 4030,1044 4119,1044 4209,1032 4298,1020 4388,1003"/>
                <TextEquiv>
                    <Unicode>ad Marber Tylvris.</Unicode>
                </TextEquiv>
            </TextLine>
            <TextLine id="tr_2_tl_14" custom="readingOrder {index:13;}">
                <Coords points="4900,1039 4947,1054 4976,1028 5088,1094 5193,1036 5244,1050 5283,1025 5399,1061 5566,1021 5566,963 5522,981 5461,934 5352,952 5265,905 5164,974 5110,931 5055,967 4950,898 4900,931"/>
                <Baseline points="4919,1026 4943,1020 5033,1020 5122,1020 5212,1020 5301,1020 5391,1015 5481,1015 5570,1009"/>
                <TextEquiv>
                    <Unicode>Riffenbach</Unicode>
                </TextEquiv>
            </TextLine>
            <TextLine id="tr_2_tl_15" custom="readingOrder {index:14;}">
                <Coords points="4914,1260 5338,1231 5407,1275 5646,1130 5808,1199 6044,1119 6410,1195 6424,981 6203,938 5903,1021 5617,974 5207,1119 4929,1036"/>
                <Baseline points="4937,1194 4991,1188 5081,1182 5170,1170 5260,1164 5349,1152 5439,1146 5528,1140 5618,1134 5707,1128 5797,1128 5887,1116 5976,1110 6066,1098 6155,1098 6245,1098 6334,1110 6424,1128"/>
                <TextEquiv>
                    <Unicode>Eilroparalyt herabhinke des unter¬</Unicode>
                </TextEquiv>
            </TextLine>
            <TextLine id="tr_2_tl_16" custom="readingOrder {index:15;}">
                <Coords points="3342,1362 4240,1271 4374,1195 4585,1246 4737,1209 4834,1177 4860,974 4556,999 4067,1152 3853,1144 3741,1209 3368,1159"/>
                <Baseline points="3367,1337 3415,1337 3504,1313 3594,1301 3683,1277 3773,1265 3863,1253 3952,1241 4042,1229 4131,1223 4221,1212 4310,1194 4400,1182 4489,1170 4579,1164 4669,1152 4758,1152 4848,1152"/>
                <TextEquiv>
                    <Unicode>bei vom Stelligite xxx.</Unicode>
                </TextEquiv>
            </TextLine>
            <TextLine id="tr_2_tl_17" custom="readingOrder {index:16;}">
                <Coords points="4867,1372 5316,1409 5602,1307 5772,1362 6087,1362 6102,1170 6011,1123 5808,1199 5649,1126 5443,1264 5345,1228 4874,1286"/>
                <Baseline points="4889,1355 4937,1355 5027,1349 5116,1343 5206,1337 5295,1331 5385,1325 5475,1313 5564,1301 5654,1295 5743,1289 5833,1283 5922,1271 6012,1265 6102,1253"/>
                <TextEquiv>
                    <Unicode>Lidrich bei Fac. laßen.</Unicode>
                </TextEquiv>
            </TextLine>
            <TextLine id="tr_2_tl_18" custom="readingOrder {index:17;}">
                <Coords points="4892,1579 5244,1550 5454,1608 5722,1488 6000,1510 6218,1405 6439,1405 6449,1260 6247,1209 5910,1372 5685,1329 5374,1416 4910,1376"/>
                <Baseline points="4919,1498 4925,1498 5015,1492 5104,1480 5194,1480 5284,1474 5373,1468 5463,1462 5552,1456 5642,1456 5731,1450 5821,1438 5910,1421 6000,1403 6090,1397 6179,1391 6269,1391 6358,1391 6448,1391"/>
                <TextEquiv>
                    <Unicode>Ectrop nach Jurjuris P aussi Couurs</Unicode>
                </TextEquiv>
            </TextLine>
            <TextLine id="tr_2_tl_19" custom="readingOrder {index:18;}">
                <Coords points="4900,1724 5117,1760 5544,1673 5667,1774 5888,1640 6000,1698 6258,1633 6410,1666 6428,1459 6283,1394 6116,1485 5736,1488 5457,1608 5291,1550 4907,1604"/>
                <Baseline points="4919,1707 4991,1701 5081,1695 5170,1689 5260,1683 5349,1671 5439,1659 5528,1659 5618,1659 5707,1647 5797,1647 5887,1635 5976,1624 6066,1612 6155,1606 6245,1600 6334,1600 6424,1612"/>
                <TextEquiv>
                    <Unicode>nach Frauma Geht von Blyhuls</Unicode>
                </TextEquiv>
            </TextLine>
            <TextLine id="tr_2_tl_20" custom="readingOrder {index:19;}">
                <Coords points="4910,1847 5569,1836 6116,1749 6272,1818 6377,1803 6384,1666 6265,1630 5964,1727 5823,1680 5696,1760 5617,1724 5533,1771 4921,1716"/>
                <Baseline points="4931,1844 4955,1838 5045,1838 5134,1832 5224,1821 5313,1815 5403,1809 5493,1809 5582,1803 5672,1791 5761,1779 5851,1767 5940,1755 6030,1749 6119,1743 6209,1743 6299,1749 6388,1755"/>
                <TextEquiv>
                    <Unicode>6. u 7. un unto. Pr. Schwaph</Unicode>
                </TextEquiv>
            </TextLine>
            <TextLine id="tr_2_tl_21" custom="readingOrder {index:20;}">
                <Coords points="4849,2024 5146,1974 5551,2021 5722,1923 6200,1861 6370,1916 6381,1803 5942,1832 5787,1774 5649,1861 5236,1825 5149,1883 4867,1843"/>
                <Baseline points="4872,1994 4949,1988 5039,1982 5128,1970 5218,1964 5307,1958 5397,1946 5487,1934 5576,1928 5666,1922 5755,1910 5845,1898 5934,1886 6024,1874 6113,1862 6203,1856 6293,1850 6382,1856"/>
                <TextEquiv>
                    <Unicode>kein Extrop; sondern xxx in</Unicode>
                </TextEquiv>
            </TextLine>
            <TextLine id="tr_2_tl_22" custom="readingOrder {index:21;}">
                <Coords points="4867,2213 5330,2205 5464,2126 5834,2075 5895,2122 6105,2079 6290,2126 6315,1879 5700,1941 5555,2021 4885,2013"/>
                <Baseline points="4895,2131 4967,2119 5057,2113 5146,2107 5236,2095 5325,2089 5415,2083 5504,2077 5594,2065 5684,2053 5773,2047 5863,2030 5952,2024 6042,2018 6131,2006 6221,2000 6311,1982"/>
                <TextEquiv>
                    <Unicode>Herabsenka als obere Lieb</Unicode>
                </TextEquiv>
            </TextLine>
        </TextRegion>
    </Page>
</PcGts>
