7156 4840
3792 472 6510 862 Paralye der Rüskemuskeln u Rindenmittag
3821 784 4839 1010 degrnation
3773 910 6299 1333 Schon und Horsley Lamet 29/5 1886
3799 1174 6748 1519 Charagan, & an einem Fall vor reiß s. Par acte
3795 1400 6677 1809 (Druck- und Cyrtenkopfart Nr. v. N. recem.
3758 1656 6525 1998 Slupt, daß Leuwens Gept, (das der Abd.
3703 1898 6592 2232 viel gewiß in Folge vor verschäuß Nerva
3751 2154 6681 2488 penlystworte) nicht nun gult sei, wird
3673 2399 4624 2637 widdigt (?)
3729 2440 6588 2841 Garels Fall von Paralyse et C. Strubor, di
3703 2785 6343 3123 wir durch zwei Erweichungshand in dem
3654 2967 6480 3335 dette Nieuwend leider jemrs Jharen
3706 3231 6403 3513 erklären will wird dahin ansehen
3677 3420 6388 3810 detsome tiefe geleg Laesen ikfah
3669 3658 6384 3985 werden sei. da bei allen Thierende
3688 3885 6674 4208 Königs ein Centr. bil. Th. Schmb. an Koss.
