6616 4152
1861 170 3305 411 in unsern man deselbe by das
1777 326 3360 591 vorheyd Fortaltheit anlegt,
1789 471 3265 778 schiebt mensche in der Zehe u
1800 668 3326 882 schiebt sich von außer mit it,
1764 814 3341 1045 Andere Hand den näher gelegenen
1804 926 3324 1266 Theil in bis er sich im B. E. h.
1764 1113 3275 1425 Ernicht. Ist zur auch ein Fuß
1755 1323 3267 1620 neben dem Rechs, dann faßt
1794 1482 3311 1709 man auch den Fehr zu leitet
1781 1624 3362 1906 ihn herab. Nun doch aber nun
1764 1794 3333 2044 merk die Extrimahme, wilde
1757 1912 3314 2234 Reiß eine so rasche u. weite Delat.
1774 2097 3345 2421 evenst, daß man mehreren Ewesse
1781 2345 2544 2561 erhalten kann:
1885 2351 3392 2714 Vorfall eine Extr. v. Mabe Gerd
3443 146 4901 405 Concl. Eigert ist. Prolatet
3434 284 4891 564 er mir zurück in Weinig!
3456 443 4908 740 Ihr bei jener Gottlage des Nabel¬
3458 615 4937 871 schnur vorgefallen, den wird
3426 791 4931 1085 sie nicht reponirt, weil man ohne
3409 971 4380 1240 sie lernete nicht.
4007 1174 4410 1355 auze
3470 1308 4668 1609 Beder zu ihr Anlgung
3428 1384 4944 1736 1. der Roy muß indem B. R. Herrn
3451 1590 4912 1916 Gest von sein Canowen u.k. ihm
3625 1777 4138 1929 at the last
3439 1768 4861 2037 B. R. u. bewegl. Kysdach die
3460 1950 4596 2224 Zange nie angelegt werden
3428 2071 4952 2330 2 - michs die Frau sach gegen Ende
3428 2258 4904 2563 der ersten Geburtsgenod verstechen
3453 2476 3706 2716 sein,
3451 2506 4872 2822 S. soll die Fürchtblase gesprüg¬
1836 2610 3292 2945 Die vorgefallene Theil werden
3610 2775 4887 3036 Die Zonge daß nicht argalst sein,
1772 2854 3203 3133 Mr Allgemein deponent
3432 2909 4899 3186 t. wenn das Mitverhältnis zwischen
1760 2974 3231 3305 sondern man mit sei Finge
3441 3114 4753 3388 Roch. B. R. zugroß ist.
1751 3169 3305 3462 in die v. R. eingeht u davon
3462 3261 4812 3551 Ribei zu großen Agt (My der)
1783 3360 3292 3702 gefallen Theil in der Hof
3504 3434 4965 3742 3. sei viel. kleinen Drf (rel. conpr.)
1774 3470 3305 3822 benst, wo Platz ist, erthe der
3483 3621 4111 3814 Mac. Ryf.
3479 3665 5192 3969 nicht 1. 2. 3. fällt, so steht die K. gegenwalt
1800 3676 3294 3977 se lage Inßhalt bis er nach
