6664 4168
1681 211 3110 528 Geräusche caa den Ärterien können fort den
1725 385 3258 632 sein um der Klugge bei Ckrank derselben.
1743 528 3248 770 Das systole Geräusch eher fortgeschlagt,
1774 712 2466 901 weit cintripetal.
1780 770 3294 1009 Selbstständen in normalen Artiren bin
1774 933 3322 1164 verstäckte Heyaction (en. bei Beruf dAo¬
1792 1079 2893 1294 der T. Ton zu einem Geräusch)
1766 1200 3330 1471 Bei enthal. Zustände, d. Fals gefähre (Atheas)
1790 1360 3332 1595 entstehe aus selbststand Fräusche alo¬
1756 1513 3234 1727 Arron mit der Herzsystole. - (Basende)
1743 1653 3286 1914 auf gleicher Ursache beruht hergeäusch.
1766 1804 3230 2097 durch portiele Compression kan
1707 1944 3268 2229 man rückgerinsch a. d. Ceteries
1733 2271 2249 2468 eyenzen.
1768 2279 3248 2530 Bei Herrff. d.Ao. kann man durch
1778 2470 3294 2706 schwache Compression an Curalis 2
1766 2640 3308 2861 Geäusche veritunte erzeugen, wie aber nicht
1753 2755 3318 3068 für Inskiff. pattyuretisch ist sonaten
1737 2947 3340 3190 von Frieckichamt bei Leuenigen. Ave.
1737 3120 2514 3399 beclachtet sammt. -
3487 237 4500 431 Venenquains de. -
3439 427 4956 678 Bruit de dable an et par,
3439 612 4885 815 neuen (konnengereich)
3425 750 5004 1019 entsteht im Bulbus der V. jugut.
3437 897 5014 1172 durch Wirbilbereg des Blutes, unter¬
3421 1146 5000 1300 als aus einem angern in weiten
3455 1244 4996 1475 Lunien Elisst: durch Deich auf
3473 1382 5052 1665 der Bulbus unterdrückbar. -
3449 1593 5014 1850 Er ist andeuren, summa, jischen:
3455 1753 4763 1996 Es kann verstäckt werden
3491 1896 5040 2155 1) Durch Drehe des Koffes nach der ande Sache
3465 2028 5026 2307 2) Dort stark Beschleibung ab. Abflick.
3469 2265 4342 2420 aus der König, int.
3469 2303 5046 2590 Beim Sitzer stärke vorbeim Liege.
3513 2478 5062 2700 Expiration Rückenlage, Compress,
3469 2634 5062 2917 verkau in gleicher Weise hinwand.
3475 2831 5018 3076 Meist statt rechts als leibs.
3481 2993 5070 3198 Bist des Bulbus u. mehr entrickelt
3505 3150 5016 3425 2) ist der Bulle mündet aber v. V. gz.
3507 3350 5004 3549 fast herkrecht in etc. Quonizma.
3481 3475 4968 3708 – die Heybereg, habe gegangen
3531 3633 4980 3898 Einfluß. Während d Sjstoll
