6440 4056
1673 133 2668 347 Gesichtslage.
3241 113 4208 324 Abnormes Mechanismus
3225 250 4770 495 Tiefe zu erstand des Gesichts; wieder
1634 211 3163 476 Die mit Untersuch ergibt umbe¬
1661 394 2761 632 Theile, Nosensattel etc.
3206 386 4774 667 Gesichttruch herabste ist u sich nicht votis
1638 445 3155 776 Anzestöne entsprechen der Vorauside
3218 573 4329 811 (bei engem Becken.)
1626 690 2188 874 des Peints.
3260 682 4781 956 daß bei tas stehenden Gesichte sich
1626 698 3163 998 I. Jos. Läne links, bei der 1. Gesetze
3229 800 4793 1057 der Kinn nach harten (indi Capität)
1591 928 2024 1104 Töne r.
3229 971 4762 1217 notirt, die Stimme mich vorn, ist
1618 975 3128 1271 als Extrem. sind auf das Seite de
3241 1143 4259 1361 nach Gräth unrichtig.
1626 1135 3175 1412 Zugischen bei der Schadellage angekehr¬
1615 1248 4754 1540 Das kann übernimmt aber fuhrenschneß bei der Geschlage in Erspraes. Insch¬
3225 1381 4719 1693 r Ges. hälfte dem Freyer Geburts¬
1552 1459 3120 1736 bei der Schadellage das Hinterhaupt.
3229 1580 4649 1849 geschielte auch der r. Mange
1560 1642 2504 1888 beekommen.
3221 1669 4711 1950 bei der 2. Jos. die l. Ges. Hälfte.
1603 1732 3077 2102 mehr, oder weniger ihnen Eustelle
3202 1837 4727 2110 Hand das Gesichtlangen Zeit
1572 1962 2500 2137 im Erikousingau
3202 2008 4723 2278 im Beckranigaz, so ist es im
1583 2059 2699 2262 1. Estens: des Falses
3241 2122 4746 2441 ganzen geschwellen, eganvhoiz,
1564 2129 3147 2422 2. Dlse, des Ropfes ( in Sch. l.)
3221 2246 4688 2621 Mr Liffeteehes fallt bin
1537 2293 3147 2594 3. Int. Rot. (des könnten 3 Zugeltze
3190 2426 4758 2742 Der Ich lag immer zurück der
1564 2449 2866 2714 E nonneil rot. Gesicht Lag.
3171 2590 4719 2890 at forevite Eetens ik Palsas.
1615 2605 2492 2859 P. Flexch Julfr.
1708 2707 2590 2933 apuls de Lusfos
3206 2750 4692 3054 (Bei der Schächllag fälltet Kost)
1607 2750 3112 3042 5. Ext. Rot, die Sterne dreht
3202 2944 4660 3198 nach vorn.) Häufigkeit 1: 200
1603 2937 3116 3264 sich nach als Seite, nach welches
3190 3038 4723 3350 Dortalität umbgrößer 10%
1537 3081 3116 3401 Geführe gestanden ist, sooß ich
3218 3225 4781 3479 Hauworsch. im Gehen oder in Ventikel
1583 3233 3104 3541 Schultewin. Queren durchmesser
3171 3377 4700 3666 durch Neumbeurkt - durch zu
1568 3479 2613 3744 die Vilva passiren.
3175 3533 4672 3838 Harken Estens der Halser
