6344 4680
4613 380 5342 600 26.8.1890
3167 497 3840 709 Pros. 3397
3172 665 5398 955 Tatay Trma 35 J. als lidig Kammerfran
3217 855 4197 1047 Wien Röhtinggasse 13
3206 913 5283 1167 Patientin war angebl. in ihrer Tugend gesund,
3259 1095 5216 1304 tôt mit 18 J. an Haemieranie, Chiorose
3264 1209 5295 1419 2 Kinder von einem Kind gestorben, das
3253 1332 5403 1511 eine mit 11 Mon an Fraigen. das andere
3253 1438 4370 1664 gleich nach d. geburt.
3292 1527 5362 1768 Eitern u. Geschwist sind gestorben, keine
3276 1639 5367 1846 von ihren soll bringen Krank gewesen
3295 1832 5292 2078 Im October vorigen Jahres hatte sie
3295 1857 3566 2002 sein.
3331 1918 5507 2209 eine Pleuritis, seit dieser Zeit führte
3312 2069 5457 2362 sie im Dezember Influenga-seithen
3323 2231 5526 2516 starke Abmägerung, Appitlosigkeit
3351 2329 5306 2625 Nachtschweiße - fieber, Diarrhoe
3326 2508 5504 2784 große Durst, Manstrückblutung un¬
3379 2678 4030 2929 regelmäßig
3331 2784 5577 3052 Befund: Insiltr. rechts vorm an d. Spitze
4705 2932 5616 3133 Kinsen an d. ganze Lunge
3320 3035 5373 3203 An beiden April, wyts siben die
3312 3183 5476 3435 ganze Kriege verbereitet feuchte, at
3348 3281 5551 3519 u. zu auch klingende Raffelgeräusche.
