6888 4744
3678 333 6496 776 Es müssen demnach die Quaesth eine spei¬
3655 659 6427 1045 Mitz auf die perempt, Gehld und un¬
3716 894 6390 1269 Die Exp. S. u. H. befragten die Hoope'sche
3727 1193 6412 1492 retillation 32itzermente 20 a
3681 1382 6617 1754 Amtischschen Neues, 12 an Kirchof Nerv
3678 1648 6386 2030 Donaldson p. leugnet den Einfluss der
3640 1860 6575 2257 Narcose: die Reizung mit schwachem
3678 2102 6719 2451 Strom stets Abd, mit starken stets Add.
3700 2356 6734 2757 H. u. S: Deutrifft mutei schwacher Naver
