4888 6216
1884 415 2978 617 Internationale Klinische Rundschau.
542 490 702 617 895
2916 551 3887 683 Ein Beitrag zur Darmchirurgie.
551 617 2412 763 ist im Stande, mindestens vier Stunden lang — meistens noch
2643 641 4179 768 Von Dr. Ferdinand Obtulowicz in Buczacz (Galizien).
547 697 2417 815 länger — durch eine einzige Dose von 10, beziehungsweise selbst
2478 716 4344 862 Vorfall einer grossen Dünndarmschlinge, cirkuläre
561 763 2398 895 von 5 Centigramm, deren eine Morgens, die andere Nachmittags
2473 801 4339 956 Resektion eines 69 ctm langen Dünndarmstückes
556 834 2422 966 genommen wird, schmerzmildernd auf den Gelenkrheumatismus zu
570 909 2412 1013 wirken. In einzelnen Fällen trat sogar vollkommene Schmerzlosig-
3251 890 3552 999 Heilung.
2638 905 4339 1088 Am 23. Juli 1887 hat Dr. ObtULüwICz zufälliger Weise in einer
561 975 2412 1088 keit ein, die stundenlang anhielt. Die Wirkung war eine konstante
565 1046 2426 1159 nicht in einem einzigen Falle und nicht bei einem enzigen Ver-
2478 1027 4334 1178 armen Bauernhütte an der Grenze seines Bezirkes ein 30jähriges, sehl
2473 1107 4339 1234 elend genährtes Weib angetroffen, welchem beim Aufheben einer
570 1107 2431 1234 suche schlug sie fehl. Das Hydracetin ist bei akutem Gelenk-
2488 1164 4330 1300 Hanfbürde aus einem grossen, seit sieben Jahren bestehenden Nabel
570 1168 2431 1286 rheumatismus wie alle anderen jetzt dagegen gebräuchlichen Mittel
570 1248 2436 1371 nur ein Palliativmittel. Keines dieser Mittel ist im Stande, die
2497 1230 4334 1371 bruche, eine enorme Dünndarmschlinge vor fünf Tagen (18 Juli
584 1305 2422 1451 Wiederkehr und das Auftreten in neuen, noch nicht befallen ge
2492 1305 4344 1442 herausgefallen ist und. nicht reponirt werden konnte. Der Verf
2483 1380 4348 1503 bemerkte an den Bauchdecken unterhalb des Nabels eine über
584 1418 1456 1526 wesenen Gelenken zu verhüten.
759 1418 2431 1564 Den Erfolg der Temperaturherabsetzung und der Milderung
2492 1451 4339 1574 ½ m lange, stark ausgedehnte und entzündete Dünndarmschlinge
2492 1503 4353 1649 welche mit fibrinös-eitrigem Exsudate bedeckt war und oberhalb
584 1522 2436 1635 der Schmerzen hat das Mittel unzweifelhaft seiner stark reduzirenden
2492 1574 4353 1715 von derselben einen stark -zusammengezogenen, faustgrossen Bruch
584 1578 2436 1710 Wirkung zu verdanken. In einer alkalischen Kupferlösung wird
2488 1649 4353 1795 sack. Der Stuhlgang kam am fünften Tage nach dem Vorfalle der
584 1658 2436 1771 durch Hydracetinzusatz sofort rothes Kupferoxydul ausgeschieden,
584 1724 2445 1833 in einer alkalischen Silberlösung bildet sich durch dessen Zusatz
2506 1715 4353 1847 Gedärme von selbst, die Kranke fiéberte im geringen Grade (Temp
2492 1795 4339 1927 38-4° C, Puls 128). Es bestand nur eine leichte Zusammen
584 1786 2455 1903 ziemlich rasch metallisches Silber; Quecksilberoxydsalz wird in
598 1856 2436 1983 Quecksilberoxydulsalz übergeführt. Eine interessante Farbenreduktion
2492 1852 4353 1988 schnürung der Dünndarmschlinge im Halse der unregelmässig ge
608 1922 2445 2059 des Mittels ist folgende: Wenn man Hydracetinkrystalle in Schwefel-
2488 1913 4377 2064 fransten äusseren Bruchst/acköffnung und diese Gestalt derselben
594 1988 2455 2148 säure mit Salpetersäure (8 + 2) löst, so bekommt man eine pracht¬
2502 1998 4367 2125 wies darauf hin, dass ini Bruchsack ein Verschwärungsprozess zu
2506 2064 4367 2214 Stande kam, welcher ber geringer Anstrengung das Bersten 'der-
608 2101 1319 2214 volle rothe Farbenlösung.
763 2111 2464 2243 Bei verschiedenen Kranken, welche Hydracetin in grösseren
2506 2148 4042 2266 selben und Herausfallen der Gedärme zur Folge hatte.
594 2195 2464 2337 Dosen und mehrere Tage selbst eine Woche hindurch er¬
2685 2158 4381 2327 Da die sehr arme Kranke in ein grösseres Spital (nach
2525 2257 4381 2398 Lemberg) nicht überführt werden konnte, entschloss sich der Verf
598 2280 2459 2398 halten hatten, wurde der Harn daraufhin untersucht, ob er eine
2511 2337 4377 2473 in einem kleinen, elend eingerichteten Bezirksspitale in Buczacz
612 2346 2455 2488 grössere Menge von reduzirenden Stoffen enthielt; das scheint indes
2516 2412 4386 2535 die Darmresektion behufs Heilung der Kranken zu vollführen und
612 2450 1248 2544 nicht der Fall zu sein
2525 2469 4377 2605 sobald die Kranke von dem drei Meilen" entfernten Dorfe nach
773 2445 2469 2577 GUTTMANN hat das Hydracetin auch in zwei Fällen von
2525 2535 4391 2676 Buczacz gebracht wurde, war sie auch sofort am 29. Juli 1887
603 2530 2464 2667 Psoriasis in einer 10perzentigen Salbe angewendet. In dem einen
608 2610 2473 2737 Falle, wo die Affektion erst seit fünf Tagen bestand, bewirkte eine
2516 2610 4386 2733 operirt. Von einer anderen Operationsmethode war auch gar kein«
612 2690 2464 2803 tägliche Einreibung nach sieben Tagen vollständige Heilung von
2511 2676 4391 2817 Rede, als nur von einer Enterektomie (Resektion), denn eine seit
2516 2742 4405 2897 zehn Tagen herausgefallene Dünndarmschlinge konnte wegen ihrer
608 2747 2473 2869 der Psoriasis des Rückens; in dem zweiten Falle war ebenfalls die
2525 2817 4400 2949 enormen Grösse. wegen des grossen Entzündungsgrades schon nicht
612 2817 2450 2945 Wirkung auf den von Psoriasis befallenen rechten Arm des Patenten
2535 2883 4405 3015 mehr reponirt werden und fehlte es auch an Hautmaterial, um
608 2893 2195 3010 eine günstige, und bis jetzt ist kein Rezidiv eingetreten.
2530 2959 4424 3100 disselbe zu bedecken. Deshalb war kein anderer Ausweg da, als
787 2916 2483 3067 Auch in zwei Fällen von Ischias kam das Hydracetin zur
2539 3010 4405 3147 nur in diesem höchst seltenen und so stark vernachlässigten Falle
551 3015 2483 3180 Anwendung. In dem einen Falle bestand die Ischias erst xxx
608 3086 2478 3190 Zeit; es war heftiger Schmerz am Kreuz und an der hinteren
2530 3086 4400 3227 eine neue Indikation zu Enterektomie aufzustellen und
622 3147 2483 3288 Fläche des rechten Oberschenkels vorhanden. Nach einer Dosis
2535 3142 4400 3303 eine cirkuläre Darmresektion zu versuchen. Nachdem der Bruch
631 3218 2473 3350 von 5 Centigramm trat alsbald ein Nachlass der Schmerzen bis
2539 3218 4400 3364 sack durchgeschnitten und die Gedärme sammt dem enorm er
631 3284 2478 3420 nahezu zur völligen Schmerzlosigkeit ein, die stundenlang anhielt
2535 3284 4405 3425 weiterten Bruchringe entblösst wurden, bemerkte Dr. ObtULowICz
636 3359 2488 3477 dann stellte sieh der Schmerz wieder ein. Eine demnächst ieder-
2539 3359 4424 3500 dass an dem zuführenden Darmende ein frischer Entzündungsstreifen
631 3430 2492 3552 holte Dosis von 5 Centigramm liess die gleiche günstige Wirkung
2539 3430 4414 3557 sichtbar sei, welcher weit oben sich verlor. An dem anderen
2549 3491 4400 3623 Darmzweige war in Entfernung von 12 ctm von der Bruchsack
636 3510 1852 3623 folgen, und ebenso in einem zweiten Falle.
787 3538 2506 3679 Es fragt sich nun, ob man das Mittel als therepeutisch stets
2535 3571 4405 3694 öffnung die Serosa ganz normal. Da noch das zuführende Darm
2558 3632 4419 3778 rohr durch alte Adhäsionen an andere Darmschlingen angelöthet
631 3637 2497 3755 anwendbar empfehlen kann. In Betreff der äusserlichen Anwendung
622 3712 2497 3807 desselben ist die Frage unbedenklich zu bejahen; innerlich ist es
2539 3698 4405 3844 erschien, so musste sich der Operateur mit diesem wenig günstiger
631 3783 2492 3901 mit Vorsicht und nicht fortdauernd zu gebrauchen. In drei Fällen
2553 3769 4429 3901 Resultate begnügen und im Voraus darauf vorbereitet sein, dass
636 3840 2506 3967 nämlich, wo die Kranken bei multiplem Gelenkrheumatismus pro die
2553 3849 4424 3986 vielleicht die durchgeschnittenen Darmenden nicht so leicht und
2563 3915 4424 4047 präcis zusammengenäht werden, wie es eben wünschenswerth wäre
641 3906 2502 4023 20 Centigramm — einigemal sogar 30 Centigramm — bekamen,
655 3976 2502 4108 beobachtete GUTTMANN Blässe des Gesichtes, die freilich bald wieder
2572 3972 4433 4118 Dr. O à TUL0WICz resecirte eine 69 ctm lange Darmschlinge und
660 4047 2506 4179 verschwand, aber auf Grund der experimentellen Ergebnisse auf
2563 4042 4424 4174 versuchte eine cirkuläre Darmnaht nach der Methode CZER�Y
636 4118 2506 4254 die Blutdissolution, welche das Hydracetin hervorruft, zurückgeführt
2577 4122 4429 4250 WÖLFLER anzulegen. Obenauf vernähte er die Darmenden mittelst
650 4184 2488 4334 werden muss. Bei seiner. Anwendung sind daher folgende Vorsichts
2563 4193 4429 4316 einer zweiten Nahtserie nach LAMBERT; an dem 4/4 ctm breiter
2563 4254 4424 4381 Entzündungsstreifen jedoch, durchschnitten alle mit feiner Seide
650 4301 1362 4410 massregeln zu empfehlen
815 4278 2502 4447 1. Das Hydracetin soll nicht in grösseren Dosen verabreich
2563 4325 4443 4447 (Nr. 1) angebrachten Nähte, so dass nur halbwegs mit karbolisirter
655 4391 2506 4504 werden als 1 Centigramm p'o die, und zwar, wenn man bei hoel
2558 4405 4447 4528 Seide Nr. 2 diese Darmstelle zusammengeheftet werden konnte
660 4457 2525 4603 fiebernden Kranken Wirkung erzielen will, einfach auf einmal als
2572 4476 4433 4612 Dieser grossen Darmschlinge entsprechend war auch ein dreieckiges
655 4537 2525 4645 einzige Tagesdosis oder auf zwei Dosen vertheilt, die in einstündigen
2582 4532 4447 4669 „grosses Gekrösestück mittelst Pacquelin abgetrennt und dann mittels
655 4608 2502 4735 Zwischenräufnen verabreicht werden. — Bei multiplem akuten Ge-
2577 4603 4447 4730 Kürschnernaht beiderseits vernäht. Die Operation dauerte 2½ Stunden
660 4683 2521 4801 lenkrheumatismus soll man diese Dosen von 10 Centigramm zweck-
660 4669 4447 4890 mässig auf zwei von je 5 Centigramm vertheilen, von denen die zur Narkose verbrauchte man O02 Morphium hydrochloricum sub¬
2577 4749 4452 4867 kutan und 50 Gramm Chloroform; zur Desinfektion des Opera¬
664 4810 2276 4947 eine am Vor-, die andere am Nachmittag verabfölgt wird,
2591 4815 4452 4952 tionsfeldes 1%o Sublimat, zum Durchspritzen des Bruchsackes
834 4853 2530 4999 2. Die Dosis von 10 Centigramm pro die soll nicht länger als
2591 4886 4452 5003 warmer 1%/00 Thymol, zum Reinigen der durchgeschnittenen Darm¬
2586 4947 4452 5069 enden und des Mesenteriums Sublimatwatta - Bäuschchen, end
664 4947 2525 5083 drei Tage hintereinander verabfolgt, dann ausgesetzt und erst später
2591 5027 4466 5154 lich Jodoform-Verband und zwei Drainageröhren. Nach der Operation
664 5041 1913 5173 wieder in Zwischenräumen gegeben werden.
2591 5102 4466 5215 alle drei Stunden zu 0'03 Laudanum, Eispillen, Milch, Wein, Suppe,
829 5046 2530 5215 Bei dieser Rosirung ist man sicher, dass keine Nebenwirkung
2601 5159 4462 5281 löffelweise. In der Nacht vom 29. auf 30. Juli dreimaliges Er
669 5154 2539 5267 auftritt und ebenso sicher, dass die antipyretische Wirkung bei
2605 5225 4476 5352 brechen, von Zeit zur Zeit momentaner Singultus, am 30. Juli
683 5229 2544 5352 Hochfiebernden und die schmerzlindernde bei Gelenkrheumatismus,
2591 5305 4466 5427 Temp. 37-3, Puls 88, Abends 38-5, Puls 112. Am dritten Tage
678 5324 1640 5456 sowie bei Neuralgie erreicht wird.
2577 5366 4471 5545 38-3-38 5, Puls 108—116. Die Wunde erscheint sehr gut ver-
1258 5314 2483 5526 (Deutsche Medizinal-Zeitung Nr. 37, 1889.)
