2904 3640
2232 192 2359 379 28
577 327 2524 542 Karl Bern: Also auf die beraur hin, dass Sie mich
589 502 2461 709 rerachten - ich habe bieher noch nicht einmal
594 624 2509 841 mit der kleinsten Episodistin ein Verhäitnis an-
604 839 991 979 gefangen.
602 879 2456 1106 idon: Ich hätte Sie für geschickter gehalten.
602 1038 2589 1251 Berl Bern: No wir haben noch drei Rage bis zur Dr
607 1178 2159 1355 Tranidre, falls sie stattfinden sollte.
612 1303 1845 1485 Rioherd: (trott jetzt zu ihnen)
614 1435 2579 1630 Berl Bern: Reute het nämlich Frautein Rorede den-
629 1568 2484 1745 Regisseur die Rolle vor die Füsse geschwissen.
627 1697 2242 1880 Sidokl: Die Roreda spielt die Dauptrolle?
632 1850 1817 2037 Zerl Bern: Nir wollen hoffen.
637 1960 2589 2182 Sion: Ach, nemn ich ein Dichter wäre und gar ein
649 2152 961 2292 Junger:
647 2217 2454 2436 Karl Bern: Konnerzialrate haben mehr Chancen.
644 2334 2551 2564 Fr. Biderhof:ltritt jetzt eben herzul Juniefera!
644 2466 2634 2688 Kari Bern: Das müssen Sie den Herrn Konnerzialrat
654 2671 1246 2811 selbst fragen.
676 2713 2683 2946 IEren Velth, Mathlide, Rolene sind gegangen. Karl tr
662 2883 2164 3075 triti, sich verabschledend, zu Richaral
674 2998 2656 3208 Karl Bern: Wir sehen uns wohl noch heute lbend in
666 3173 1136 3328 Refteshaus?
