2840 3480
2225 214 2378 378 235
573 404 2389 612 Karl Hern: Es wirg schon richtig sein, dass es
573 526 2113 719 sich un einen Herzenskonflikt kanaelt.
578 698 1980 894 Redene: Nun, was hab er air erräntt?
581 831 2035 1019 Karl Vern: Nichts. Nichts Konkretes.
594 946 2509 1144 Delene: uprahxEtantraKxhrhx (ahngau
597 1112 826 1276 Kor2!
602 1151 2691 1409 Karl Bern: Ich hab auch nicht schratex insistiert.
612 1292 2704 1527 Er het eine rienlich verschlossene Art, wie au werseu,
602 1472 2548 1652 mein Eindruck ist jedesralls, dass die Sache den
594 1560 2582 1784 Ende zugeht und dass die Chancen für Fräulein Me-
628 1743 2652 1925 thiläe im ganzen recht gut stehen. Besser als meine
630 1907 972 2024 bei dir.
628 1982 2402 2199 Delene: (unwillkürlich lächelna) Was soll das
636 2139 1258 2311 wieuer heissen?
643 2209 2597 2470 kerl Bern: Du willst michmoch inner nieht heire-
654 2428 828 2582 ten?
649 2472 2569 2730 delene: Ich denke nicht daran.Dazu hab ich dich
654 2615 2571 2832 viel zu Lieb. Uebrigens hau ieu meinem Vater ge-
654 2735 2571 2954 sagt, dass du mich als Setretärin engegiert hast.
659 2928 1915 3110 Karl Bern: Das stimmt je soger.
