2808 3496
1280 411 2254 593 nutzlich für mein Stück.
591 446 743 588 aan
581 550 2380 735 Richard: Und nenn Fraulein Friesel sich in
578 684 2401 880 den Kopf setzte ihrem jetzigen Liebhaber oder
586 829 2403 1004 dem angetreuen Dokter Gerold treu zu bleiben?
583 968 2423 1133 Karl Bern: Treut Treu ist eine Fiktion. In al-
588 1113 1960 1255 lerbesten Fall Anget vor Reranche.
588 1227 2043 1387 Richard: Komioch, dass Sie das sagen.
586 1377 2018 1518 Farl Bern: lsieht ihn verwandert anl
578 1478 2413 1648 Richard: In Ihrem Stück wird ja die Liebe so
578 1622 2162 1797 verdannt ernst genommen, die Freue auch.
583 1744 2543 1914 Karl Bern: Ach, komnen Sie mir doch nicht mit mei-
570 1896 2558 2053 nem Stück. Es behandelt die Missverständnisse und
583 2010 2621 2167 inneren Verlogenheiten einer verschwundenen Epoche.
570 2127 2512 2317 Richerdi Glauben diek, dass diese Proche so kenz-
578 2282 2482 2441 lich verschwanden istz In den Gefühlen hat sich
581 2396 2484 2573 richte geändert. Es gibt zunter auch kente noch
550 2530 2385 2697 Wenschen, die sich aus verratener liebe töten,
722 2654 2662 2832 ertethen oder zugrande gehen.
550 2776 2497 2936 Karl Dern: Aber sie sind dann altmodisch, lacher-
1024 2882 1503 2971 renes in himnt
555 2898 2467 3090 lich und konner sick selher so vor. Freilich, es
568 3039 2505 3227 gibt noch alles das -Leldenschaft und Forderen-
