2888 3496
626 469 910 638 Franzi.
613 572 1826 739 Richard: (höchst erstzunt) Wie?
1865 685 2392 869 gehört in der
618 721 1786 883 Ludwig: Da hast nichts von 14
628 854 1173 999 letzten Zeit?
628 984 1448 1136 Richard: Woher denn?
636 1092 2385 1256 Ludwig: Sie hat dir auch nicht geschrieben?
636 1183 2498 1411 Richardi Wie komnst du nur auf die Ideer Sechs
633 1330 2412 1531 Monate lang habe ich nichts von ihr gehört-
650 1475 2189 1693 seit Ihr Belde- Du wohl auch nichtz
631 1629 1271 1808 Ludnigi Richts.
1615 1656 1821 1784 diese
653 1740 2478 1924 Richerd: Also was soll datu fragef eine Vier-
658 1867 2540 2083 telstunde vor deiner Abreiset Hagt du irgenmel-
697 2042 1364 2184 che Besorgnisse?
658 2122 2439 2324 Ludwig: Eigentlick nicht. Und doch, -kurz ge-
670 2245 2505 2439 sagt, dandankertstndte Sie hat mir einmel - es
682 2383 2603 2579 ist freilich labg ler - es war in unserer glück-
2392 2451 2643 2574 damals
682 2532 2606 2726 lichsten Zeit, vor einem Jahr etwassie hat mirge¬
682 2640 2657 2851 schworen lmit einem eher lachenden Gesichtl, dass
682 2785 2586 2976 sie sich an meinem Nochzeitstag unbringen wird.
670 2920 2618 3114 Richerdi So. Du hast wohl damals auch mancherlei
704 3043 2378 3278 geschnoren - in Kuerer glücktioleten Zeit.
