2792 3400
633 438 2360 621 tung.Alles ist möglich. Ich bin nämlich ein
626 562 1561 730 schmenkender Charakter.
628 650 2581 896 icherdi Ich bin entschlossen. Es ist nicht schön
631 821 2486 1006 von mir. Ich tue es nicht aus Edelmut. Ich tus
636 940 2450 1115 es nicht für Franzl. Ich tue es nur für mich:
643 1071 2528 1291 Karl Bern: Es braucht nicht Ihrer Versicherung.
640 1249 1524 1395 Axax Richerd! Rdien.
655 1337 2498 1524 (alls die Schachpartie noch meiter geht, sagt)
645 1505 2486 1656 x Karl Bern: Uebernehmen Sie jetzt meine Per-
643 1602 2121 1770 tie. Den Brief werde ich aufgeben.
