2904 3448
2351 321 2517 497 255
663 474 2377 650 Mahrend er die Füre öffnate hat man von der
648 640 2652 798 Bühne her ein paar Worte der Schäuspieler gehörtl.
615 839 2639 1056 (Der Aneager komnt die Stufen herauf, klopft an die
643 1038 2670 1188 Logentüre Nr.4. Da sich nichts regt klopft er noch
648 1153 2055 1308 einmal und öffnet selbst die Türel.
650 1260 2614 1423 (Der Prasident Fricke und seine Tochter Heléne an
640 1410 2489 1581 der Brüstung, hinter ihnen auf der kleinen Bank
627 1545 2043 1686 Karl Bern, wendet sich zum Ansagerl.
625 1678 2305 1839 Ansager: Es ist höchste Zeit. Herr Doktor.
620 1795 2611 1974 Karl Fern: Aber ich will ja erst nach dem dritten
630 1941 1130 2053 Akt kommen.
617 2058 2545 2244 Heiene: (wendet sich nach Karl Bern um und nicht
622 2196 956 2346 Ihm zu.1
615 2303 2479 2537 Kerl Bern: stritt zum Ansager auf den Logengang
609 2445 923 2596 hinaus)
607 2593 2634 2741 Angager: Entschuldigen, Herr Loktor, können sich den
602 2693 1596 2859 ganzen Erfolg verderben.
612 2813 2662 3012 1In diesen Augenblick ist der Urt zu Ende. Applaus!
597 2948 2522 3162 Ansgger: Röchete Zeit, Herr Doktor, dass wir nogh
