2840 3480
207 252 471 418 11.3.29.
1774 340 2276 486 Karlbern 290
617 411 2114 620 Mathilde: (tritt einl.Helene, Richard.
630 537 1081 665 Beglässung.
615 620 2470 789 Helene: (sehr erfreut) Das ist aber hübsch, dass
615 761 1313 912 au zu mir kommst.
612 857 2631 1061 Mathilde: Guten Tag. Herr Fern. Eben habe ich unse-
620 1008 2437 1179 re Loge an der Kasse geholt. Gut, dass ich mir
615 1139 2470 1333 sie schon vor vierzehn lagen habe réservieren.
627 1268 1724 1434 lassen. Total ausverkauft.
630 1386 2507 1562 Kerl Vern: Selbstverständlich. Aut Niederseten.
617 1537 2180 1693 Mathilde: Ich vertreibe Sie doch nicht?
627 1656 2145 1797 Karl Fern: Ich stand schon an der Für.
615 1772 1986 1948 Mathilde: Wird''s schön am Samstag?
630 1945 2580 2109 karl Bern: Aber herrlich. (gibt beiden die Hand
630 2064 1026 2233 und geht)
625 2303 1293 2497 Helene, Mathilde.
617 2424 2593 2626 Mathilde: Wenn du auch noch vor mir heiraten soll-
620 2596 834 2744 test
617 2686 2626 2860 Helene: Ihn meinet du? Was fällt dir ein. Der muss
625 2822 2646 2986 noch mancherlei mitmachgn. Ich wahrscheinlich auch.
625 2969 2545 3145 Vorläufig sind wir noch nicht reif für einander.
