2824 3512
476 423 2456 637 Dregulein: Uit anderen Wörten: die Jugend hast du
471 562 2528 768 nicht, aber so das Zuwidere, das zu der Figur gehört.
476 666 2627 931 herl dern: Iat er Ehren xt so zuniderfl, der Dekter
481 861 736 979 Hitter
484 934 2536 1102 Dregulein: Pardon, wenn Sie sich ihn vielleicht sym-
484 1078 1428 1252 pethisch gedacht haben.
484 1185 2576 1375 karl Dern: Mir ist eigentlich mehr der Held zuwider.
487 1338 2461 1514 Gresor: Sie sind ein origimeller Antor, Herr dern.
487 1463 2627 1685 Treguletn: Neunandvierzig. künfzlg. Rerenche gefällig?
492 1586 2493 1808 Dogelmenn: für hente habe ich genug,dritter Auske-
498 1747 1560 1875 tior. (wirft den dueu hinl
490 1867 2402 2009 Dr. Braun: (Ix ist eingetreten)Veuten Abend, meine
487 2052 784 2164 Herren.
508 2119 987 2279 1gegrüssung!
495 2210 2399 2437 Dr. Freun: Ihr hebt'e heute wieder beineh ausver
506 2397 1038 2539 kanft gehabt.
511 2528 770 2611 Gregor
495 2504 2448 2688 an Sie enekter heben sich
490 2646 1728 2801 die Konodie wieder angescheut?
508 2763 2603 2942 Dr. Braun: Ich war nur in der Garderobe bei der Kore-
500 2921 2124 3087 da. Sie hat nich dringend bitten lesgen.
