2888 3576
652 351 1992 547 schnach. Eigensinnig aber schwach.
652 492 2597 715 Karl dern: Auf diese Art Wenschen hat nur leider
655 642 2476 838 jeder Einfluss. Und man kann doch nicht inner
657 798 1598 971 gerede zuletzt da sein.
645 850 2569 1091 Helensi Da haben die freilich Recht. Zweifellos
660 1046 2441 1224 steckt er in irgend einer Liebesgeschichte.
665 1179 2245 1325 Karl Berni Das kann man immer annehmen.
655 1289 2639 1490 Helens: Dergleichen habe ich schon bei ihm mitge-
657 1430 2602 1623 macht. Es hat immer mit einer Entt채uschung geen-
667 1553 2531 1736 det. Man m체sste ihm endlich klar machen,-dass:
672 1711 2215 1864 dass - kein Frauenzimmer was wert ist.
670 1829 2060 1999 Karl Bern: Das soll ich ihm sagen?
672 1952 1691 2117 Helene: Etwas in der Art.
677 2075 2506 2280 Karl Bern: Wenn es aver gegen meine Ueberzeugt
682 2250 903 2411 marel
677 2356 2561 2541 Helene: Das ist es ja nicht. Nach Ihren St체cken
685 2494 1302 2662 zu schliessen-
680 2561 2697 2810 kerl bern: Sie werden sie doch nicht an Ende ernst
682 2777 983 2903 nehmen?
670 2883 1252 3003 Belene:(lachtl
1081 2925 2707 3051 tritt zu Helene, w채hrend Richard noch mit
720 2998 1031 3071 Mathild
1084 3051 1372 3131 sprichtl
687 3056 1019 3133 Fr.Vetth
1084 3091 2627 3266 zu Refenel diso, wenn du mit uns konnen
733 3123 1019 3219 sthiioe
755 3191 928 3269 IIst
733 3196 2725 3382 elenei Gern.(zu Kerll Aur Wiedersehen also morgen.
