2808 3416
2340 167 2611 365 5778
537 344 1764 526 Methilde ofrtziell verlobt ist
539 467 1340 626 Richera: Richt mehr.
550 620 1306 758 Inenig: Mahrheftig
545 730 2520 907 Richard: Es war Nahnwitzl Sinniose Uebereilung. Ma-
539 857 2544 1035 thilde mut fühlt es. Jetzt kenne ich meine Pflicht
526 977 2452 1157 Ludnig! In Lebesdingen Aetuckt gibt es so wenig
526 1113 2546 1280 Erlichten als Rechteug
529 1238 2450 1420 Mez du wirst es noch erfahren, mein freund. (er
532 1373 1418 1546 wendet sich zum Gehenl
526 1496 2486 1660 Richard: Andntahrdtrnge Ich verlange das
521 1626 2119 1788 Zautgetamete Nort von dir-
511 1744 2523 1936 Ludrigilraschl Nach sich nicht lächerlich. Rast de
524 1913 1788 2064 noch keinesfsbrochent lrasch abl
519 2012 2611 2247 Richerd: leihen lagenblick unbeneglich, dann Senogung.
516 2142 2460 2296 als wollte er rechts ab. Die Füre der Loge öffnet
521 2294 2494 2434 sich, Mathilde sieht ängetlich heraus. Wie sie Hi-
508 2432 2489 2585 chard sieht, lachelt sie in wie befreit, doch verdü-
498 2570 1970 2747 stert sich ihr Aatlitz gleioh wieder)
508 2671 782 2768 dertui
506 2739 1235 2893 Mathilde: Richera!
506 2862 2499 3028 Irren Veith sieht von der Logenbrüstung her zu den
506 2997 2356 3190 Betdon. Richerd und Kathilde treten hinein. Die
