2872 3528
621 500 1435 697 Eicherd:(wird enfner
631 653 2447 806 Tregulein: Das war noch die Einzige. Antzdem
607 799 1073 971 Aertatente
609 939 1760 1097 Gregor: Hat denn die Talent?
607 1041 2546 1248 Karl Bern: (zu John) Wie stellen Sie sich das vor
604 1192 1867 1372 ein paar Tage vor der Premiöre?
607 1323 2488 1495 Dr. Braun: Verschieben müssen wir ja jedenfalls.
658 1464 1893 1612 regulein: Schöne Augen hat sie.
612 1588 1291 1755 Dogelmann: (lacht)
609 1711 2476 1874 Dregulein: (etwas gereizt) Und Talent; auch wenn
595 1852 2464 1993 sie sich nicht von dir in den Hintern zwicken
597 1991 857 2146 lasst.
600 2109 2056 2272 Dögelmann: Ruhig, vierzehnter Funuch.
604 2250 2459 2398 Gregor: Was man so bisher von ihr gesehen hat.
619 2333 2542 2534 (zu Karl Dernl übrigene spielt JJa schon in ihrem
590 2500 888 2658 Stuck.
587 2617 2338 2792 Barl Bern: Die Runt liesse sich unbesetzen.
592 2753 2418 2947 John: (zu Gregor) In der Frecheinung möcht sie
597 2894 1937 3034 doch viel besser zu Ihnen passen.
592 3020 2539 3224 herl bern: Narten wir doch die morgige Probe eb.
