2856 3416
2251 289 2415 412 169
1215 346 1403 447 weiss
748 387 2216 565 Richard: Sie xxex, warum du hier bist?
733 520 2578 688 Ludwig: Sie wird alles wissen. - immer und ich
730 648 956 806 auch.
725 758 2432 944 Hicherd: Du spielst ein gefährliches Spiel.
720 906 2666 1049 Ludwig: In der Liebe gibt es keine andern. Uebri-
720 1047 2588 1220 gens, lasg dir gratulieren - zu deiner Verlobung
708 1160 1247 1333 mit Mathilde.
703 1303 1983 1453 Richard: Es ist nicht offiziell.
705 1453 2455 1599 Ludwig: Es hat schon angefangen. Auf morgen!
740 1551 2691 1752 ichard: Du musst dich nicht beeilen. Franzi tritt
690 1694 1355 1845 erst später auf.
690 1805 2618 1980 Ludwig: Ach so - nun jal Ich hab es ja die ganze
695 1950 2477 2128 Zeit vermutet. Uebrigens haet du ganz vorzüg-
690 2063 2455 2236 lich Komödie gespielt. Warum eigentlich? Ich
680 2196 2400 2352 hatte dir's so wenig übel genommen als ihr.
680 2327 2518 2500 Richerd: Ich mache dich nur aufmerksan, dass du
675 2467 1963 2638 keinerlet Rechte an Franzi hast.
688 2570 1295 2741 fadnig: Und du?
655 2666 2513 2859 Richard: Ich bin nicht verlobt. Auch Mathilde
665 2804 2349 3002 meiss es. Ichmeiss, was meine Fflicht ist.
660 2942 2678 3168 läänig: In Liebesdingen gibt es so wenig Pflichten
