3096 3480
2515 397 2685 531 168
775 589 1984 757 "Richard: (will in seine Jogel
836 725 2693 901 (in diesem Egenblick rasch über die Stiege, Dr.
830 878 2719 1035 Zudnig Gerold, dunkler Ueberzicher, hinaufgeschla-
830 1004 1356 1151 gener Kragen)
825 1135 1986 1301 Richard:(höchst erstannt) Du?
828 1264 2693 1421 Judwig: Wie du siehet. Ich habe einen ganz ver-
817 1403 2664 1542 steckten Platz,Galerie.kein Bekannter hat mich
820 1516 2730 1700 gesehen. Nar mir auch ziemlich gleichgültig. Was
822 1655 2730 1831 sagst du zu Franki? Wundervoll, nicht wahr? Warum
817 1771 2491 1947 hast du mmir ührigene nicht telegraphiert?
817 1908 2249 2091 Kichard: Ich habe dir telegraphiert.
809 2073 2796 2225 Ludwig: Dur das Unglück mit meinem Schwiegervater,
812 2191 1721 2354 aber nichts von Franzi.
807 2312 2914 2491 Richard: ie hat sich nicht ungebracht, wie du siehet.
815 2449 2888 2625 Ludwig: Sie hat das bestere Teil erwählt, der Sohnerz
809 2580 2599 2740 hat sie zu einer grossen Künstlerin gemacht.
804 2709 2793 2890 Richard: Weise Antoinette, dass du im Theater bist?
794 2835 2838 3016 Judwig; Selbetverständlich. Sie war es ja, die mich
796 2956 2822 3156 gestern auf die Notiz in der Zeitung aufmerksan ge-
