2840 3464
768 381 1669 549 nicht wieder davon an.
792 525 2310 684 (Leni kommt herein, serviert ab, bringt
778 655 1395 761 zweite Gericht)
768 759 2611 927 Franzi: Uebrigens bin ich gar nicht überzeugt,
766 913 2510 1062 dass wir Sanstag die Première haben werden.
1920 1014 2471 1113 dem Regisseur
778 1033 2589 1197 Die Roveda will nicht recht. Heut hat sie die
766 1144 1951 1334 Rolle xmkank hingeschmissen.
759 1286 1542 1457 Richard: Ich weiss.
766 1419 2705 1611 Franzi: Wieso? das ist doch erst heute Vormittag
768 1575 1144 1693 passiert?
764 1633 2630 1848 Richard: Ja. Und da ich heute Nachmittag Herrn
754 1826 1648 1961 Bern gesprochen habe-
800 1966 1424 2120 ranzi: No denn?
761 2081 2334 2214 Hichard: (unbetont) Bei einer Hochzeit.
756 2173 1496 2334 Iteni abl. Sausel.
754 2339 2031 2495 Franzi: Heute war die Hochzeit?
744 2440 2532 2609 Richard: ltellt vor, bedient sich gleichfalist
756 2604 2536 2770 tronisch, ungläubig) Ach, du hast es gar nicht
756 2736 1106 2881 gemusst?
756 2811 2430 3078 tranzt: so nahr ich - du hestseir je kein
