3048 3512
2419 397 2565 565 230
711 544 2714 722 Dregulein: (tritt zu Ludwig hin) Mein Name ist Dre-
717 696 1022 832 gulein.
722 818 1613 986 Ludwig: Doktor Gerold.
722 926 2775 1119 Pregulein: Entschuldigen Sie. Die dunkelroten Rosen
719 1098 1885 1247 sind wohl von Ihnen gekommen?
717 1200 2505 1373 Ludwig: (abwehrend) Ich weise nicht, inwiefern
711 1355 2683 1517 Sie hat also die Blumen noch in Empfang genommen?
719 1472 2163 1642 Dregulein: Jawohl. Auch Ihren Brief.
717 1621 2678 1791 xegatatn Ludwig: Sie halten es für möglich, dass
703 1749 2612 1946 hier ein Zusammenhang - - Hat sie vielleicht ir-
717 1878 1844 2061 gend eine Benerkung gemacht?
711 2016 1776 2199 Pregulein: Hakkar (nickt)
703 2155 1815 2330 Ludwig: Und darf man wiesen.
701 2286 2450 2453 Pregulein:Ich kann nichts datfür,-abaxxannx
709 2432 1436 2581 tudwig: Ich bitte.
703 2557 2809 2759 Dregule in: Wen Sie Wert darauf legen,-aber vielleich
698 2704 2102 2858 ist es gar nicht in ihrem Einne --
701 2824 1674 2997 Ludwig: (ungeduldig) Nun?
698 2981 2385 3130 Dregulein: Oder vieleicht ist es auch ganz
680 3101 957 3237 Sinne.
