<?xml version="1.0" encoding="UTF-8" standalone="yes"?>
<PcGts xmlns="http://schema.primaresearch.org/PAGE/gts/pagecontent/2013-07-15" xmlns:xsi="http://www.w3.org/2001/XMLSchema-instance" xsi:schemaLocation="http://schema.primaresearch.org/PAGE/gts/pagecontent/2013-07-15 http://schema.primaresearch.org/PAGE/gts/pagecontent/2013-07-15/pagecontent.xsd">
    <Metadata>
        <Creator>prov=READ-COOP:name=PyLaia@TranskribusPlatform:version=2.7.0:model_id=50870:lm=none:date=22_01_2024_16:59</Creator>
        <Created>2023-09-27T14:32:35.709+02:00</Created>
        <LastChange>2024-01-22T16:59:53.838+01:00</LastChange>
        <TranskribusMetadata docId="1589029" pageId="60122739" pageNr="168" tsid="145626814" status="IN_PROGRESS" userId="40391" imgUrl="https://files.transkribus.eu/Get?id=HXKYEBGXMQQURSFRTNKTSATL&amp;fileType=view" xmlUrl="https://files.transkribus.eu/Get?id=MRLJJTOABBVGQKAETYQANPGJ" imageId="48547817"/>
    </Metadata>
    <Page imageFilename="1589029_0168.jpg" imageWidth="2824" imageHeight="3480">
        <ReadingOrder>
            <OrderedGroup id="ro_1711795133610" caption="Regions reading order">
                <RegionRefIndexed index="0" regionRef="tr_1"/>
            </OrderedGroup>
        </ReadingOrder>
        <TextRegion orientation="0.0" id="tr_1" custom="readingOrder {index:0;}">
            <Coords points="701,370 701,3083 2638,3083 2638,370"/>
            <TextLine id="tr_1_tl_1" custom="readingOrder {index:0;}">
                <Coords points="2275,460 2297,460 2311,472 2335,472 2379,453 2393,455 2403,446 2425,448 2425,351 2403,356 2372,346 2360,356 2311,346 2294,354 2275,351"/>
                <Baseline points="2289,432 2317,434 2346,436 2374,438 2403,436 2432,432"/>
                <TextEquiv>
                    <Unicode>242</Unicode>
                </TextEquiv>
            </TextLine>
            <TextLine id="tr_1_tl_2" custom="readingOrder {index:1;}">
                <Coords points="712,610 896,586 984,630 1066,584 1296,574 2393,608 2396,484 2209,460 2074,497 1681,441 1584,492 1228,448 1119,499 950,441 715,492"/>
                <Baseline points="725,570 808,576 892,577 975,578 1059,576 1142,579 1226,576 1309,576 1393,576 1476,576 1560,576 1644,576 1727,576 1811,573 1894,571 1978,568 2061,570 2145,567 2228,567 2312,567 2396,567"/>
                <TextEquiv>
                    <Unicode>In zehn Jahren vielleicht. Wenn ich einmal</Unicode>
                </TextEquiv>
            </TextLine>
            <TextLine id="tr_1_tl_3" custom="readingOrder {index:2;}">
                <Coords points="703,739 1659,712 1831,746 1933,712 2127,773 2282,719 2471,751 2471,615 2326,601 2168,637 1810,596 1512,652 703,618"/>
                <Baseline points="716,698 804,705 892,709 980,707 1068,707 1156,706 1244,707 1332,705 1420,707 1508,707 1596,707 1684,706 1772,702 1860,701 1948,701 2036,701 2124,701 2212,698 2300,698 2388,695 2477,695"/>
                <TextEquiv>
                    <Unicode>Witwe bin oder geschiedene Frau.Aber der ist</Unicode>
                </TextEquiv>
            </TextLine>
            <TextLine id="tr_1_tl_4" custom="readingOrder {index:3;}">
                <Coords points="693,843 1403,884 1611,838 2003,870 2219,833 2536,884 2536,787 2454,746 2277,790 2204,751 1785,790 1621,722 1546,753 1068,727 942,778 795,727 693,746"/>
                <Baseline points="707,838 798,838 890,838 982,841 1074,837 1165,836 1257,836 1349,835 1441,835 1532,835 1624,835 1716,832 1808,833 1899,832 1991,830 2083,829 2175,826 2266,828 2358,826 2450,826 2542,826"/>
                <TextEquiv>
                    <Unicode>nichts für relativ anständige Mädchen wie wir.</Unicode>
                </TextEquiv>
            </TextLine>
            <TextLine id="tr_1_tl_5" custom="readingOrder {index:4;}">
                <Coords points="703,988 1034,1015 1621,976 1802,1022 2163,967 2464,1005 2444,858 2190,904 2049,848 1667,853 1589,894 705,848"/>
                <Baseline points="719,969 806,969 894,969 981,969 1069,969 1157,969 1244,966 1332,966 1419,968 1507,966 1595,965 1682,967 1770,965 1857,964 1945,964 2033,961 2120,964 2208,961 2295,961 2383,961 2471,955"/>
                <TextEquiv>
                    <Unicode>Pärdon, relattv bezieht sieffnatürlich nur auf</Unicode>
                </TextEquiv>
            </TextLine>
            <TextLine id="tr_1_tl_6" custom="readingOrder {index:5;}">
                <Coords points="700,1124 722,1131 775,1114 795,1129 809,1124 843,1136 923,1114 923,1017 879,1030 855,1010 807,1030 792,1015 770,1025 746,1020 727,1003 700,1013"/>
                <Baseline points="713,1098 739,1100 766,1100 793,1099 820,1098 847,1098 874,1100 901,1102 928,1104"/>
                <TextEquiv>
                    <Unicode>mich.</Unicode>
                </TextEquiv>
            </TextLine>
            <TextLine id="tr_1_tl_7" custom="readingOrder {index:6;}">
                <Coords points="700,1231 1487,1277 1669,1238 2146,1274 2204,1235 2505,1238 2505,1114 2335,1134 2267,1083 1931,1134 1553,1078 1170,1160 700,1124"/>
                <Baseline points="713,1220 802,1223 892,1232 982,1232 1072,1232 1162,1223 1252,1226 1341,1226 1431,1226 1521,1226 1611,1226 1701,1226 1791,1226 1881,1223 1970,1223 2060,1223 2150,1223 2240,1223 2330,1223 2420,1220 2510,1223"/>
                <TextEquiv>
                    <Unicode>Methiflde: Mach dich doch nicht schlechter als</Unicode>
                </TextEquiv>
            </TextLine>
            <TextLine id="tr_1_tl_8" custom="readingOrder {index:7;}">
                <Coords points="703,1393 780,1388 807,1405 836,1388 853,1398 942,1376 967,1393 1003,1364 1039,1371 1037,1284 952,1296 904,1267 858,1284 831,1269 809,1289 758,1272 700,1279"/>
                <Baseline points="713,1354 738,1354 763,1354 789,1354 814,1355 840,1357 865,1356 891,1354 916,1356 942,1357 967,1357 993,1357 1018,1357 1044,1363"/>
                <TextEquiv>
                    <Unicode>au bist.</Unicode>
                </TextEquiv>
            </TextLine>
            <TextLine id="tr_1_tl_9" custom="readingOrder {index:8;}">
                <Coords points="703,1497 1468,1492 1519,1524 1560,1492 1730,1529 1914,1485 2590,1555 2592,1403 2384,1344 2079,1400 1584,1342 1088,1407 705,1395"/>
                <Baseline points="716,1489 809,1489 903,1489 997,1485 1091,1485 1185,1486 1279,1486 1372,1486 1466,1486 1560,1483 1654,1483 1748,1486 1842,1482 1936,1482 2029,1479 2123,1480 2217,1483 2311,1480 2405,1479 2499,1480 2593,1474"/>
                <TextEquiv>
                    <Unicode>Hetene- Oder benrer,Vebrigen ist Hichard nicht</Unicode>
                </TextEquiv>
            </TextLine>
            <TextLine id="tr_1_tl_10" custom="readingOrder {index:9;}">
                <Coords points="717,1667 782,1650 826,1659 843,1645 865,1657 911,1655 925,1640 962,1635 991,1652 1030,1645 1027,1550 1005,1550 974,1524 957,1533 942,1521 916,1541 894,1526 858,1536 816,1521 768,1524 756,1536 715,1529"/>
                <Baseline points="731,1614 756,1614 781,1614 807,1614 832,1614 857,1614 883,1615 908,1617 933,1617 959,1617 984,1617 1009,1617 1035,1617"/>
                <TextEquiv>
                    <Unicode>zuhause.</Unicode>
                </TextEquiv>
            </TextLine>
            <TextLine id="tr_1_tl_11" custom="readingOrder {index:10;}">
                <Coords points="703,1802 1117,1805 1221,1756 1461,1747 1519,1788 2221,1749 2396,1793 2396,1642 2234,1684 1885,1640 703,1664"/>
                <Baseline points="716,1742 800,1745 884,1745 968,1748 1053,1745 1137,1743 1221,1745 1306,1745 1390,1745 1474,1742 1559,1742 1643,1742 1727,1742 1811,1744 1896,1742 1980,1742 2064,1742 2149,1742 2233,1742 2317,1742 2402,1745"/>
                <TextEquiv>
                    <Unicode>Mathälde: Ich habe nicht nach ihn gefragt.</Unicode>
                </TextEquiv>
            </TextLine>
            <TextLine id="tr_1_tl_12" custom="readingOrder {index:11;}">
                <Coords points="710,1882 1841,1919 1841,1831 1657,1834 1500,1776 710,1805"/>
                <Baseline points="722,1877 778,1874 834,1874 890,1876 947,1877 1003,1875 1059,1877 1115,1877 1172,1874 1228,1875 1284,1877 1340,1877 1397,1874 1453,1875 1509,1879 1565,1877 1622,1880 1678,1879 1734,1879 1790,1880 1847,1877"/>
                <TextEquiv>
                    <Unicode>Helene: Mit den Augen schon.</Unicode>
                </TextEquiv>
            </TextLine>
            <TextLine id="tr_1_tl_13" custom="readingOrder {index:12;}">
                <Coords points="710,2059 1674,2013 1894,2066 2001,2018 2442,2076 2418,1892 2226,1936 1945,1892 1507,1933 1383,1899 1238,1940 1017,1882 710,1882"/>
                <Baseline points="722,2002 808,2005 894,2005 980,2005 1067,2003 1153,2005 1239,2007 1325,2011 1412,2011 1498,2011 1584,2011 1670,2011 1757,2011 1843,2011 1929,2008 2015,2011 2102,2011 2188,2009 2274,2011 2360,2010 2447,2008"/>
                <TextEquiv>
                    <Unicode>Mathilde: Da neiest noch inner nichtiner es</Unicode>
                </TextEquiv>
            </TextLine>
            <TextLine id="tr_1_tl_14" custom="readingOrder {index:13;}">
                <Coords points="705,2161 729,2171 746,2163 785,2183 809,2168 845,2171 860,2158 901,2163 904,2064 867,2059 850,2047 828,2054 799,2045 780,2054 758,2045 724,2059 707,2057"/>
                <Baseline points="719,2142 745,2142 772,2142 799,2140 826,2139 853,2139 880,2139 907,2139"/>
                <TextEquiv>
                    <Unicode>ist2</Unicode>
                </TextEquiv>
            </TextLine>
            <TextLine id="tr_1_tl_15" custom="readingOrder {index:14;}">
                <Coords points="715,2275 981,2270 1114,2338 1240,2272 1587,2306 2091,2270 2318,2326 2447,2280 2447,2185 2224,2151 2132,2190 1972,2144 1567,2173 1378,2139 1160,2204 945,2139 715,2166"/>
                <Baseline points="728,2265 814,2266 900,2267 986,2265 1073,2267 1159,2265 1245,2262 1331,2268 1418,2265 1504,2265 1590,2265 1676,2265 1763,2261 1849,2262 1935,2263 2021,2262 2108,2262 2194,2262 2280,2259 2366,2262 2453,2259"/>
                <TextEquiv>
                    <Unicode>Helene: Aicht die leigeste Ahnung. Aber das</Unicode>
                </TextEquiv>
            </TextLine>
            <TextLine id="tr_1_tl_16" custom="readingOrder {index:15;}">
                <Coords points="688,2425 1192,2439 1286,2403 1364,2449 1659,2406 1902,2447 2129,2401 2236,2452 2493,2413 2631,2447 2631,2343 2437,2301 688,2321"/>
                <Baseline points="701,2393 797,2393 894,2396 991,2394 1088,2396 1185,2393 1282,2395 1378,2396 1475,2393 1572,2393 1669,2393 1766,2392 1863,2391 1960,2390 2056,2390 2153,2390 2250,2391 2347,2391 2444,2392 2541,2393 2638,2390"/>
                <TextEquiv>
                    <Unicode>HathtzaexKrakarhaxxexIExdackxaaaxFAALEx</Unicode>
                </TextEquiv>
            </TextLine>
            <TextLine id="tr_1_tl_17" custom="readingOrder {index:16;}">
                <Coords points="698,2541 2345,2553 2345,2435 2151,2466 1831,2425 1705,2471 1548,2422 1330,2456 1083,2415 698,2432"/>
                <Baseline points="710,2521 792,2521 874,2524 956,2526 1038,2524 1120,2524 1202,2527 1284,2527 1366,2525 1448,2524 1530,2524 1612,2521 1694,2521 1776,2521 1858,2522 1940,2521 2022,2521 2104,2521 2186,2521 2268,2521 2351,2524"/>
                <TextEquiv>
                    <Unicode>Eine ist sicher, es währt nicht mehr lang.</Unicode>
                </TextEquiv>
            </TextLine>
            <TextLine id="tr_1_tl_18" custom="readingOrder {index:17;}">
                <Coords points="705,2662 1080,2657 1313,2706 1882,2660 2088,2704 2282,2662 2282,2563 2069,2578 1919,2529 1565,2590 1376,2536 1223,2582 1110,2544 996,2597 705,2541"/>
                <Baseline points="719,2656 797,2656 876,2659 954,2657 1033,2659 1111,2654 1190,2657 1268,2661 1347,2662 1425,2665 1504,2662 1582,2661 1661,2659 1739,2659 1818,2659 1896,2659 1975,2659 2053,2660 2132,2660 2210,2656 2289,2653"/>
                <TextEquiv>
                    <Unicode>Mathilde: Woher weisst du das so genau?</Unicode>
                </TextEquiv>
            </TextLine>
            <TextLine id="tr_1_tl_19" custom="readingOrder {index:18;}">
                <Coords points="715,2822 1051,2854 1148,2791 1318,2822 1555,2788 1659,2825 1790,2783 1880,2825 2137,2783 2202,2829 2323,2791 2485,2817 2485,2699 2369,2682 715,2704"/>
                <Baseline points="728,2781 816,2784 904,2787 992,2787 1080,2787 1169,2784 1257,2784 1345,2784 1433,2784 1521,2782 1610,2782 1698,2784 1786,2782 1874,2783 1962,2781 2051,2782 2139,2781 2227,2781 2315,2781 2403,2781 2492,2784"/>
                <TextEquiv>
                    <Unicode>Relene: Ich kenn ihn doch. Ich hab es inner</Unicode>
                </TextEquiv>
            </TextLine>
            <TextLine id="tr_1_tl_20" custom="readingOrder {index:19;}">
                <Coords points="700,2924 804,2958 877,2917 952,2965 1126,2919 1248,2960 1444,2919 2122,2963 2391,2912 2587,2931 2587,2859 2418,2808 2284,2859 2032,2817 1911,2885 1642,2837 1565,2876 1298,2825 1129,2876 988,2832 700,2842"/>
                <Baseline points="713,2915 806,2915 900,2916 994,2917 1088,2915 1182,2918 1276,2915 1369,2915 1463,2915 1557,2915 1651,2912 1745,2912 1839,2912 1933,2912 2026,2911 2120,2914 2214,2912 2308,2910 2402,2910 2496,2906 2590,2909"/>
                <TextEquiv>
                    <Unicode>vor ihm gewusst, wenn etwas zu Ende ging. Denke</Unicode>
                </TextEquiv>
            </TextLine>
            <TextLine id="tr_1_tl_21" custom="readingOrder {index:20;}">
                <Coords points="698,3110 894,3137 1049,3060 1172,3115 1313,3057 2023,3106 2243,3052 2597,3103 2597,2958 2088,3001 1894,2946 1153,2980 858,2929 698,2977"/>
                <Baseline points="710,3047 804,3047 899,3047 993,3052 1088,3049 1183,3049 1277,3048 1372,3047 1466,3044 1561,3047 1656,3047 1750,3045 1845,3047 1939,3047 2034,3045 2129,3044 2223,3044 2318,3041 2412,3044 2507,3044 2602,3047"/>
                <TextEquiv>
                    <Unicode>doch, dass ich inner auch ein wenig seine Mutter</Unicode>
                </TextEquiv>
            </TextLine>
            <TextEquiv>
                <Unicode></Unicode>
            </TextEquiv>
        </TextRegion>
    </Page>
</PcGts>
