2808 3416
2174 214 2340 404 221
692 404 894 531 gen.
706 511 2535 657 Richard: O;keineswegs. Ich benötige das Zimmer
694 650 1161 804 nicht mehr.
699 774 2644 894 Baronin: (etwas befremdet) Ja, -selbstverständlich-
696 899 2608 1059 ich hab nämlich in der Zeitung gelesen, Herr Dok-
694 1025 2145 1200 tor- Herr Doktor haben sich verlobt.
692 1166 1298 1330 Richerd: (nicktl
699 1271 2579 1449 Baronin: Denötigen das Zinner vielleicht für si-
692 1410 2605 1566 nen Freund? Es wird sich jedesfalls ein Aprange-
684 1539 2496 1704 ment treffen lassen. Nur in den allernächsten
687 1668 2535 1846 Tagen. Agut Früh ist nämlich mein Schwager aus
687 1802 2493 1975 Graz mit seiner Frau angekommen. Der hat mich
687 1926 2257 2099 gebeten, ob er nicht ein bie zwei Tage-
696 2065 2569 2221 Eichard: Aber ich bitte, Sie haben ja das Verfü-
696 2179 2549 2364 gungsrecht, (er schneigt wieder und sieht sich
692 2330 1225 2489 in Zinner und
692 2428 2647 2635 Baronini(imner befrendeter) Der Herr Doktor haben
694 2591 2566 2744 vielleicht beim letzten Mal etwas da vergesgen?
682 2713 1403 2888 Richard: Vechneigt)
687 2834 2510 3019 Berontn: 1ofenet die Rüre fest stwas beängetigt
694 2973 1449 3173 und raft nach Loull
