2904 3576
597 482 2311 692 Dögelmannt Gute Nacht-tza Löbteint Wie get
606 650 1817 809 aio beschtchte eigentlich aus?
621 775 2423 973 Bernilkomnt von rechts, sicht sohn nach, zu Löb-
606 919 1531 1086 lein(mer mer denn des
606 1044 2491 1220 Zxblein: Herr John. So wollte er auf die Bühne.
621 1166 2286 1347 Ich habe ihn in seine Garderobe geschickt.
606 1315 2379 1509 Karl Bern: Marum dem? Er sah sehr originell
614 1457 782 1631 aus.
614 1570 2183 1738 Eöblein: Originell. Man hätte gebrüllt.
616 1672 2501 1883 Karl Bern: Wer vielleicht gar nicht so schlecht
611 1839 2545 2020 gemeren, wenn man dem Publikum vor dem tragischen
614 1958 2381 2156 Schluss ein wenig Gelegenheit zur Heiterkeit
614 2122 1205 2296 gegeben hätte.
616 2240 2579 2421 Lyblein: So, Sie halten den Schluss für tregischt
1335 2330 1665 2423 sie bedect
623 2359 2469 2545 Kerl Bern: Sie halten oftenbar nur den Tod für
628 2460 2513 2665 eine tregische Angelegenheit. Mit diesen Vorur-
628 2641 2313 2819 teil muss gebröchen werden, Herr Regisseur.
631 2765 2443 2941 Dogelmann: Wie geht die Sache eigentlich ausz
619 2917 2399 3108 Karl dern: Ach, Sie kennen den Schluss meines
