2888 3560
587 448 991 551 Antoinetie
1181 453 1917 559 Et jetzt zu ihnen)
1955 473 2162 630 (sagt
592 544 1907 637 etwas über Vebernahme der Praxis)
589 609 2283 731 Rickard: (zu Hefene) Also, wenn du auf mich
2397 609 2567 733 rten
582 716 2344 880 willst - ichmöchte xoxh nur noch frau Reith
574 827 2448 1034 und Matheide Adieu sagen.(er geht zu ihnen hin-
574 971 2521 1148 Antoinettd: (zu Helene) Wie Sie strahlt, wenn dein
569 1108 1838 1214 Bruder nur die Gewogenheit hat:
571 1194 1128 1267 Hexanex Helent
561 1242 2460 1419 ExtanerIch Fütchtessie wird ihn imner unglück-
566 1373 1062 1487 lihh lieben.
566 1406 2463 1646 Antoinette: Ich glanbe, man liebt die Männey in-
561 1512 1004 1629 AEKxEE
554 1626 2552 1800 mer unglügklich. Aber die uns gewissgrmassen auch,
544 1747 1431 1950 Richarg.(zu Mathildel
541 1884 2577 2079 Matyhlde: Woher haben Sie desnur plötzlich erfah-
559 2000 1621 2172 ndesen
541 2124 2407 2359 Richard: Das Beste hebt man sich inner für den
539 2273 1044 2417 Schluss auf.
529 2377 2516 2635 Ugthilde: Sehr liebensmürdig, manchmal aber wirdie
541 2524 1803 2668 zu spät, heute zum Beispiel. Kir
523 2650 2036 2865 Pr. Veith: Wir eine eben im Weggehen.
529 2794 2428 2997 Eichardi Sehr schade. Mann darf ich denn wieder
531 2936 1712 3080 einmal zu Ihnen hinaufkommen?
513 3037 2430 3323 votrriesilobeiehttich hürdl Sagen Sie siehdoch
1540 3244 1793 3432 rauen
1841 3315 2157 3424 Zweimal
