2856 3480
218 241 639 395 12,7. 1928.
703 393 2433 584 Franzi: Mit Herrn Bern? Befreundet gar? Das
703 523 1742 717 hab ich gar nicht gewusst.
705 684 2520 831 Richard: Sagen wir - gut bekannt. Wir treffen
705 795 2231 970 uns beinahe jeden Abend im Kaffeehaus.
705 928 1519 1081 Franzi: Jeden Abend?
700 1062 2482 1264 Richard: Wenn es nicht gar zu spät wird. Das
700 1197 1316 1349 weisst du doch.
696 1309 1633 1503 Franzi: Im Theatereafé?
700 1453 2598 1621 Richard: Vor ein paar Tagen habe ich auch einen
705 1602 2399 1751 Kollegen von dir kennen gelernt.Sehr guten
700 1718 1273 1881 Schäckspieler.
705 1848 1581 1992 Franzi: Wie heisst ert
686 1971 1907 2175 Richard: Dregulein glaube ich.
703 2085 2593 2291 Franzi: Ja, das ist ein netter Mensch. Ich glaub
700 2262 1876 2397 sogar ein anständiger Mensch.
698 2383 1910 2515 AAchard: Warum betonst du das?
703 2492 2582 2669 Franzi: Na, es sind nicht alle gleich,wie du die
698 2636 1283 2790 denken kannst.
703 2759 1590 2899 Richard: Zudringlich ?
700 2877 2508 3086 Frepzl: Menche bilden sich natürlich ein, dass
689 3043 2508 3218 man ale jünge Schauspielerin - ach, fangen wir
