2792 3384
1233 294 1668 539 e S1e. 58ge
2161 281 2336 549 on.
508 356 1086 567 Karl berni. 111.
1380 523 1635 640 re et
2220 536 2401 624 fest:
508 534 1503 701 Geben die sie auf,es wale
511 660 805 792 halten.
511 745 2290 962 kommen Sie mir nicht mit meinem Stück, es behe
508 908 2383 1104 die Missverkiängnisse einer vergangenen Ppoche.
508 1042 2514 1207 Riehard: In den befünten hat sieh nichte geändert
516 1181 2434 1341 Ex gibt auch heute noch frauen, die sich aus ver-
508 1307 1795 1465 ratener liebe töten, Männer auch.
521 1413 2465 1604 karl vern: Aber sie sinddam altmodisch,sie sind
516 1570 2421 1733 ein bischen lächerlich. Es gibt noch solche Din-
673 1674 2362 1867 ber es darf sie nicht geben. Uebergang. Da
557 1823 2478 2001 sehen immer einige Leute zugrunde. Aile Hemmungen
1235 1926 2509 2127 leppen noch alte Vorurteile mit.
511 1965 985 2109 fallen weg.
1271 2084 1702 2238 jetzt neue.
505 2081 993 2236 Richard: Wir
1021 2089 1238 2246 heben
508 2223 2581 2380 Karl bern: Aber für Fraulein triesel garantiere ich.
521 2349 1166 2512 Une fur sie auch
505 2465 2393 2648 die muee noch Liebhaber haben, alk rlei erleben.
503 2594 2429 2790 Jetaen una leigen machen. Dase Sie sie verlassen
513 2744 1712 2888 kann sie zur künstlerin machen.
1132 2878 2447 3043 raen mich für töricht: walten. Ich
588 2883 879 3040 cherd:
