2856 3480
691 446 2535 638 da einige sehr schöne alte Möbel, Frau Baronin.
687 587 2625 757 Baronin: Es freut mich, dass es Ihnen bei mir ge-
694 752 2538 881 fallt. Und im Frühjahr wird es Ihnen noch bes-
694 852 2518 1036 ser gefallen. Da kommt ein wunderbarer Geruch
1769 968 2028 1063 que 6
691 990 2499 1162 aus dem Park. xx C’est comme (la chambre eile-
682 1104 2494 1283 même serai pleine de Ffleurs. Wenn Sie abends
691 1257 2387 1402 oder in der Nacht das Fenster often haben
674 1373 2140 1555 Richard: Noch lang bis zum Frühjahr.
691 1499 1055 1674 (klingel)
679 1630 2492 1815 Baronin: Cest Teni. Elle est sorti sans olef
670 1766 2053 1936 comme toux jours. Dumnes Ding. (abl
672 1902 2518 2036 Franzi: (macht sich noch am Tisch zu shhaffen.)
679 2053 2533 2201 Warum hast du das gesagt, dass bis zum Frühjahr
670 2184 1250 2319 noch lang ist?
667 2286 2613 2470 Richard: Das ist doch eine unbestreitbare Wahr-
667 2431 876 2591 heit.
655 2538 2499 2754 Lentiltritt ein mit der Vorspelse.Die Beronin
667 2683 2599 2824 folgt ihr, bringt noch etwas an Tisch in Ordnung)
662 2848 1713 2982 Baronin: Madame est servi.
655 2933 2196 3086 Richard: (steht auf, setztrsich zu Fisch
677 3108 2562 3305 (Baronin und Leni sprechen an der Rüre etwas zu
