2824 3432
558 462 1409 612 Roreda: Seit wenn bis
1606 452 2024 625 50 mild? P
551 612 838 755 hat sie
543 713 1419 883 Fernel: Und des Stückt
541 784 2304 1011 Roreda: fuf das Stück lese ich nichts konnen
538 974 1901 1133 Dieser junge Mensch ist ein vesur.
548 1111 2523 1247 Die Mutter Roveda: (aus der Loge, zu dermei) Sie wa-
543 1222 2449 1387 gen es schon wieder meine Tochter zu beheiligen.
511 1360 2454 1539 -Koreda: lass ihn, Mutter, er soll mich behelligen.
546 1475 2378 1645 Aermel: Ich versichere Sie, Dregulein, Sie waren
536 1608 2417 1792 der Einzige, der seiner Folle gewachsen mer. Sie
538 1743 2333 1923 sind eine Spezialität. Gie werden der Einzige
538 1854 2496 2090 sein, den ich schone.diesmal vernielte ich sie al-
534 2011 706 2132 ie.
536 2119 2316 2304 dregulein: Um Gotteswillen, tun Sie des nicht.
511 2301 2419 2424 Man könnte mich für einen lbonennten Ihres Blat-
529 2385 1244 2562 tes heiten. (ebl.
526 2530 2392 2675 Roveda: (zu dernel) Du siehst übel aus, Ergenchl!
524 2636 2397 2796 wes machst du denn inner, du Schurke? Du pfeifst
521 2786 1566 2953 wohl aus den letzten Loch?
507 2894 2481 3086 Hermel: Gebiete über nich, Roveda, ein wort und ich
