<?xml version="1.0" encoding="UTF-8" standalone="yes"?>
<PcGts xmlns="http://schema.primaresearch.org/PAGE/gts/pagecontent/2013-07-15" xmlns:xsi="http://www.w3.org/2001/XMLSchema-instance" xsi:schemaLocation="http://schema.primaresearch.org/PAGE/gts/pagecontent/2013-07-15 http://schema.primaresearch.org/PAGE/gts/pagecontent/2013-07-15/pagecontent.xsd">
    <Metadata>
        <Creator>prov=READ-COOP:name=PyLaia@TranskribusPlatform:version=2.7.0:model_id=50870:lm=none:date=22_01_2024_17:00</Creator>
        <Created>2023-09-27T14:32:45.832+02:00</Created>
        <LastChange>2024-01-22T17:00:06.944+01:00</LastChange>
        <TranskribusMetadata docId="1589029" pageId="60123090" pageNr="242" tsid="145626892" status="IN_PROGRESS" userId="40391" imgUrl="https://files.transkribus.eu/Get?id=WNGDVBVIVDUPEVDHTHUJHPWM&amp;fileType=view" xmlUrl="https://files.transkribus.eu/Get?id=IDQOEWYRXBTBRRRHGKZFLOXY" imageId="48548168"/>
    </Metadata>
    <Page imageFilename="1589029_0242.jpg" imageWidth="3064" imageHeight="3528">
        <ReadingOrder>
            <OrderedGroup id="ro_1711795244641" caption="Regions reading order">
                <RegionRefIndexed index="0" regionRef="tr_1"/>
            </OrderedGroup>
        </ReadingOrder>
        <TextRegion orientation="0.0" id="tr_1" custom="readingOrder {index:0;}">
            <Coords points="820,560 820,3268 2928,3268 2928,560"/>
            <TextLine id="tr_1_tl_1" custom="readingOrder {index:0;}">
                <Coords points="818,678 1095,706 1188,642 1917,686 2008,647 2192,706 2378,642 2590,660 2590,543 2556,538 2443,585 2023,530 1747,585 1377,533 1234,572 1180,528 1079,580 818,569"/>
                <Baseline points="832,626 920,629 1008,632 1096,628 1184,629 1273,632 1361,629 1449,632 1537,631 1625,629 1714,629 1802,628 1890,626 1978,626 2066,626 2155,626 2243,626 2331,623 2419,626 2507,620 2596,623"/>
                <TextEquiv>
                    <Unicode>Helene: Jedesfalle ist es das Beste, Vater, du</Unicode>
                </TextEquiv>
            </TextLine>
            <TextLine id="tr_1_tl_2" custom="readingOrder {index:1;}">
                <Coords points="815,818 1242,774 1659,789 1744,831 2008,781 2347,844 2784,805 2769,686 2272,732 2153,693 1992,727 1840,673 1744,717 1501,686 1395,730 1115,691 1007,730 815,673"/>
                <Baseline points="829,767 927,770 1025,770 1123,771 1221,767 1319,770 1417,770 1515,768 1613,769 1711,767 1809,767 1907,769 2005,767 2103,767 2201,764 2299,764 2397,764 2495,763 2593,762 2691,764 2790,764"/>
                <TextEquiv>
                    <Unicode>kümmerst dich vorläufig nicht weifer - (zu Frau</Unicode>
                </TextEquiv>
            </TextLine>
            <TextLine id="tr_1_tl_3" custom="readingOrder {index:2;}">
                <Coords points="828,944 1211,973 1371,908 1509,950 2073,919 2135,952 2274,900 2701,934 2805,906 2807,854 2318,820 2026,856 1827,800 1710,849 1477,867 1278,823 1100,869 831,820"/>
                <Baseline points="841,898 939,904 1038,905 1136,906 1235,904 1333,907 1432,906 1530,902 1629,901 1727,904 1826,904 1924,901 2023,898 2121,901 2220,899 2318,898 2417,899 2515,900 2614,896 2712,898 2811,895"/>
                <TextEquiv>
                    <Unicode>Veith) Und bitte überlassen Die auch Mathilde mir.</Unicode>
                </TextEquiv>
            </TextLine>
            <TextLine id="tr_1_tl_4" custom="readingOrder {index:3;}">
                <Coords points="2647,986 2802,986 2851,996 2875,983 2921,983 2921,919 2895,926 2864,908 2823,921 2787,900 2732,937 2719,929 2701,937 2668,908 2647,908"/>
                <Baseline points="2662,973 2688,973 2715,973 2741,973 2768,974 2795,976 2821,978 2848,978 2874,974 2901,972 2928,970"/>
                <TextEquiv>
                    <Unicode>bringst</Unicode>
                </TextEquiv>
            </TextLine>
            <TextLine id="tr_1_tl_5" custom="readingOrder {index:4;}">
                <Coords points="833,1084 1289,1118 1897,1045 2026,1097 2150,1058 2479,1053 2655,1097 2893,1063 2893,983 2639,999 2339,950 1866,999 1433,944 1245,983 1162,939 1102,981 833,994"/>
                <Baseline points="847,1041 949,1037 1052,1037 1154,1041 1257,1042 1359,1041 1462,1041 1564,1039 1667,1041 1769,1039 1872,1038 1975,1038 2077,1038 2180,1041 2282,1039 2385,1038 2487,1038 2590,1038 2692,1044 2795,1041 2898,1038"/>
                <TextEquiv>
                    <Unicode>(zu Fricke) Ee ist vielleicht besser, Vater, du fhxa</Unicode>
                </TextEquiv>
            </TextLine>
            <TextLine id="tr_1_tl_6" custom="readingOrder {index:5;}">
                <Coords points="828,1198 1490,1242 1594,1201 2753,1188 2738,1100 2507,1136 2132,1107 2060,1162 1827,1092 1713,1144 1542,1105 1314,1141 828,1084"/>
                <Baseline points="841,1187 936,1178 1032,1177 1128,1178 1224,1178 1320,1176 1415,1176 1511,1178 1607,1176 1703,1178 1799,1176 1894,1177 1990,1181 2086,1178 2182,1178 2278,1177 2373,1176 2469,1176 2565,1177 2661,1173 2757,1173"/>
                <TextEquiv>
                    <Unicode>jetzt mx Frau Veith nachnause, ich spreche dich</Unicode>
                </TextEquiv>
            </TextLine>
            <TextLine id="tr_1_tl_7" custom="readingOrder {index:6;}">
                <Coords points="818,1338 1053,1322 1206,1374 1483,1320 1780,1366 2525,1322 2691,1353 2691,1260 2608,1245 2347,1268 2034,1219 1948,1273 1889,1234 1736,1265 1672,1221 1413,1278 1312,1237 818,1258"/>
                <Baseline points="832,1307 925,1310 1018,1313 1111,1311 1205,1312 1298,1311 1391,1314 1485,1313 1578,1311 1671,1313 1765,1313 1858,1313 1951,1313 2044,1313 2138,1313 2231,1313 2324,1313 2418,1310 2511,1310 2604,1312 2698,1316"/>
                <TextEquiv>
                    <Unicode>bes timmt heute noch in spätestens einer Stunde.</Unicode>
                </TextEquiv>
            </TextLine>
            <TextLine id="tr_1_tl_8" custom="readingOrder {index:7;}">
                <Coords points="833,1449 1092,1449 1193,1511 2663,1488 2663,1377 2492,1348 2375,1343 2202,1415 2044,1361 1493,1405 1348,1400 1294,1351 1043,1402 934,1346 833,1371"/>
                <Baseline points="847,1441 938,1444 1029,1444 1120,1447 1211,1447 1302,1447 1393,1444 1484,1444 1575,1444 1666,1447 1757,1444 1848,1447 1939,1450 2030,1445 2121,1447 2212,1447 2303,1446 2394,1444 2485,1444 2576,1446 2668,1447"/>
                <TextEquiv>
                    <Unicode>Fricke: (bewegt und unsicher;es ist, als wenn er</Unicode>
                </TextEquiv>
            </TextLine>
            <TextLine id="tr_1_tl_9" custom="readingOrder {index:8;}">
                <Coords points="831,1615 2083,1609 2168,1646 2168,1511 2098,1496 1837,1532 1558,1490 1276,1532 831,1509"/>
                <Baseline points="844,1578 910,1574 977,1572 1043,1573 1110,1575 1176,1577 1243,1575 1309,1576 1376,1575 1442,1578 1509,1578 1576,1578 1642,1578 1709,1578 1775,1576 1842,1577 1908,1577 1975,1575 2041,1575 2108,1578 2175,1578"/>
                <TextEquiv>
                    <Unicode>zu Mathilde etwas sprechen wollte!</Unicode>
                </TextEquiv>
            </TextLine>
            <TextLine id="tr_1_tl_10" custom="readingOrder {index:9;}">
                <Coords points="818,1739 929,1770 1234,1728 1433,1778 2003,1741 2098,1785 2360,1744 2360,1648 2249,1622 1858,1674 1609,1630 986,1656 818,1615"/>
                <Baseline points="832,1701 908,1705 985,1708 1062,1710 1138,1709 1215,1708 1292,1708 1368,1707 1445,1709 1522,1713 1599,1710 1675,1711 1752,1710 1829,1710 1905,1713 1982,1710 2059,1711 2135,1713 2212,1710 2289,1711 2366,1710"/>
                <TextEquiv>
                    <Unicode>Mathilde: (bleibt nach wie vor unbewegt</Unicode>
                </TextEquiv>
            </TextLine>
            <TextLine id="tr_1_tl_11" custom="readingOrder {index:10;}">
                <Coords points="818,1868 1100,1917 1276,1868 1516,1923 1762,1884 2673,1917 2673,1775 2355,1809 2057,1757 1653,1814 1400,1760 818,1793"/>
                <Baseline points="832,1841 924,1841 1016,1841 1109,1845 1201,1846 1294,1844 1386,1845 1478,1846 1571,1847 1663,1844 1756,1846 1848,1850 1940,1847 2033,1847 2125,1847 2218,1847 2310,1850 2402,1850 2495,1853 2587,1851 2680,1853"/>
                <TextEquiv>
                    <Unicode>Frau reith:(hüest in Verlegenheit ihre Tochter</Unicode>
                </TextEquiv>
            </TextLine>
            <TextLine id="tr_1_tl_12" custom="readingOrder {index:11;}">
                <Coords points="828,2000 1053,2060 1255,2016 1990,2026 1990,1920 1943,1907 1493,1933 1330,1894 828,1943"/>
                <Baseline points="841,1981 898,1980 956,1978 1013,1981 1071,1981 1129,1980 1186,1978 1244,1978 1301,1981 1359,1981 1417,1981 1474,1981 1532,1981 1589,1980 1647,1981 1705,1983 1762,1981 1820,1981 1877,1984 1935,1982 1993,1984"/>
                <TextEquiv>
                    <Unicode>zögert, ob sie fortgehen soll)</Unicode>
                </TextEquiv>
            </TextLine>
            <TextLine id="tr_1_tl_13" custom="readingOrder {index:12;}">
                <Coords points="823,2153 1586,2186 1778,2130 2826,2135 2810,2034 2119,2080 823,2029"/>
                <Baseline points="838,2107 937,2111 1037,2113 1137,2113 1236,2113 1336,2116 1436,2116 1535,2116 1635,2114 1735,2116 1835,2116 1934,2114 2034,2114 2134,2116 2233,2116 2333,2116 2433,2115 2532,2116 2632,2116 2732,2119 2832,2116"/>
                <TextEquiv>
                    <Unicode>Fricke:(spricht ihr zu) Ich habe den Wagen dorthin</Unicode>
                </TextEquiv>
            </TextLine>
            <TextLine id="tr_1_tl_14" custom="readingOrder {index:13;}">
                <Coords points="820,2256 1322,2324 1581,2280 1661,2324 1868,2274 2171,2311 2280,2272 2582,2285 2582,2174 1837,2205 1439,2166 1371,2199 1056,2153 820,2189"/>
                <Baseline points="835,2238 922,2244 1010,2244 1098,2247 1186,2250 1273,2248 1361,2247 1449,2247 1537,2249 1624,2245 1712,2249 1800,2247 1888,2247 1975,2247 2063,2247 2151,2247 2239,2247 2326,2248 2414,2253 2502,2254 2590,2259"/>
                <TextEquiv>
                    <Unicode>bestellt).(gie überqueren beide die Strasse)</Unicode>
                </TextEquiv>
            </TextLine>
            <TextLine id="tr_1_tl_15" custom="readingOrder {index:14;}">
                <Coords points="818,2432 1276,2461 1480,2409 1793,2445 2849,2406 2828,2298 2541,2342 1917,2295 1607,2331 818,2316"/>
                <Baseline points="832,2378 933,2374 1034,2375 1135,2377 1236,2375 1338,2378 1439,2376 1540,2377 1641,2378 1742,2379 1844,2376 1945,2381 2046,2378 2147,2379 2248,2379 2350,2381 2451,2381 2552,2382 2653,2383 2754,2384 2856,2384"/>
                <TextEquiv>
                    <Unicode>Die Roveda: (ist unter den Martenden stehen geblie-</Unicode>
                </TextEquiv>
            </TextLine>
            <TextLine id="tr_1_tl_16" custom="readingOrder {index:15;}">
                <Coords points="823,2567 1294,2541 1483,2595 1692,2551 1910,2588 2070,2551 2738,2559 2738,2437 2694,2424 2430,2484 1741,2422 1612,2471 1550,2430 1242,2466 1164,2427 1045,2463 823,2427"/>
                <Baseline points="838,2507 933,2510 1028,2512 1124,2512 1219,2512 1314,2513 1410,2513 1505,2513 1600,2513 1696,2516 1791,2513 1886,2514 1982,2511 2077,2513 2172,2513 2268,2513 2363,2516 2458,2516 2554,2519 2649,2516 2745,2522"/>
                <TextEquiv>
                    <Unicode>ben, es ist, als wenn sie ihnen die Sache erklärt.</Unicode>
                </TextEquiv>
            </TextLine>
            <TextLine id="tr_1_tl_17" custom="readingOrder {index:16;}">
                <Coords points="812,2678 1167,2732 1389,2650 1739,2735 1866,2655 2277,2717 2665,2663 2665,2598 2422,2567 1327,2603 1237,2562 812,2603"/>
                <Baseline points="826,2650 918,2644 1010,2647 1102,2647 1195,2644 1287,2646 1379,2645 1471,2647 1564,2649 1656,2644 1748,2646 1840,2648 1933,2647 2025,2649 2117,2650 2209,2650 2302,2650 2394,2653 2486,2653 2578,2653 2671,2653"/>
                <TextEquiv>
                    <Unicode>hätte) Ja, Kinder, der Tod ist ein Element, gegen</Unicode>
                </TextEquiv>
            </TextLine>
            <TextLine id="tr_1_tl_18" custom="readingOrder {index:17;}">
                <Coords points="812,2813 1170,2854 1382,2797 1672,2849 1897,2807 2005,2870 2606,2836 2691,2875 2717,2725 2554,2766 2368,2719 2210,2753 2091,2699 2008,2743 1845,2704 1692,2743 1314,2691 1144,2740 810,2712"/>
                <Baseline points="826,2787 925,2787 1025,2788 1125,2790 1225,2790 1325,2796 1425,2796 1525,2796 1625,2796 1725,2796 1825,2796 1925,2797 2025,2799 2125,2802 2225,2804 2325,2805 2425,2803 2525,2808 2625,2806 2725,2817"/>
                <TextEquiv>
                    <Unicode>das sich nichts sagen lässt. (herunter zu Gregorl</Unicode>
                </TextEquiv>
            </TextLine>
            <TextLine id="tr_1_tl_19" custom="readingOrder {index:18;}">
                <Coords points="805,2960 1001,2989 1480,2939 1847,2983 1956,2939 2163,2973 2256,2939 2569,2981 2753,2955 2888,3004 2867,2846 2572,2898 2347,2854 1837,2893 1596,2820 1294,2882 1007,2826 942,2867 805,2857"/>
                <Baseline points="820,2916 923,2922 1026,2922 1130,2925 1233,2926 1337,2927 1440,2925 1544,2928 1647,2929 1751,2930 1854,2929 1957,2932 2061,2936 2164,2937 2268,2940 2371,2939 2475,2940 2578,2943 2682,2948 2785,2948 2889,2951"/>
                <TextEquiv>
                    <Unicode>Herr Gregor, ich kannie in meinem Wagen mitnehmen.</Unicode>
                </TextEquiv>
            </TextLine>
            <TextLine id="tr_1_tl_20" custom="readingOrder {index:19;}">
                <Coords points="820,3074 1045,3126 1107,3097 1801,3121 1891,3105 1889,2994 1340,3017 1263,2978 1154,3009 916,2960 818,2994"/>
                <Baseline points="835,3050 888,3053 941,3053 994,3053 1047,3055 1100,3056 1153,3053 1207,3056 1260,3057 1313,3059 1366,3062 1419,3062 1472,3062 1525,3062 1579,3064 1632,3067 1685,3068 1738,3068 1791,3069 1844,3071 1898,3071"/>
                <TextEquiv>
                    <Unicode>lmit ihm herunter. Beide abl</Unicode>
                </TextEquiv>
            </TextLine>
            <TextLine id="tr_1_tl_21" custom="readingOrder {index:20;}">
                <Coords points="807,3224 1105,3273 1214,3219 1475,3265 1586,3229 1648,3271 1757,3237 1855,3278 1866,3167 1519,3170 1387,3105 802,3121"/>
                <Baseline points="820,3193 872,3196 925,3199 978,3201 1030,3204 1083,3205 1136,3205 1188,3206 1241,3211 1294,3213 1347,3214 1399,3217 1452,3217 1505,3221 1557,3223 1610,3225 1663,3226 1715,3229 1768,3229 1821,3232 1874,3238"/>
                <TextEquiv>
                    <Unicode>axexxExXAX</Unicode>
                </TextEquiv>
            </TextLine>
            <TextEquiv>
                <Unicode></Unicode>
            </TextEquiv>
        </TextRegion>
    </Page>
</PcGts>
