2824 3432
783 403 1918 580 Imann: Da muss ich ja lachen.
650 508 2459 703 regulein: Auch menn sie hetehfhtx
643 670 2329 838 etagerathanstetz sich nicht von dir in den
643 795 1483 943 dintern zwicken lässt.
610 905 2046 1106 Dögelmann: Ruhig, vierzehnter Punuch.
610 1061 2499 1238 Gregor: Eine hübeche Person, aber was man bisher
1388 1151 1711 1251 (zu Karl)
613 1196 2399 1358 von ihr gesehen hat Und übrigene spielt sie
615 1316 1366 1463 schon in dem Stück.
613 1416 2404 1608 Hanar Karl: Die Anmi liesse sich unbesetzen.
605 1576 1506 1743 Ergsor: Augen hat sie
613 1691 1773 1871 Fregulein: Schlanperte. Augen.
598 1831 2124 2009 Karl: Warten wir die morgige krobe ab.
600 1941 2541 2126 Dr.Braun: Ob sie überhaupt auf die Probe morgen.
613 2109 863 2211 kommt-
615 2211 2454 2394 John: (zu Gregor) Und in der Erscheinung möchte
610 2354 1896 2511 sie viel besser zu Ihnen- passen.
625 2474 1648 2656 Gregor: (zeretreut( Nerz
610 2604 2096 2784 John: Die Friesel. Und auch im Aiter.
618 2734 2386 2911 Erggor: (ganz ernethaftl Ee ist nur so schner
605 2881 2616 3042 mit einer zu spielen - mit der man kein Verhältnig
