2824 3464
559 313 2391 510 Er fürchtet, dass du an ünde deinen Schnur halt
474 477 2381 646 könntest. Er bat mich soger zu telegraptieren,o
472 618 1781 756 du dich noch am Leben befindest.
487 705 2486 892 Franzi: Und das erzählst du mir mit der ernstesten
469 856 2147 1017 Miene von der Meit. Bist du toll oder er-
482 966 2493 1181 Righerd: Neder er noch ich. Nast du ihm etwe nicht
497 1135 956 1281 geschworen?
479 1263 984 1425 Franzi: Was?
479 1384 2378 1555 Richard: Dass du dich umbringen wirst an seinem
474 1468 2381 1676 Hochzeitstag oder in seiner Hochzeitsnecht,-ich
487 1653 2547 1827 weise es nicht geneu. In letzterem Falle wäre übri-
497 1791 1099 1950 gens noch Zeit.
497 1909 2135 2068 Franzi: Du bist wieder einmal wehneinnig.
489 2045 1988 2219 Richard: Du hest ihm doch geschnoren.
492 2176 1940 2332 Frenzi: Was schwört man nächt alles.
487 2273 1860 2468 Richard: In gewiscen Augenblicken.
492 2398 2309 2601 Franzi: (ruhigl Undiwas hast du ihm erwidert?
495 2539 2434 2737 Richard: (zucht die Achselnl Ich habe es abgelehn-
497 2698 1394 2852 ihm zu telegraphieren.
502 2752 2511 2985 Frenzi: Du hättest ihm dank etwas anderes ermidern
492 2955 2270 3147 können, - das Richtige, sehr einfäel, gerade du.
