2856 3528
535 530 918 719 John: Ref
525 622 2539 811 Dr. Braun: Sie ist wirklich sehr herunter mit ihren
522 777 2554 930 Herven. Und ich glaube, es wird Sanstag nichts sein
517 935 1221 1096 mit der Premiöre.
525 1045 2345 1228 Karl Bern: Sie glauben wirklich, Herr Doktor?
520 1180 2424 1361 John: Ihr lasst Euch alle von ihr auf dem Kopf
515 1325 1692 1463 herumtanzen, von der Canailie.
525 1450 1448 1624 En Dr. Fraun: Herr Johnl
520 1562 2536 1761 Dregulein: Nicht vornehm, John. Man soll jeder Frau
510 1715 2559 1896 Dankbarkeit bewahren, die man geliebt hat, sogar sei-
515 1843 1213 1991 ner eigenen Frau.
535 1942 2536 2141 Frogor: Adren Sie, Doktor, entweder kann sie spielen
507 2090 2493 2289 oder nicht. Wenn sie im "Freund der Frauen" sple-
510 2238 2533 2432 len kann, so wird sie auch bei der Premidre spielen
497 2373 805 2531 konnen.
510 2498 2414 2663 Dr. Braun: Das ist doch nicht das Gleiche. Kanst
515 2607 1035 2697 Gregor: Sonst
505 2630 2516 2804 streike leh. Ich halt das nicht länger aus. Acht-
510 2755 2447 2929 undsiebzig Mal. Ich verkomme, ich verblöde, Abend
505 2895 2381 3076 für Abend erktaudtehtgetat seit drei Wepsten
502 3018 2235 3204 beinch. Es graust mir schon vor mir selber.
