2824 3496
577 341 2464 505 Karl Bern: Es wird wohl nucht dahin skommen. Ich
582 465 2387 627 eweifle auch, dass sie die Fanni schen spielen
574 634 870 761 konnte.
574 699 2486 903 Rlchard: Ich glaube, ich habe sie überhaupt noch
574 865 1472 1027 nicht spielen gesehen.
584 985 2578 1126 karl Bern: Sie ist noch nicht so weit, auch mensch-
587 1109 2536 1283 lioh noch nicht. Sie musste noch einiges erleben.
584 1263 2536 1412 Richard:Um die Hauptrolle in Ihrem Stück zu spie-
574 1410 771 1527 lent
574 1484 2501 1661 karl Dern: Nicht nur darum: Um ihrer selbst mil-
572 1628 2504 1825 len, -mie jeder Kunstierin. Sie muss nochetliche
574 1763 2476 1909 Menschen glücklich machen oder unglücklich. Nur
572 1897 1778 2046 so konnt man innerlich weiter.
577 2021 1633 2200 Richard: Und - Äusserlich.
584 2143 2198 2330 karl Bern: Das hungt natürlich zusammen.
589 2255 2514 2444 Richerd: Und des Nichtieste dtdwrte ist
579 2404 2501 2606 wohl, sich den Herrschaften gefällig erweisen, die
572 2543 2459 2720 übe-r die Kollenbesetzung zu entscheiden haben.
562 2658 2548 2872 Karl Bern: Das ist eine Legende, dass die Oerriere
574 2800 2464 2986 von dergleichen abhängt.Zumellen mag es sa vor-
