2872 3512
551 458 2479 628 Pritzi: Für einen Landsknecht ist er nicht gross
553 588 2003 747 genug, nicht einmal für einen achten.
556 720 2554 917 Pogelmann: (zn Johnl Aber das Stück haben wir über-
541 867 967 1016 haupt nie.
551 977 2549 1151 John: Die Premiöre ist doch angesetzt für Sanstag!
553 1106 2190 1281 Dögelmann: Wenn die Roreda nicht will...
563 1263 2162 1408 Fritzli Ee wären an End noch Andere da.
551 1368 2397 1525 sohn: Ha,Grossennehnsinn, uattratarttartander
538 1512 2456 1674 aktat wegen deinem Bild in der "Coulie-
548 1629 2426 1816 ser, (leiser zu ihr) Was hat er dafür verlangt?
548 1756 2292 1946 Fritzi: Frag ihn selber. leie zanken weitert
548 1898 2377 2088 (Karl Bern komnt herein. Sieht zusrst Riohard,
548 2040 1430 2195 bletht bei ihn stehen)
548 2160 2501 2297 Karl Bern: Guten Abend. Warum so einsam, Herr Dok-
538 2265 2441 2469 tort atat Wenn die schon da her kommen, warum
533 2439 1958 2576 mischen Sie sich nicht unters Voikt
511 2556 2095 2718 Richardi Ich bin noch so wenig bekannt
528 2653 2349 2857 Karl Bern: Oder wollen Sie eine Fartte Sohach
541 2825 892 2957 spielent
536 2907 2389 3146 Rroherd: bitte stören She sick doch nicht. Ich
