2824 3432
633 536 2550 741 Karl Bern: Also, um in unserm Gespräch von früher
628 686 1183 838 fortzufahren.
628 807 2538 966 Hichard: Ee ist nicht nötig. Ich habe meine Ent-
623 932 1664 1060 scheidung schon getroffen.
618 1038 2545 1222 Karl Bern: Ein Abschiedsbrief. Das würde ich mir
621 1191 2507 1357 doch noch überlegen. Wer weiss - - keinesfalls
609 1309 1889 1480 übernehme ich die Verantwortung.
604 1425 2415 1608 Richard: Das verlange ich nicht von Ihnen. Fs
601 1608 2490 1746 muss Ihnen wohl genügen, dass Sie mich überzeugt
599 1729 874 1860 haben.
599 1843 2531 2014 karl Bern: Komisch. Mich selber eigentlich nicht
592 1983 894 2091 völlig.
589 2079 2483 2239 Richard: (nimmt seinen Frief fester in die Hand)
592 2236 2536 2391 Karl Bern: Aber geben Sie mir den Brief für alle
584 2376 1765 2524 Falle. Sie sind entschlossenz
589 2504 1345 2628 Richard: Ich bin'’'s.
587 2628 2347 2782 Karl Bern: Ich will ihn doch der Sicherheit
582 2772 1869 2917 halber selber ins Kastel werfen.
577 2893 2475 3074 (xeliner hilft innen in die Röcke, sie gehen bei
589 3016 2384 3159 de. Der Piocolo beginnt zusammenzurkumen, türmt
961 3125 2420 3296 überelnander, die eingeschlatene Res
1029 3193 1220 3304 tauf
