3112 3480
2396 361 2536 507 169
825 489 2780 660 macht hat, eine Stunde, ehe der Zug im Bahnhof ein-
828 635 1089 773 fuht.
835 745 2827 938 Zichard: Sie weiss, dass du wegen Franzi hier bist?
835 893 2852 1066 Ludwig: Sie wird alles wissen. Inmer. Und ich auch.
833 1044 2549 1209 Richard: Du spielst ein gefährliches Spiel.
835 1172 2820 1317 Ludwig: In der Liebe gibt es keine anderen. Uebri-
835 1284 2827 1465 gens meinen Glückwunsch. Du hast dich mit Mathtlde
828 1440 1515 1583 verlobt, höre ich.
818 1575 2097 1731 Richard: Es ist nicht offiziell.
820 1698 2062 1867 Ludwig: Ee war wirklich Zeit.
818 1949 2740 2132 Richard: Oder vielleicht hat sie sich getröstet-
820 2105 1962 2245 das wäre doch aufh möglich?:
828 2218 2735 2391 Ludwig: Du meinet - dieser Herr Gregor? Habe ich
818 2353 2709 2496 auch schon gehört. Ich nehm sie ihm wieder weg.:
825 2501 2629 2652 Es hat übrigens schon wieder angefangen. Auf
813 2642 1989 2755 morgen. (rasch nach linke abl.
830 2714 2709 2920 Richard: (nach kurzem Zögern in die Loge Nr. III)
825 2875 2757 3061 lLogenschliesser die Treppe herauf, setzt sich wie
820 3018 1159 3206 früherl.
