2872 3592
2184 374 2327 497 21
622 453 2678 676 meiss genz genau, dass ich selt heute Mittags zwolf
617 609 2486 837 Uhr nicht mehr tteinette Sidon heisse, sondern
612 750 2483 975 Entoinette Gerold und ich mich jetzt unkleiden
617 873 2639 1096 muss, weil um neun Uhr zwanzig der Zug nach Venedig
627 1057 1971 1272 gobt. (ab mit dem Stubennddchenl
635 1198 1275 1364 Isjaon, Richard).
640 1254 2624 1495 Sidon: Nun, lieber Doktor, mann werden die es Ihren
630 1469 1295 1628 Freunde nechtunt
630 1521 2583 1777 Rjcherd:lischelnd, aber reserviert! bin sünger un
635 1728 1339 1876 ein Jahr beinahe.
637 1841 2048 2025 Sidon: Jung gefreit, lieber Doktor-
635 1938 2412 2156 Dieherd: (wie obenl Ich kenne das Sprechnort.
635 2076 2586 2294 Sidon:Es ist eines von den wenigen vernünftigen.
658 2209 2547 2404 Ioh habe ja das Glück nicht lange genossen. Mit
650 2327 2550 2540 dreissig ner ich Witner. Aber verheiratet schon
650 2455 2668 2662 mit dreiundzwanzig. Ja, man kann gar nicht früh ge-
648 2583 2557 2816 nug in geordnete hänsliche Verhältnisse konnen.
668 2734 2668 2898 Äusser Haus kann man ja dann machen, was man will.
676 2836 2678 2941 Aber als unverheirateter junger Mensch schwebt man
676 2924 2033 3005 immer in Gefahr hängen zu bleiben.
663 2947 2703 3064 Richard: Und wer verheiratet ist, der hat es sozusa-
678 3052 1907 3149 gen hinter - das Hangenbleiben.
666 3098 2468 3200 Sidon: Ee kommt drauf an, wo man hängen bleibt
694 3169 2642 3284 Ternsthaft) Mehr als einen hoftnungsvollen jungen
640 3244 1958 3428 Menschen habe ich zugrunde gehen.
