3112 3464
2439 292 2596 454 154
801 391 2896 589 Zogenschliesser: Da hinunter und dann -(besinnt sicht
790 553 2854 746 Der Eintritt auf die Bühne ist aber nichtgestattet.
801 685 2912 895 Zichard:(nach kurzem Zggernl Märe es Ihnen vielleicht
776 845 2111 988 möglich einen Brief zu bestellen?
809 950 1784 1123 Jogenschliesser: (zögert)
779 1084 2750 1272 Richard: (schreibt rasch eine Karteksteckt sie in
779 1219 2719 1412 ein kleines Courert, schreibt eine Adresse darauf)
765 1332 2841 1533 Hier. (eibt ihm ein Trinkgeld) Es ist sehr dringend.
762 1514 1979 1665 Sie dürfen doch auf die Bühner
779 1607 2808 1789 Zogenschliesser: Ich werde das Prieferl meiner Frau
765 1742 1841 1916 geben, sie ist Gerderobière.
757 1858 1808 2045 Richard: Da für Ihre Fräu.
779 2012 2761 2219 ogenschliesser: lninnt) Mar nicht notwendig. (rasch
740 2144 1448 2243 die EJufen hinab)
760 2263 2830 2461 Tohard: (in. die Loge III zurück. Bei geöffneter Lo-
743 2406 2959 2543 gentüre dringen ein paar Worte dee Schauspieler heraus.-
768 2516 2408 2758 reselben wie Bidd Nr. Schluse des Z.lktal.
718 2769 2846 2948 Ansager: (die Stufen herauf,klopft an die Logentür IV.
727 2931 1291 3105 da sich nichte
1324 2956 2808 3143 regt, klopft er noch siamal und offnet
