3064 3528
2583 335 2724 468 239
757 517 2570 673 ders. Vielleicht hätte sie es auch getan,wenn
749 647 2634 821 sie den Brief gelesen hätte. Vielleicht hat sie
749 777 2555 944 es wirklich gar nicht um mich getan. Schuld-?
767 905 2591 1066 Ich weise nicht. Als Schuld empfinde ich nur
742 1038 2097 1230 das eine, dass ich bin, der ich bin.
737 1182 2698 1368 Mathilde: Ja, ich weiss, du bist ein sehr schwacher
731 1317 1041 1422 Mensch.
726 1455 1583 1604 Richard: Verächtlich.
726 1583 2581 1744 Mathildé: Ee gibt vielleicht Menschen,denen du
731 1703 2604 1882 so erscheinst. Wahrscheinlich gefielest du man-
708 1841 2570 2054 chen besser, wenn du anders wärst. Aber wennich
708 1985 2460 2148 mich frage, ob ich dich andere wollte, als du
708 2107 1632 2258 bist - ich glaube nein.
711 2240 2437 2407 Richard: Du hast mich immer falsch gesehen.
706 2378 2586 2545 Mathilde: Nein. Ich hab dich immer gekannt. Das
693 2499 2690 2675 ist ja nichts Neues. Ich habe dich imner geliebt.
696 2647 1910 2803 Und ich liebe dich noch heute.
691 2719 1614 2882 Richerd:(wie shwehrend!
675 2857 2619 3087 Mathilde: Missverstehe mich nicht. Das soll kein
675 2987 2726 3215 Trost sein. Auch keine Grossmut, auch kein Geschenk.
