2840 3448
2145 233 2290 342 126
601 399 991 524 HzxxkAxX
613 438 2496 596 Gregor: Mit Ihnen könnte der Faron vielleicht
613 553 2544 738 allerlei Klassik versuchen. Man könnte zufatwenx
613 690 1999 878 wieder in reineren Regionen atmen.
616 835 1472 981 Franzi: Bitte weiter.
628 957 2489 1109 Gregor: (i.d.R. WWird die Fabel lebendig von den
628 1080 2403 1251 zwei Menschen,die für einander bestimmt sind
628 1243 2557 1388 und sic,h endlich finden müssen? Es kannsja wahr
635 1354 2405 1532 sein, es ist ja möglich. Man glaubt ja alles,
640 1503 1823 1674 wenn man glücklich sein will.
637 1597 2417 1804 Franzi: (I.d.4.) Mir haben uns immer geliebt.
642 1753 2576 1931 Und die Ewigkeit, die wir uns noch lieben werden,
649 1881 2494 2039 verschlingt die paar dummen Jahre, in denen wir
649 2001 2532 2179 einander nicht begegnet sind. Jetzt endlich ha-
652 2121 2470 2342 ben wir uns gefunden,du fühlst es wie ich, wir
649 2275 2229 2441 können ja doch nicht mehr von einander.
671 2376 2535 2609 Gregor: (näher zu ihr, i.d.4.1 Komm, konm. (zicht
661 2561 1438 2689 sie heftig an sich)
673 2686 1804 2840 Franzi: lassen Sie das doch.
676 2775 2540 2992 Gregor: (lächelnd) Wier steht es: zieht sie an
676 2922 2429 3143 sich. Komm, sag mir noch einmal, dass du mich
