3080 3528
2328 313 2467 513 e1
636 390 2376 551 Sonntag. Glauben Sie nicht, dass sie es mit e
639 524 2472 681 Probe machen könnte, -eihe so gottbegnadete Kü
639 655 2689 815 lerin. Und sie war doch schon ganz studiert, als der
647 786 2654 938 utor uns mit seiner wahnsinnigen Frieselidee kam.
644 911 2619 1112 Eoblein: Sie würde es schon machen. Aber ich würde
639 1040 2777 1219 trotzdem nicht raten. Das Publikum könnte es als eine
652 1205 1710 1371 Zietätlosigkeit auffassen.
657 1315 2662 1486 Baron: Ein Sonntag! Wir haben doch gegenüber einer
649 1446 2619 1641 Anfängerin, die sich auf offener Szene vergiftet,
649 1593 2670 1761 keinerlei besondere Rücksichten zu nehmen. Hat sie
649 1724 2726 1892 in diesem Augenblick an uns gedacht? An das Theater,
649 1868 1905 2034 dem sie als Mitglied angehörte?
652 1951 2745 2189 Eoblein: Trotzdem - - wenn wir wenigstens bis Montag
649 2125 2774 2296 warten würden. Morgen, am Sonntag, haben wir schliess-
663 2272 2699 2427 lich auch mitz einem alten Schinken ein volles Haus.
663 2416 2646 2576 Baron: Ich will Ihnen entgegenkommen, Löblein. Mor-
660 2531 1764 2705 gen Raub der Sabinerinnen?.
660 2678 2806 2873 Löblein: Das haben wir schon acht Monate nicht gehabt.
665 2793 2790 2950 Baron: Umsomehr wird es die Leute interessieren. (sie
660 2924 2785 3129 xindrhrtue haben die Strasse gekreuzt und gehen durch
665 3124 1192 3266 den Fark abl.
