2856 3496
2248 278 2403 422 222
473 425 2406 615 Fräulein. Keine Ursache. Wird schon gehen Müssen
471 539 2359 743 eben noch tüchtig arbeiten bis zum Samstag. Ufr
471 680 2485 857 keine Bange nicht,kleines Fräulein, Die Szeye zwi-
487 814 2422 1004 schen uns Zweien ist die Hauptsachg. Damit(steht
479 914 2533 1105 und fällt das Stück. (Blick in die sunde)/Ein stim-
476 1075 2533 1287 mungsvolles Milieu. Aber bei mir häftten hir es wohl
487 1225 2531 1358 ein wenig bequemer gehabt. Die Damf,dis mir geöff-
476 1391 1586 1543 net, war wohl die Frau Mama?
493 1450 2520 1625 Franzi: Nein, meine Mutter ist aber aysh zuhause, da
487 1671 694 1818 arin.
490 1638 2602 1929 Cregor: 50. (irritiert) Da also, da ffa ja Ihnen - da
493 1834 2387 2068 kann uns Beiden ja nichts geschelest, nitht wahr.
490 1976 2678 2150 kleines Fraulein? Nun aber wollen(wir die Sache gleich
498 2117 2555 2256 angehen. Im ersten Akt haben wih eigentlich nichts
498 2231 2550 2468 miteinander zu tun, eher vorher. Aber dasf müssen wir
506 2400 2569 2572 ja leider nicht proben. Die Ensfmbleszenf im ersten
506 2490 2479 2670 Akt wird jedesfalls neu arrangisert werden müssen.
514 2612 2574 2795 Franzl: (fasst sich immer mehr) (Ich war je bei allen
514 2797 1848 2963 Proben. Ich kenne die Stellunggn.
506 2849 2694 3165 Gregor: Na, unso bester. Also, dfr weite aft. Sie heben
