2840 3480
2250 293 2407 458 132
581 408 1164 589 besser zehlen.
583 560 2423 730 Helene: Axztstrdumiskxfünxoxgaldgiertgex Das
586 683 2470 858 ist unlauterer Mettbewerb, Vater. Hältst du mich
578 819 2574 992 für so geldgierig? Das hab ich ja nicht notwendig.
573 947 2499 1154 Dr. Prickei Nast da dirs denn auch gut überlegtf.
562 1078 824 1183 Zelene
568 1162 2574 1397 Helene: Ich glaube, du kannet dich auf mich verlas-
565 1347 1028 1439 sen, Vater.
562 1473 2658 1646 Dr. Frickek Was deine Mutter zu all dem gesagt hätte.
557 1614 1653 1774 Helene: (lachend) All dem -?
560 1721 2601 1892 Dr. Fricke: Zu dieser Zeit, mein ich natürlich.(Klin-
562 1839 1227 1965 gel im Vorzimmer)
542 1991 2640 2158 Helene: (harmies) Das dürfte wohl Herr Bern sein. Er
544 2130 2577 2297 wollte uns die Billetts für seine Première bringen.
536 2266 2025 2449 Dr. Fricke: welche Liebenswürdigkeit.
542 2438 2582 2724 Kerl der triti ein, Ueberzicher, tat in der Mane. De
534 2653 905 2744 grüssung.
531 2750 2522 2964 Karl Bern: Ich konne nur eben vorüber, um Ihnen die
528 2909 2096 3100 Zoge zu bringen. (zu frickel Ee wira mir
