2920 3528
2339 287 2490 419 203
401 398 2533 605 Intenadnt: Fraulein Koredä, Sie werden nicht benötigt.
412 558 1500 722 Ichbitte, Fräulein Friesel.
412 693 1004 858 Franzi: (rögert.
419 818 1258 996 Intendant, :Ich bittet
409 911 2456 1126 Epenzi: lin der Rolle, aber zögerndl Sie selbst haben
398 1065 2488 1272 mir die Reitung gezeigt und nun wollen Sie mich ver-
396 1213 706 1349 derben?
406 1266 2010 1444 Roveda: (sprachlos, sieht im Kreise unherl
412 1460 2387 1593 Gregor: (weiter i.d. R.,offenbar befriedigt von der
417 1604 2512 1776 Situation) Ich habe keine Lust einen neuen Irrtum in
417 1728 2528 1893 Ihrem Leben zu bedeuten und es gibt keinen Beweis da-
412 1848 2459 2039 für, dass es nicht wieder ein Irrtum wäre. Ich weiss
398 1994 1458 2174 nicht genau der mievielte.
419 2089 2384 2302 Intendantp: Etnas mehr Bitterkeit. Nicht mahr,lerr
430 2275 714 2405 Doktor?
422 2334 2166 2559 Greger: Ich weise nicht genau der mievielte.
417 2517 2387 2684 Franzi: (i.d. R.) Und Sie, so denken Sie sich jetzt,
417 2626 2506 2806 sie steht da und lässt diese Beschimpfung über sich
414 2748 757 2947 ergehen.
417 2798 2411 3096 bresor: l1. d..1 6, ich denke mir ger nichts. leinige
417 3019 2392 3221 Schauspieler, insbesondere Pregulein, stehen in den
417 3205 2543 3361 coulissen. Man merkt Pregulein seine Feilnahme an dem
