2856 3496
2284 291 2464 416 125)
992 376 2471 608 Femosl Das ist ja wirklich- Das geft
675 570 1634 737 ja weit über die Roreda.
660 703 1507 854 Franzi: Bitte weiter.
660 815 2638 992 Gregor: Das ist leicht gesagt. Ich bin if gerade-
658 907 2656 1099 zu ergriffen. Wenn du ldas am Abend auch so machst,
648 1071 2441 1251 Mädel, das geht einem jd durch Mark und/Bein.
655 1208 2511 1380 Wenn wir Zwei das auf dek Bühne am Abfnd - (er
650 1333 2578 1507 hat. sie angefasst und will handgreifficl werden)
663 1462 2591 1667 Franzl: Sie sind wohl nicht (ganz beif Sinnen, heir
653 1614 942 1759 Gregor?
658 1657 2573 1913 Gregor: Ach so, die Frau Manal Kiso (noch einmell.
650 1824 2544 2055 von Ihrem Auftritt an. Und nun Pief ganze Szene.
638 2005 949 2145 Herein.
648 2040 2008 2287 Franzt: (ist wieder bei der Füre gh
2023 2088 2474 2247 d tritt cuf
655 2257 1191 2421 Ja, ich bin’s.
650 2362 1584 2578 Grezor: (i.d. R.1 Fannt!
1320 2578 1659 2698 Vorhang.
