2808 3448
590 328 1607 486 Richerd: (fregender Blick)
610 470 2283 643 Franzi: Dass er ein Geck und ein Harr ist.
585 610 2400 778 Hichard: Dann hätte ich ein beck sein müssen.
615 747 1820 918 Franzi: Hein, Richerd, ein Mann.
615 847 2405 997 (Zeni kommt herein, serviert ab, Pause, teni ab)
600 1022 2370 1180 Righard: (erlebt sich brüsk von seinem Stuhl)
613 1147 2492 1299 Franzi: Ein Mann hätte sagen müssen: Schweig, du
610 1266 2479 1426 hest kein Recht mehr über sie, nicht einmal mehr
615 1386 2614 1561 das Recht der Frage. Sie denkt nicht mehr an dich.
615 1513 2573 1711 sie liebt einen Andern, sie liebt mich, sie hat nie
615 1635 2659 1820 einen Andern geliebt als mich. Mein ist sie wie sie
615 1782 2532 1945 niemals die deine war. Das hättest du sagen müs-
610 1902 2573 2080 sen. Aber du schämst diel, du schämst dich meiner,
618 2026 2504 2217 du schämst dich vor ihm, dass - du bist euch ein
613 2176 844 2357 Geck.
610 2281 2031 2499 Zicherd: Wer wenigstens kein Herr.
618 2456 1320 2614 Frenzi: Richerd-
592 2555 2591 2751 richerd: Warun soll ich denn glauben, dass du pich
613 2682 2593 2873 mehr liebst als du ihn geliebt last. Ich war eben
620 2820 2639 3000 zur Stelle. Ebensogut hätte jeder indere -Liebe -
623 2959 2609 3165 trost war ich, Vergeltung, Rache, -ich war eben gera-
613 3089 885 3272 de de.
