2872 3576
2298 426 2453 565 186
568 547 1267 689 stückes gar nicht:
570 704 2524 887 Dogelmann: Ich habe im dritten Akt ja nichts mehr
562 851 854 1001 zu tun.
565 955 2602 1160 Dregulein: (von rechts. tritt zu Bernl but gehts, Herr
562 1120 785 1242 Bern.
555 1219 2402 1394 Karl Bern: Ich finde, die Stimnung läest nach..
560 1356 2475 1520 Angager: Bitt schön, Herr Regisseur, sagen Sie dem
547 1505 2394 1682 Herrn Daktor, er soll an Schluss gleich heraus-
545 1637 834 1789 kommen.
550 1748 2508 1928 Karl Bern: fällt mir nicht ein. Zuerst die Schau-
535 1900 2387 2035 spieler allein, mindestens drei Mal. Ee ist mir
535 2017 2394 2227 überhaupt zuwider genug. (Unwürdig gerade zu (kan
537 2159 1548 2321 erniedrigt sich geradenn.
542 2288 2361 2483 Loblein: Wenn man sichsso weit erniedrigt ein
545 2435 1644 2559 Stuck aufführen zu lassen-
532 2551 2422 2731 kerl Bern: Sehr mehr. Vielleicht fängt die Ernie
532 2696 2437 2861 drigung schon denit an, dase man vielleicht ein
522 2805 1867 2987 Stück übertaupt dtcktet. henb
542 2944 2443 3142 Ineptzient:lgibt dem Blavierspieler ein Zeichen.
535 3091 1700 3251 der ein paar Akkorde spieltl.
