2872 3512
586 415 2446 608 nat. Aber wie konnen Sie übrigens auf Fräulein
616 576 925 716 rieselt
588 689 2388 867 John: Ich habe gerade gesagt, dass ich sie mir
583 830 2582 1008 ganz gut als die Kanni in ihrem Stück denken könn-
573 968 737 1099 te.
583 1093 2579 1272 Dregulein; (hört hinl mar gar keine schlechte ldes.
578 1224 1833 1375 Schon die Eugen von dem Mädel-
586 1335 2466 1541 Gregor: In diesem Falle würde ich die Kolle zu-
578 1493 1003 1611 rückgeben.
571 1601 2393 1780 Karl Bern: Vorläufig hat doch die Koveda noch
576 1747 923 1893 nicht-
578 1860 2544 2044 Gregori Die Friesel ist eine Anfängenin, eine Kon-
566 2026 1166 2164 servatorietin.
563 2132 2531 2313 Dogsimenn! Und vortäufig noch genzlich abgeneigt.
568 2275 1184 2433 wie es scheint,
566 2378 2584 2569 Dregulein: Ja, das xtm sas prino nokis gilt auch
556 2526 2011 2697 nur bis zum fünfundvierzigsten Jahr.
563 2667 2474 2833 Gregor: Affe. Ich bin noch nicht dreiundvierzig.
556 2783 2491 2961 Dregulein: Und überhaupt, man soll nichts zwingen
561 2923 2479 3097 wollen, wie ich schon gesegt habe. Wenn man nicht
538 3049 1455 3238 mehr auf der Nöhe ist
