2840 3544
642 474 2113 647 Lobleinil zu Preguleint, der ausserhalt
634 596 2601 792 stehtl Die Frissel ist ohnnächtig wie es scheint?
639 724 2454 910 Dregulein: Horen S anf. (durch die Hitteltür
654 885 1211 1048 auf die Bbhnel
682 985 2168 1155 uepieient: Nas ist denn de geschehent
657 1130 2248 1306 lEinige Schanspieler stc. zu Franzi hinl
652 1256 2479 1439 Lobleln: Dae gaht je night so. Der Unter soll
649 1378 2444 1566 allein berauskoanen. (zun Iusstrientenl Richt
637 1514 2647 1707 den grossen Vorbeng. Den Zwischenvorhang berunter.
649 1654 1256 1820 grossen kinens.
657 1757 2491 1965 lasptzient:lrasch wieder zu Karl Bern hial Sie
642 1902 2571 2065 musren jetzt allein heraus. Dem Fraulein Friesel
652 2040 1429 2195 ist nicht ganztgut.
639 2160 1381 2343 kerl Dern: Aleier
652 2298 1855 2474 lder Applaus zienlich schnechl
664 2416 2536 2586 loblein: (nach vor rafendl Geschwind, geschrind.
652 2561 1867 2727 sonst geht's überhaupt ninner.
649 2687 2539 2880 Dregulein:(zun dnsegerl Den Doktor Braun rafen.
664 2830 1288 2990 ader geschwind!.
667 2932 2456 3120 Aseger: Es ist de schon ner umn ihn gegangen.
667 3053 2579 3276 (Enloorenvorbeng. Kerl dern tritt von vor linte
