2824 3416
2385 242 2539 405 161
661 351 910 490 stück.
668 476 2461 666 Dr. Kricke: selent sin, Pelent ter, Peinlichkeit
663 623 1710 791 ist euch keine üble Seche.
668 751 2530 919 Erzu veith: Ein biselen trivol ist es je eller-
656 881 2383 1087 dings, besonders diese Fzene -(gieht auf den
663 1016 1632 1187 Therterzettell zwischen.
651 1137 2556 1315 Dr. Fricke: Ich mein das nicht einmel sof, gnädige
659 1270 2527 1433 Frau, für mich heben eile diese Stücke somee in-
656 1400 1068 1544 diskretes.
659 1507 2456 1689 excu veith: Ja -(lächelna) weil wir eben von
649 1665 2445 1810 Diskretion und Indiskretion sprechen. Sollten
647 1786 2471 1942 wir die Verlobung der Kinder nicht doch in die
640 1902 2478 2089 reitung geben? Uethilde will zwer nichts davon
640 2066 912 2191 hören.
659 2156 2376 2352 Dr. Fricke: Ich finde ju auch gnidige Freu, d.
635 2302 2487 2520 die verlobungen doch eigentliet mehr drivetsac.
647 2428 860 2594 sino.
656 2535 2546 2755 erzu Veith:(aur Picherd und Matiiloe deutena, die
656 2705 2478 2885 auf den Diren nehe bei einender sitzenl Finven
640 2840 2390 2989 Sie, dess des sehr nach Privctssche ausrieht?
637 2925 2494 3141 Dr. Pricke: *o sa, ich kenn itnen ja ger nicht su
