2824 3480
2210 321 2358 484 129
1405 437 2542 632 er sich - jede Nacht beinahe.
955 466 1287 613 wiesen.
555 579 1402 781 so lange heruntreibt.
553 695 2518 905 Helene: Gestern Abend zum Beispiel, das weiss ich
553 868 2523 1047 zufällig, ist er mit Herrn karl bern im Kafteehaus
568 1018 889 1134 geweenn.
555 1105 2439 1305 Dr. Fricke: 50. Dieser Herr Karl Bern - bei allem
545 1224 2476 1395 Respekt vor seinem lalent - die richtige Geself-
545 1360 2442 1539 schaft scheint er mir für Richard doch nicht zu
550 1505 2323 1687 sein. - Für dich übrigens auch nicht, Helene.
555 1634 2671 1834 Helene: Das tut mir leid. Mir ist er so Sympathisch.
558 1766 1537 1955 Dr. kricke: Das merk ich.
545 1910 2518 2089 Helene: Ich habe sogar die Absicht - (unterbricht
566 2044 774 2163 sicht
558 2150 1237 2347 Dr. Fricke: 18lickl
553 2310 2037 2473 Helene: Sekretarin bei ihm zu werden.
550 2431 1181 2605 Sr. Fricke: Nie?
560 2531 2479 2739 Helene: Ja. Ich bekäne einen ganz anständigen Ge-
547 2687 2415 2876 halt una hätte höchsténs drei bie vier Stunden
558 2823 1176 2981 täglich zu tun.
537 2947 2481 3147 Dr. Pricke: Du bist wohl ganz verrückt, mein Kind.
