3128 3464
480 334 781 543 28/21930
2420 377 2570 513 162
894 528 2844 726 Dregulein: lkönnt über die Stiege, begrüest Röchard
887 671 1854 791 Guten Abend, Herr Doktor.
889 771 2879 977 Richard: leichtlich froh, dass Dregulein komnt) Spie.
884 889 2377 1100 len Eie denn nicht mit, Herr. Dreguein?
884 1015 2377 1209 Dregutein: Ich hab schön mitgespielt.
884 1181 1920 1357 Helene: (ist herzugetreten!
874 1314 2819 1482 Kichard: (stellf vor) Herr Dregulein, meine Schwes-
882 1442 1651 1616 ter, Fraulein Veith.
894 1590 2829 1749 tregulein: Meine Kolle ist schon zu Ende. (zu den
882 1703 2827 1862 Damen) Ich bin nämlich der Bediente, der dem Herrn
862 1867 2711 2018 Dögelmann die Türe aufmacht. Grossartig, nicht?
852 1967 2874 2148 Man merkt gleich, dass ich in lauter feinen Häusern
857 2123 2862 2291 war. Ich bitte um Entschuldigung - (wili sich ver-
832 2241 2824 2420 (abschieden) -mues jetzt bei der Frau Koveda einen
854 2389 2784 2563 Kondolenzbesuch machen. (klopft an die Logentüre
854 2515 1789 2696 Nr. 2, ofinet, tritt einl.
847 2641 2839 2786 Helene: (zu Richard und Mathilde) Ach,Kinder, es ist
842 2774 2716 2990 so schön Euch beisennen zu sehen, ich bin sa so
839 2907 1065 3058 froh.
