2856 3448
2101 328 2251 470 199
526 418 2310 632 Gregor:lnachden sich der Vorhang eben wieder
523 584 2495 756 gesenkt, nach rückwärts zu Franzil Friesel, Franzt,
515 740 1406 888 so stehn die doch aufl
521 848 2529 1028 Löblein:(auf die Bühne) Friesell Ja, nas ist denn?
513 988 2574 1173 Die eine Schauspielerin: Ich glaub, sie ist ohnmach-
521 1112 703 1287 116.
550 1231 2051 1427 Erepizient: Was ift denn da geschehend
560 1374 2415 1567 Toblein: Auf den Vorhang! Der Autor soll allein
526 1559 2495 1689 herauskommen. (zum Inepizienten) Nicht den grossen
536 1652 2368 1823 Vorhang. Zwischenvorhang! Den grossen hinauf!
544 1781 2468 1955 Ixepizient:lrasch zu Karl. Bern) Sie müssen jetzt
534 1913 2658 2088 unbedingt alle in herausi. Die Friesel ist ohnmächtig.
542 2032 1654 2222 Ider Applaus wird schwächer!
528 2169 2421 2347 Löblein:(nach vorn rufend) Geschwind, geschwind,
531 2328 1710 2476 sonst gehts überhaupt ninner.
568 2436 2542 2632 reguletn: lder auch auf die Srene gekonnen ist, zun
534 2584 1839 2756 Ansager) Den Doktor Fraun rufen.
531 2716 2230 2883 Eneager: Ee ist schon wer un ihn gegangen.
576 2830 2492 2994 lindbggen ist der Prospekt in die Röhe gegangen.
547 2973 2571 3102 dass also die ganze Szene K für den Zuschauer über-
