2872 3416
2197 178 2354 363 253
717 389 2464 560 regulein: Es sieht dir übrigene ähnlich, dass
665 518 1656 670 du heute im Theater bist.
665 628 2481 815 Roveda: Wenn ich nicht da wäré, sähe es mir ge-
661 759 2429 937 radeso ähnlich. Mir sieht alles ähnlich.Als0
665 911 2492 1073 Ldieu, lieber Fregulein; und falls wir uns nicht
649 1049 2457 1190 wiedersehen sollten, behalte mich in gutem An-
611 1169 996 1319 gedenken:
672 1288 2422 1466 tregulein: Da willst doch nicht wirklich das
658 1424 1703 1598 Residenztheater verlassen?
649 1555 2481 1708 Roveda: Berlin hat telegraphiert. Ich gastiere
651 1656 2371 1839 AächsteWoche als Maria Stuärt, Feodora und
656 1815 2457 1986 Kameliendame. Wese Schniere sicht mich nicht
647 1949 944 2101 wieder.
698 2075 2132 2237 regulein: Ich falle aus den Wolken.
647 2223 1452 2375 Roveda: Liege weicht
649 2331 2521 2514 (Baron und Regisseur Löblein die Stiege herauf)
640 2478 2441 2638 Löblein: Im Ganzen ist die Stimmung doch sehr
649 2628 832 2750 gut.
647 2724 2525 2888 Ratk Baron: Das bilden Sie sich immer ein. Be-
637 2860 2485 3045 rufskrankheit der Regisseure. Doktor Falk fin-
