2856 3480
2364 206 2592 353 880
1264 392 1805 570 Viertes Biid.
585 520 1630 630 Ine Bühne im Probenzustand.
504 596 2294 752 Der Verabgelassene Vorhang des Bühmentheeters
509 708 2484 823 es auch weiterhin genannt wird,, um Verwechslungen
522 844 2479 956 vorzubeugen) bildet vorläufig den Hintergrund.De
522 985 2511 1095 Zuschauerraum des Bühnentheaters, der später sicht-
522 1126 1753 1283 bar wird, ist rückwärts gedacht.
507 1217 2443 1351 Rechts steht die Dekoration: eine Seitenwand mit
520 1398 2518 1539 Eingangstür, an der Wand ein Schrank. Linke ist die
507 1515 2451 1630 Dekoration unvollständig. er Einige Coulissen,
509 1646 2563 1787 hier sieht man auch Bühnenarbeiter,von Fall zu Fall
517 1776 1894 1871 den Inspizienten,Schauspieler etc.
525 1884 2498 2022 In der Mitte der Bühne steht ein Schreibtisch mit
515 2035 2602 2200 Sesseldavor und ein zweiter Sessel. Auf dem Schreib-
517 2168 2612 2265 tisch einige Papiere und Bücher. Eindruck des Nicht-
520 2302 1021 2448 definitiven.
512 2409 2500 2571 nahe am Vorhang des Bühnentheaters der Regietisch
517 2511 2424 2686 mit Lempe. Der Regisseur Löblein sitzt daren. In
507 2704 2529 2803 Souffleurkasten des Bühnentheaters die Souffleuse,
517 2816 2453 2944 die ihr Gesicht also dem Publikum zugewandt hat.
525 2947 2396 3072 Gregor gehtauf der Bühne hin und her, sichtlich
609 3104 818 3250 rrös
