2824 3432
2249 250 2419 442 165
1102 378 2422 566 ih verstenen. Vielleicht fühle ieh
652 512 801 652 mich
1191 554 2493 707 jeh nicht ganz mert. Ee ist ja ein
635 645 1495 806 so unverdientes Glück.
618 801 1122 904 Mathilde: ne
1132 771 2298 959 sprichst du denn für Unsinn!
625 909 2605 1090 Richerd: Din Wesen wie du;-du weiset ja selbet ger
618 1028 2511 1233 nicht, mas für ein köptliches, was für ein munder-
618 1179 922 1320 bares-
603 1288 2365 1465 Mathilde: Nicht zu viel, du darfst mich nicht
620 1436 1456 1611 gleich vermöhnen.(510
1485 1438 2106 1609 sprecten weiter.
613 1552 2471 1784 Wie alte frau Priesel und Mili konnen von rech
608 1700 885 1811 unten)
603 1804 2407 1987 Wili: JeeeanzinPra
603 1940 2555 2113 xE Ich heb auch die Frau Mentzel gesprochen, Frei
610 2076 2422 2254 inenzrat, ein kolosseler Erfolg,sagt sie. Und
596 2202 2489 2375 dritten lkt gestem bei der Probe, da heben s' ge-
596 2338 1330 2484 meint im Parterre.
613 2444 2595 2657 Trr. Priesel: Von einer Nenuneration meise ich noch
586 2605 907 2753 nichts.
591 2721 2434 2909 wili: Nber des kann ja nicht gleich konnen. Er
586 2854 2377 3057 wird schon mehr konnen ais eine Renuneration.
571 2993 1554 3203 Matter: Mär sohon Zeitt
