2856 3480
2163 212 2353 417 124.
612 333 2264 492 kommt Franzi herein, in erhöhter Stimmung)
625 506 2431 649 Franzl: Guten Tag, vielmehr guten Abend. (küsst
627 641 1449 740 flüchtig:die Mutter)
615 752 2038 911 Mutter: Heut is aber spät geworden.
627 885 2431 1066 Franzi: Guten Abend, Fräulein Mili. (legt rasch
620 1032 755 1155 ab1
615 1116 2071 1317 Mili: Guten Abend, Fräulein Franzi.
615 1256 2380 1447 Mutter: (bringt vom Ofen das Essen her) Musst
620 1415 1710 1538 einen schönen Hunger haben.
612 1546 2324 1712 Franzi: Nicht so arg. (sie macht Licht) in
608 1685 1874 1833 der Dunkelheit arbeiten Sie da.
598 1784 2539 1970 Mutter: Man kann doch nicht schon um drei anzün-
600 1946 798 2076 den.
608 2038 2414 2230 Franzl: (bei Mili, ihre Arbeit betrachtend) Das
598 2221 1946 2353 wird ja sehr hübsch. Urei Reihen?
596 2312 1702 2481 Mili: Vier, Fraulein Fränzl.
615 2452 2493 2609 Franzi: Sehr hübsch. Und am End werd“ ich's gar
593 2590 1500 2739 nicht brauchen können.
596 2705 2464 2872 Mutter: (hat eben den Teller hingestellt) Haben
608 2848 2011 3019 s' dir die Rolle wieder abgenommen?
608 2978 2529 3159 Franzi: Nein, ich spiel eine andere, (an den Tisch
600 3108 1336 3289 setzt sich niederl
