2808 3512
353 1313 498 1514 F.
2111 348 2253 500 101
523 485 1372 716 dte Gelegenheit. dazu.
528 673 2484 856 Frau Menzel, die Garderobiere: (voh rechts, zu Fran-
516 826 2337 1013 21) Ein biel Rouge noch, Fräulein Friesel, Sie
518 952 1090 1120 sind zu blass.
518 1067 1930 1229 Franzl: (benützt ihren Zippenstift.1
521 1214 2484 1417 Irspialent: (tritt zu Franzi, gibt ihr ein. Zeichen)
523 1354 1062 1506 Ich weiss je.
526 1473 1491 1638 nepizient: (wieder fort)
526 1595 1958 1788 Dregulein: (zu Franzi) Göscheit sein!
503 1742 2436 1915 Franzl; (plötzlich) Was wollen Sie denn, Herr Dre-
505 1885 2403 2073 guleint Ee iet alles in Ordnung. Ich denk über-
498 2004 2537 2187 haupt nicht mehr an ihn. Ich hab schon wen andern.
719 2111 914 2200 Uur
505 2174 2522 2355 Dregulein: Sie nuszen ja nicht gleich einen Mneinn
503 2289 770 2451 reden.
513 2426 2266 2596 Inepizient: (macht Franzi wieder ein Zeichen)
508 2548 2517 2733 Franzi:ltriti nun durch die Rüre der Prospekte auf
500 2680 914 2850 die Brenel
498 2824 1392 2977 Gregor:ltritt zu Dregu
1643 2807 2410 2995 was sagst du zu dem
490 2951 759 3142 Madel?
