2856 3480
560 455 838 585 sanmen)
558 542 1580 742 Franzl: Darf ich dir here
558 702 1368 880 Richard: Bitte sehr.
550 828 1838 1010 Franzi: (teilt vor, nimmt dann auc
568 988 1928 1120 (Zeni und Baronin sind abgegangen)
558 1078 2430 1305 Richard: (raschl Da wie sehn denn eigentlich die
552 1252 865 1378 Proben?
570 1350 2448 1512 (Baronin bringt von draussen den Wein im Kübel)
562 1510 2450 1658 Baronin: Ich hab ihn ein wenig eingekühlt. Bon
552 1648 1095 1785 appetit. (abl.
552 1750 1928 1928 Richard: Darf ich dir einschenken?
562 1868 1278 2022 Franzi: (nickt nurt
560 2022 2390 2158 Richard: (schenkt ein,Schweigen.Dann plötzlich)
570 2128 1385 2285 wie gehn die Proben?
560 2272 1132 2415 Franzi: (lacht)
552 2392 1578 2542 Richerd: Warum lachst du?
562 2522 2542 2698 Franzi: Weil du um Dinge fragst, die dich nicht im
558 2675 1570 2825 geringsten interessieren.
558 2788 2562 2985 Richard: Wie kannst du das sagen? ich bin doch mit
550 2915 1375 3112 dem Autor befreundet
