2856 3464
2091 277 2245 416 193
591 426 2551 647 John: No ist das Puffet? Wo bleibt der Realisnus?
596 606 2487 791 Baron: (zum Irepizienten) lassen Sie den Vorhang
599 765 2551 932 nach Schlues nicht so geschwind wieder aufziehen.
591 871 2451 1048 Das verstimmt die Leute. Warten! Dann, wenn der
622 1022 2515 1187 Epplaus stärker wird, alle Darsteller auf einmal,
588 1138 2546 1323 beim zweiten Mal -(zu Karl Bern) Sie, Herr Doktor.
599 1264 2548 1446 lauf die Bühne lauschend) kein Wort versteht man.
575 1421 1996 1585 Hatren Sie mir gefolgt, Herr Doktor.
588 1534 2435 1734 Karl Bern: Die Sachen mues sie ja leise sagen.
588 1693 2597 1862 Baron: Da hätten Sie sie ja gar nicht zu schreiben
586 1811 2515 1981 brauchen. Den Schlues werde ich mir von oben an-
583 1932 2558 2147 sehen. (zu Löbleinl Ketren Pie, was noch zu retten
581 2076 1998 2243 iet. lab ohne Karl Bern zu grüssen!
591 2207 2523 2384 Karl Bern:(zu Lobleinl Ich scheine ja einigermas-
578 2343 1880 2507 sen in Ungnede gefallen zu sein.
581 2474 2633 2656 Lsblein: Machen Sie sich nichts draus. Das wechselt
586 2605 2484 2790 beim Beron.Es konnt genz darauf an, menn er jetzt
578 2749 2433 2926 begegnen wird, was morgen in der Zeitung steht,
581 2864 2641 3054 mieviel morgen in der Kasse ist. Das zusonnen durch
578 2998 2479 3219 prei dividiert, das ist denn sein kintderisches
