2824 3512
547 470 1092 713 Fritter Mld.
604 631 1783 787 Ene Kafteebaue altideren Raugt
1904 730 2409 943 AFfet. an d
592 797 1719 916 der Haupteingang rechts. Link
738 926 2444 1102 Kassterin atetr beschäftigt ist. Bedienend
547 963 671 1067 ai
550 1077 1689 1223 ein Fellner und ein Piesole.
649 1144 2580 1322 Hintergrund drei Fensternischen alt augeeogenen
562 1312 2518 1506 Vorhangen, einer nur zur Mälfte, so dase der Sohnee
550 1439 1969 1595 fall auf der Strasse sichtbar ist.
570 1575 2558 1780 Mintergrund eine Parokpartie, an anderen Fechen
570 1728 1414 1897 2ilge Geitangeleser.
1515 1800 2454 1951 Antuarte splelen Degel.
594 1845 1473 1961 einen Allard linke
562 1971 2144 2097 mann und Dregulein eine Carembolpartie.
562 2080 2459 2276 dohn schreibt den Sillardspielern auf (fafel und
570 2248 1352 2350 Kreide in der Hand.)
560 2310 2479 2486 Dogelmann, eden noch sugendlicher Sohauspleler, ue
570 2506 1647 2687 groktoch ale elegant. Drege
572 2600 2516 2739 tregulein. Jünger, klein zierlich, besondern seignie
565 2759 2191 2952 sohn, etwas viervohrotis. slemlich saderp.
565 2865 2521 3024 Dogelmann, glokst eben, Ärgerlich, sucht andern duer
