2840 3448
563 325 2609 509 als dase ich es nicht ertrage, dass es inner schlin-
555 483 2450 655 mer wird als besser, dass ich leide, leide, leide.
558 601 2471 747 (Grosse Pause. Er am Fenster abgewendet von ihr)
542 742 2545 895 Franzi: Dann wird es ja doch wohl das Beste sein,
540 857 1315 1003 wirssagen uns Adieu.
542 972 1739 1166 Licherd: (wendet sich brück und
570 1133 2437 1317 renzi: So kenn es nicht weiter gelien. Ich kenn
527 1230 2499 1417 nicht mein Leben lang - es ist unser Beider nicht
527 1378 2425 1568 würdig. Wir woflen scheiden,Richard. Wozu immer
524 1514 2376 1696 Rxkardz wieder desselbe -(sie schüttelt sicht
512 1667 2315 1836 Hein, neinl lmit einem plötzlichen Entschluse)
517 1749 875 1903 Lebwohl!
522 1877 2573 2082 Lichard: lbei ihrl Ehe ich dich gehen lasse, ehe ich-
524 2043 1023 2153 Franzi: Nun?
509 2151 2414 2330 Richerd: fosst sie bei den Schultern) Bring ich
514 2299 1414 2437 dich um und mich dazu.
514 2404 2552 2627 Frenzi:(erleichert lächelnd) Konisch, somas hört man
509 2570 1128 2701 doch ganz gern.
494 2683 2519 2859 Richerd: Ich lass dich nicht fort, überheupt nicht,
496 2836 2547 3000 wenigstens nicht von meiner Seite. Wir beide zusem-
494 2944 2384 3153 nen, darüber liesse sich reden. Ich glaube soger
494 3089 1274 3251 es wäre die lösung.
