2856 3432
249 270 442 468 329
1205 442 1978 647 pere ehr nicht übel.
506 475 1076 694 Kerl Fern:Freg
498 545 2389 843 Rieherd: Er märe inverhin möglich, dars Fräulein
498 730 1901 935 Friesel schon selbst gewählt hatte.
514 812 2553 1045 Kerl dern: Nun menn schon, es soll schon vorgekommen
519 976 2492 1189 sein, dass eine junge Künstlerin zwer Liebhaber ge-
524 1159 889 1323 hapt hat.
529 1228 2553 1456 Richerd: Aber auch, dass eine ihren einzigen Liebna-
527 1444 1053 1564 ber treu war.
534 1490 2556 1685 Karl fern: Freue ist eine Fiktionike gibt Angst vor
527 1644 2448 1832 Rebenche. Auch menn mir lieben sind mir polsgau.
545 1757 2001 1957 Treue ist sequenlichkeit oder Anget.
545 1867 2515 2094 Richerd: Dass. gerade Sie das sagen. Wenn man ihr
542 2052 2397 2207 Stück kennt - es kanuelt sich doch um eine, die
545 2163 2153 2348 fast zugrunde geht auf mirklicher liebe.
552 2276 2525 2471 Keri dern: Woher kennen Sie mein Stuck? Ee ist se
565 2415 2399 2638 Menuscrapt. Aeg fräulein friesel. Sie ist es:
560 2551 2481 2749 Und ich, der ichdachte, dass sie eichnoch nicht
573 2723 2636 2877 getröstet hat über voktor berola, hm. Das erleichtert
565 2880 1130 3077 mir die Spche,
