2840 3512
223 171 504 369 15.4.829
625 376 2388 590 Bicherd: Aber ich bestehe jetzt darauf, dass
635 572 1342 733 Sie weiter reden.
635 652 2386 833 karl Bern: Und ie gestatten mir aufrichtig
642 843 998 973 zu sein.
640 953 1889 1119 Richard: Ich ersuche Sie darum.
637 1049 2582 1264 Karl Bern: Also, kurz und gut. Sie sind nicht der
632 1197 2381 1372 Mann für einexerite Beziehung mit einer
637 1345 2494 1493 künstlerin, besonders mit einer Schauspielerin.
655 1493 2461 1661 Und Fraulein Friesel dürfte kaum die Richtige
645 1628 1202 1754 für Sie sein.
657 1716 2544 1907 Zichard: (nervös) Was Sie zu erläutern haben wer-
645 1892 833 2045 den.
635 1964 2579 2170 Karl Fern: Darum spiele ich ja Schach mit Ihnen.
637 2153 1182 2311 Richerd: Nur?
640 2255 2544 2433 karl Bern: Im Ernst gesprochen, Fräulein Friesel
642 2393 2617 2566 braucht Freiheit für ihre künstlerische Exlstenz,
635 2519 2647 2699 Freiheit - verstehen Sie mich? - äussere und inne-
640 2634 2499 2790 re. Sie nären instande ihr zu verbitten,um nur
640 2747 2584 2928 eines zu ernähnen sich, wenn es sich so fügt, für
637 2875 2594 3063 eine gute Kolle den Direktor, den Regisseur, ihren
635 3031 1789 3186 Fartner dankbar zu erweisen.
