2872 3480
2104 301 2258 430 183
430 435 1741 621 1mhesterarbeiter seinet die Kürel
453 610 1669 791 Eeparl. stritt auf die Bühne 1.
479 729 2086 894 (Vermehrte borausche sto., fure wie der zul
464 857 2348 1092 Gregor:stritt zu Preguleinl Was saget du zu dem
443 999 711 1164 Madel7
453 1115 1300 1290 Dregulein-lütckt nur)
464 1239 2346 1432 Gresor: Aber ich kenn mich in ihr nicht aus. In
453 1388 2266 1535 manchen Momenten möchte man beinahe glauben-
456 1527 1620 1700 Dregulein:1sieht ihn anl Mas?
453 1635 2410 1810 Gregor: Aber dann spürt man wieder, dass sie einen
445 1772 2426 1926 gar nicht gemeint hat, sondern nur dieses lacherli-
443 1903 1640 2060 che Individuum, das man spleit.
453 1998 2271 2204 tuepialent: (zu Gregot) Sie konnen gleich drän.
448 2166 1269 2328 dropetetendergatete
451 2271 2521 2467 Dregulein: (zu Gregot) Seit wann nimmet du das so ge-
443 2449 623 2580 nau?
435 2526 2423 2745 Stubenaadchen: (komnt mit dem leeren Fablett durch
438 2678 2292 2889 ato ruchnärtige füre und geht nach rechte abl.
445 2835 2490 3002 Gregor:lgeht auf die andere Seite zu der Püre linkis
1293 2969 2384 3136 auf die Buhne hineustritt!
438 2959 1161 3075 durch die er dann
