2888 3560
566 407 2482 650 Anteinette: Es könnte ja der Fall sein, dass ich
590 569 2524 762 Ihnen nicht sympathisch wäre oder dass ich Ihnen
574 705 2600 898 mit der Zeit allzu sympathisch würde. O,halten Sie
587 822 2654 1036 mich nicht für kokett!. Ichbliebe Ludwig,-ich liebe
608 1023 979 1159 ihn sehr.
600 1060 2678 1271 Richard: (förmlich) EE wird sich seines Glücks gewiss
611 1268 1501 1391 immer würdig erweisen.
611 1349 2660 1524 Antoinette: (lacht) Sie sprechen wie ein Buch. Sei-
611 1522 2665 1676 en Sie ehrlich. Extrerxferktttximerkexgagen
613 1610 1942 1783 Ist alles vorbei mas vor mir war?
616 1741 1997 1942 Richar d: Wie können Sie zweifein?
2430 1856 2613 2049 Eide
611 1853 2396 2065 Antoinette: Ach, ich denke nicht an diese Fra-
621 2054 812 2211 hof.
621 2140 2563 2305 (diese steht nun mit den jungen Leuten Grade und
616 2333 877 2495 Rutiel
634 2378 2213 2615 Die mar inner belanglos. Aber - Prenzl.
639 2558 1274 2701 Richard: (Blick)
632 2688 2727 2861 Antoinette: Ja, ich kenne auch den Nanen. Ist es wirk
652 2834 1193 2970 lich zu Ende?
642 2918 2631 3135 Righard: Längst.-Noch bevor er sich offiziett mit
660 3064 1916 3276 innen verlobt hatte, Antoinette.
