<?xml version="1.0" encoding="UTF-8" standalone="yes"?>
<PcGts xmlns="http://schema.primaresearch.org/PAGE/gts/pagecontent/2013-07-15" xmlns:xsi="http://www.w3.org/2001/XMLSchema-instance" xsi:schemaLocation="http://schema.primaresearch.org/PAGE/gts/pagecontent/2013-07-15 http://schema.primaresearch.org/PAGE/gts/pagecontent/2013-07-15/pagecontent.xsd">
    <Metadata>
        <Creator>prov=READ-COOP:name=PyLaia@TranskribusPlatform:version=2.7.0:model_id=50870:lm=none:date=22_01_2024_16:59</Creator>
        <Created>2023-09-27T14:32:13.236+02:00</Created>
        <LastChange>2024-01-22T16:59:10.652+01:00</LastChange>
        <TranskribusMetadata docId="1589029" pageId="60121857" pageNr="7" tsid="145626634" status="IN_PROGRESS" userId="40391" imgUrl="https://files.transkribus.eu/Get?id=MUZQDWNBPDLTZONUYNZHOPIT&amp;fileType=view" xmlUrl="https://files.transkribus.eu/Get?id=QPQEWEJTTJQAPYAVFTQGEIZN" imageId="48546936"/>
    </Metadata>
    <Page imageFilename="1589029_0007.jpg" imageWidth="2888" imageHeight="3592">
        <ReadingOrder>
            <OrderedGroup id="ro_1711794895481" caption="Regions reading order">
                <RegionRefIndexed index="0" regionRef="tr_1"/>
            </OrderedGroup>
        </ReadingOrder>
        <TextRegion orientation="0.0" id="tr_1" custom="readingOrder {index:0;}">
            <Coords points="617,499 617,3105 2720,3105 2720,499"/>
            <TextLine id="tr_1_tl_1" custom="readingOrder {index:0;}">
                <Coords points="604,622 1539,617 1542,470 1503,457 1401,506 607,499"/>
                <Baseline points="617,584 663,578 709,578 755,578 802,577 848,575 894,575 940,573 987,572 1033,570 1079,569 1125,569 1172,567 1218,566 1264,564 1310,565 1357,566 1403,561 1449,560 1495,563 1542,569"/>
                <TextEquiv>
                    <Unicode>toinette und Karl Bern.</Unicode>
                </TextEquiv>
            </TextLine>
            <TextLine id="tr_1_tl_2" custom="readingOrder {index:1;}">
                <Coords points="607,771 1028,732 1259,766 1694,722 2241,740 2246,614 609,655"/>
                <Baseline points="620,710 701,712 782,710 864,710 945,707 1027,704 1108,704 1190,700 1271,695 1353,692 1434,692 1515,692 1597,689 1678,683 1760,683 1841,680 1923,680 2004,680 2086,672 2167,670 2249,668"/>
                <TextEquiv>
                    <Unicode>Meiter rückwärts Mathilae Veitz mit ihrer</Unicode>
                </TextEquiv>
            </TextLine>
            <TextLine id="tr_1_tl_3" custom="readingOrder {index:2;}">
                <Coords points="609,866 763,900 1007,871 1103,871 1144,905 1321,894 1360,864 1467,876 1470,784 1218,740 1113,786 979,789 915,753 609,797"/>
                <Baseline points="623,844 665,844 708,844 750,844 793,842 835,841 878,839 920,838 963,838 1005,836 1048,835 1090,836 1133,838 1175,837 1218,834 1260,831 1303,829 1345,829 1388,826 1430,829 1473,832"/>
                <TextEquiv>
                    <Unicode>und Dr. luarig Gerold.</Unicode>
                </TextEquiv>
            </TextLine>
            <TextLine id="tr_1_tl_4" custom="readingOrder {index:3;}">
                <Coords points="607,1028 848,1061 1126,1005 2113,1015 2151,1007 2156,866 609,915"/>
                <Baseline points="623,975 699,972 776,972 853,970 930,969 1007,965 1083,966 1160,963 1237,959 1314,954 1391,954 1467,954 1544,950 1621,948 1698,945 1775,942 1851,942 1928,939 2005,940 2082,936 2159,933"/>
                <TextEquiv>
                    <Unicode>Frau Eidernot mit Dr. Richera Fricke in</Unicode>
                </TextEquiv>
            </TextLine>
            <TextLine id="tr_1_tl_5" custom="readingOrder {index:4;}">
                <Coords points="612,1182 766,1144 1421,1126 1542,1177 1545,1051 1480,1025 1336,1038 1231,1002 1139,1046 1069,1015 853,1061 786,1018 617,1038"/>
                <Baseline points="629,1097 675,1103 721,1103 767,1103 813,1103 859,1101 905,1098 951,1097 997,1097 1043,1095 1090,1094 1136,1094 1182,1092 1228,1089 1274,1088 1320,1085 1366,1085 1412,1085 1458,1085 1504,1088 1551,1085"/>
                <TextEquiv>
                    <Unicode>sidon tritt bald ninzu.</Unicode>
                </TextEquiv>
            </TextLine>
            <TextLine id="tr_1_tl_6" custom="readingOrder {index:5;}">
                <Coords points="612,1393 915,1434 1989,1367 1989,1285 1943,1267 1614,1231 1272,1303 953,1264 614,1293"/>
                <Baseline points="629,1357 697,1363 765,1360 833,1360 902,1360 970,1360 1038,1357 1107,1357 1175,1355 1243,1353 1312,1351 1380,1348 1448,1348 1516,1345 1585,1345 1653,1340 1721,1336 1790,1335 1858,1336 1926,1334 1995,1339"/>
                <TextEquiv>
                    <Unicode>An suffet. Beron Gradel und Rutte.</Unicode>
                </TextEquiv>
            </TextLine>
            <TextLine id="tr_1_tl_7" custom="readingOrder {index:6;}">
                <Coords points="614,1547 745,1550 802,1516 856,1552 920,1529 1131,1547 1133,1406 1118,1401 997,1398 828,1444 771,1406 720,1424 617,1403"/>
                <Baseline points="629,1494 654,1494 679,1494 705,1494 730,1494 755,1494 781,1494 806,1494 831,1493 857,1492 882,1491 907,1491 933,1490 958,1488 983,1488 1009,1488 1034,1488 1059,1488 1085,1488 1110,1488 1136,1488"/>
                <TextEquiv>
                    <Unicode>Brreudrint</Unicode>
                </TextEquiv>
            </TextLine>
            <TextLine id="tr_1_tl_8" custom="readingOrder {index:7;}">
                <Coords points="619,1694 1722,1681 1984,1635 2352,1670 2678,1617 2681,1516 2344,1491 1791,1552 1632,1527 1578,1568 1275,1519 997,1560 920,1529 717,1586 625,1552"/>
                <Baseline points="635,1622 737,1626 840,1627 942,1628 1045,1624 1147,1617 1250,1611 1352,1610 1455,1610 1557,1608 1660,1605 1762,1601 1865,1600 1967,1593 2070,1589 2172,1584 2275,1581 2377,1584 2480,1580 2582,1575 2685,1560"/>
                <TextEquiv>
                    <Unicode>Rutteljanger Mensch, ait einen gewhtten Chanpegner-</Unicode>
                </TextEquiv>
            </TextLine>
            <TextLine id="tr_1_tl_9" custom="readingOrder {index:8;}">
                <Coords points="630,1838 2454,1776 2490,1637 2190,1678 1994,1640 1670,1691 1550,1655 1457,1699 1169,1663 833,1719 632,1694"/>
                <Baseline points="644,1772 736,1764 829,1761 921,1755 1014,1754 1106,1754 1199,1748 1291,1745 1384,1742 1476,1739 1569,1736 1661,1735 1754,1730 1846,1725 1939,1724 2031,1724 2124,1718 2216,1718 2309,1715 2401,1718 2494,1715"/>
                <TextEquiv>
                    <Unicode>gles, das er eben den Diener zum Füllen reicht.</Unicode>
                </TextEquiv>
            </TextLine>
            <TextLine id="tr_1_tl_10" custom="readingOrder {index:9;}">
                <Coords points="619,1912 2678,1843 2681,1763 2606,1750 622,1838"/>
                <Baseline points="635,1894 737,1891 840,1891 942,1885 1045,1885 1148,1885 1250,1879 1353,1873 1456,1873 1558,1870 1661,1867 1764,1864 1866,1861 1969,1861 2072,1852 2174,1849 2277,1848 2380,1846 2482,1844 2585,1838 2688,1834"/>
                <TextEquiv>
                    <Unicode>Baron Gradel, etwas Alter, sicherer, ein bischen erro-</Unicode>
                </TextEquiv>
            </TextLine>
            <TextLine id="tr_1_tl_11" custom="readingOrder {index:10;}">
                <Coords points="632,2095 2660,2025 2663,1902 2621,1884 2395,1927 2316,1894 637,1969"/>
                <Baseline points="650,2025 750,2025 851,2022 952,2016 1053,2016 1154,2015 1255,2010 1355,2005 1456,2004 1557,1998 1658,1993 1759,1992 1860,1989 1961,1991 2061,1986 2162,1981 2263,1977 2364,1975 2465,1974 2566,1970 2667,1966"/>
                <TextEquiv>
                    <Unicode>gent, aus dem 2. Zinmer, zu Rutte hin. Man konnte all.</Unicode>
                </TextEquiv>
            </TextLine>
            <TextLine id="tr_1_tl_12" custom="readingOrder {index:11;}">
                <Coords points="635,2210 766,2197 784,2213 894,2187 943,2205 1172,2202 1174,2100 1144,2084 1046,2107 997,2087 974,2105 637,2092"/>
                <Baseline points="650,2151 676,2153 702,2154 728,2154 755,2155 781,2156 807,2154 833,2155 860,2156 886,2155 912,2154 938,2154 965,2153 991,2151 1017,2150 1043,2148 1070,2148 1096,2148 1122,2148 1148,2147 1175,2145"/>
                <TextEquiv>
                    <Unicode>mählig gehen.</Unicode>
                </TextEquiv>
            </TextLine>
            <TextLine id="tr_1_tl_13" custom="readingOrder {index:12;}">
                <Coords points="635,2334 822,2352 864,2321 1195,2336 1270,2308 1511,2354 1514,2218 1205,2184 1067,2241 825,2190 635,2213"/>
                <Baseline points="650,2279 693,2277 737,2279 780,2280 824,2281 867,2279 911,2279 954,2279 998,2279 1041,2278 1085,2276 1129,2276 1172,2275 1216,2273 1259,2273 1303,2270 1346,2267 1390,2267 1433,2264 1477,2270 1521,2264"/>
                <TextEquiv>
                    <Unicode>Autte: Ein blas noch.</Unicode>
                </TextEquiv>
            </TextLine>
            <TextLine id="tr_1_tl_14" custom="readingOrder {index:13;}">
                <Coords points="640,2462 912,2485 1519,2434 1588,2483 1969,2426 2038,2462 2339,2439 2341,2331 2287,2300 1886,2336 1676,2305 1565,2349 1329,2318 956,2367 645,2341"/>
                <Baseline points="656,2419 740,2416 825,2416 909,2413 994,2410 1078,2407 1163,2405 1247,2403 1332,2398 1416,2398 1501,2398 1586,2398 1670,2395 1755,2390 1839,2384 1924,2383 2008,2380 2093,2376 2177,2375 2262,2374 2347,2371"/>
                <TextEquiv>
                    <Unicode>Gradel: Einverstanden. (zum Dienerl Bitte.</Unicode>
                </TextEquiv>
            </TextLine>
            <TextLine id="tr_1_tl_15" custom="readingOrder {index:14;}">
                <Coords points="642,2627 820,2614 866,2570 966,2619 1277,2570 1336,2598 1449,2580 1452,2485 1061,2447 820,2503 779,2465 645,2470"/>
                <Baseline points="659,2529 701,2544 743,2544 785,2544 827,2544 869,2544 911,2542 953,2541 995,2539 1037,2540 1079,2540 1121,2538 1163,2537 1205,2533 1247,2530 1289,2532 1331,2532 1373,2529 1415,2532 1458,2529"/>
                <TextEquiv>
                    <Unicode>Siener:fsohennt ein.</Unicode>
                </TextEquiv>
            </TextLine>
            <TextLine id="tr_1_tl_16" custom="readingOrder {index:15;}">
                <Coords points="650,2752 1095,2719 1246,2786 1483,2706 1910,2734 2043,2686 2118,2722 2570,2673 2573,2521 2452,2578 2382,2534 2087,2591 1953,2557 1347,2627 1203,2583 653,2619"/>
                <Baseline points="668,2673 763,2676 858,2676 954,2676 1049,2673 1145,2667 1240,2667 1336,2664 1431,2661 1527,2660 1622,2655 1717,2652 1813,2649 1908,2649 2004,2648 2099,2640 2195,2639 2290,2638 2386,2634 2481,2634 2577,2631"/>
                <TextEquiv>
                    <Unicode>Kuste:l mit blick auf Antoinette 1 Rübsen sieht</Unicode>
                </TextEquiv>
            </TextLine>
            <TextLine id="tr_1_tl_17" custom="readingOrder {index:16;}">
                <Coords points="650,2868 951,2853 1000,2830 1067,2863 1162,2842 1226,2858 1228,2758 1182,2737 1154,2755 1090,2724 905,2760 653,2752"/>
                <Baseline points="665,2813 693,2813 721,2813 750,2812 778,2810 806,2809 835,2807 863,2807 891,2807 920,2807 948,2805 976,2803 1005,2801 1033,2803 1061,2804 1090,2804 1118,2803 1146,2801 1175,2801 1203,2801 1232,2801"/>
                <TextEquiv>
                    <Unicode>die Braut aus.</Unicode>
                </TextEquiv>
            </TextLine>
            <TextLine id="tr_1_tl_18" custom="readingOrder {index:17;}">
                <Coords points="648,2991 2156,2950 2352,3004 2670,2940 2711,2920 2714,2830 2452,2814 2300,2853 2251,2809 1866,2814 1619,2850 1501,2814 1329,2860 650,2868"/>
                <Baseline points="665,2935 767,2938 870,2936 973,2935 1076,2934 1178,2929 1281,2926 1384,2923 1487,2920 1589,2915 1692,2914 1795,2910 1898,2905 2000,2908 2103,2902 2206,2901 2309,2900 2411,2895 2514,2891 2617,2885 2720,2884"/>
                <TextEquiv>
                    <Unicode>Grasel: Eher interessant.. Sie wird unseren Freund</Unicode>
                </TextEquiv>
            </TextLine>
            <TextLine id="tr_1_tl_19" custom="readingOrder {index:18;}">
                <Coords points="650,3117 2107,3102 2197,3045 2200,2961 653,2999"/>
                <Baseline points="665,3075 746,3072 827,3072 908,3069 989,3066 1070,3064 1151,3063 1232,3060 1313,3060 1394,3054 1475,3053 1556,3051 1637,3048 1718,3043 1799,3043 1880,3043 1961,3044 2042,3040 2123,3039 2204,3037"/>
                <TextEquiv>
                    <Unicode>Gerole manche Ause aufzuknecken geben.</Unicode>
                </TextEquiv>
            </TextLine>
            <TextEquiv>
                <Unicode></Unicode>
            </TextEquiv>
        </TextRegion>
    </Page>
</PcGts>
