2792 3416
575 373 1113 608 britter sile.
590 570 1683 718 Refiechaus mässigen Ranges.
580 635 2434 850 Daupteingang rechte, linke sufiet, lassierin in
578 833 2494 993 Ziniergrund drei Penstemischen, Verhänge zugeze-
595 963 2361 1161 gen,einer nur zur Mäifte, Schnesfall draussen.
593 1098 955 1261 Elohtver.
595 1181 2194 1386 sillardspielend bögeimann und Dregulein.
585 1346 2396 1496 im Hintergrund eine Tarokpartie, an anderen Ti-
585 1486 1658 1583 schen einige Zeitungsleser.
593 1611 2204 1796 Dregulein Jünger, klein, zierlich, besonders
590 1741 2344 1903 Dogelmann, eben noch jugendlicher Schauspiele.
585 1868 2384 2014 eilljardpartie im Gange. Anfangs nur Kollen
590 1993 1791 2136 Aneinanderprallen der Kugelp.
608 2124 2449 2284 John sitzt an einem Fisch und schreibt den bif
590 2254 1146 2406 spielern auf.
583 2364 2486 2566 vogelmann gicket, Ergert sich, sucht andern duene.
613 2514 2386 2689 regulein spielt und zähltl Siebenundzmenzig.
583 2601 2594 2841 schtundzmanzig, Neunundemauzig, dreiseig, Sinunadreis
590 2781 753 2891 eig.
590 2864 2509 3074 obgelmenn: Nieso einungdreiseigt sobala ich mich
585 3002 1748 3177 undreh machen Sie Ethe Serie.
