2888 3496
691 449 2401 659 Milt: (zur Gerderoblöre) ditt schen, leszen d
689 620 2584 811 mich da her.(sicht durch eine Lücke der Prospek-
686 777 1409 953 tes auf die Rühnel
699 892 2543 1053 John: (kommt als Moritzky, fast ohne Maskentritt
696 1045 2545 1211 zu Löblein) Na bin ich jetzt nach Ihren Gusto,
689 1185 1321 1343 Herr Regisseurz
696 1282 2662 1475 Mi21: (zur Garderobière) Ee ist, ale wenn sie eine
701 1439 2411 1575 genz andere Stimmne hätt - So wunderschön-
699 1529 2506 1739 Esbiein:(zu sohn) Wie ein Kanzleidiener schen
691 1720 1055 1864 Sie aus.
708 1820 2020 1988 Inspizient: Bittschön. Herr John.
708 1961 2621 2157 türe dinke wird geöffnet, Sohn tritt auf die Rüh
694 2132 877 2225 ne).
706 2215 2540 2401 Baron: skomnt erugt von linke, zu Löblein Ikein
694 2359 2548 2572 Tempo, kein Tempol Und von der Friesel versteht
689 2501 1280 2670 man keif Wort.
699 2645 2291 2804 Löblein: Das ist ja leider in dem Haue-
696 2765 2506 2931 Daron: Doktor Messer sagt auch, wir hätten das
691 2889 1976 3082 Stück lieber verschieben gollen.
689 3048 2220 3229 Löblein: Mer liest denn die Abendpocte
