2888 3480
2214 316 2359 442 122
2299 455 2460 566 len
838 463 1521 603 Habe nicht-
1298 442 2149 618 daran gküneizelt. Nur
905 641 1164 734 Sache-
1120 561 2537 763 gleien augehen. Im erzlen Akt haben
1402 698 2428 859 ider zu tun. Die Ensemble-
890 740 1371 872 was miteing
1151 804 1353 916 iteIn.
1166 882 1399 1003 ja jege
1322 838 2462 1003 desfalls neu arrangiert wer-
678 892 828 1019 ehen
579 1022 916 1195 den muss
582 1071 2612 1288 Franzi: Ich war ja bei allen Proben. Ich keune uie
623 1293 947 1435 Stellen.
603 1324 2653 1570 Gregor: Umso besser. Wie finden sie denn eigentlich
603 1552 1029 1689 das Stück?
610 1635 2095 1821 Franzi: Ich masse mir kein Urteil an.
613 1743 2669 1978 Gregor: Marum aieul? Sie haben zwei so kluge Augen
621 1875 2638 2046 und so eine helle Stirn. Sie sina noch nicht zwan-
626 2082 817 2214 2187
631 2152 1891 2356 Frauzi: Mein. Neunzein vorüber.
639 2281 2496 2485 uregor: Schön. Wer man auch einmal. Da spielte
644 2403 2516 2578 ich in Augeburg den Komeo. Also, der zweite Akt.
649 2540 2506 2736 Sie neven ja das such, wie ich sche. Wir wollen
659 2653 2710 2847 vor allem einmal Ihren Auttritt - Ich steh au Fen-
659 2803 2449 3008 ster - der Ofen ist das reusler - Sie kommen
670 2910 2749 3150 von dort, ich trete Ihnen rasch entgegen. Also bitte.
