<?xml version="1.0" encoding="UTF-8" standalone="yes"?>
<PcGts xmlns="http://schema.primaresearch.org/PAGE/gts/pagecontent/2013-07-15" xmlns:xsi="http://www.w3.org/2001/XMLSchema-instance" xsi:schemaLocation="http://schema.primaresearch.org/PAGE/gts/pagecontent/2013-07-15 http://schema.primaresearch.org/PAGE/gts/pagecontent/2013-07-15/pagecontent.xsd">
    <Metadata>
        <Creator>prov=READ-COOP:name=PyLaia@TranskribusPlatform:version=2.7.0:model_id=50870:lm=none:date=22_01_2024_17:00</Creator>
        <Created>2023-09-27T14:32:52.245+02:00</Created>
        <LastChange>2024-01-22T17:00:15.369+01:00</LastChange>
        <TranskribusMetadata docId="1589029" pageId="60123350" pageNr="287" tsid="145626944" status="IN_PROGRESS" userId="40391" imgUrl="https://files.transkribus.eu/Get?id=HWDNLMVXNPZFHEWYHOSWMXXO&amp;fileType=view" xmlUrl="https://files.transkribus.eu/Get?id=WQATHTSCSGCUOCOLTVTNSZTE" imageId="48548428"/>
    </Metadata>
    <Page imageFilename="1589029_0287.jpg" imageWidth="2872" imageHeight="3512">
        <ReadingOrder>
            <OrderedGroup id="ro_1711795313352" caption="Regions reading order">
                <RegionRefIndexed index="0" regionRef="tr_1"/>
            </OrderedGroup>
        </ReadingOrder>
        <TextRegion orientation="0.0" id="tr_1" custom="readingOrder {index:0;}">
            <Coords points="612,499 612,3092 2631,3092 2631,499"/>
            <TextLine id="tr_1_tl_1" custom="readingOrder {index:0;}">
                <Coords points="598,613 792,626 983,571 1114,588 1114,480 1003,468 817,505 737,452 659,478 598,473"/>
                <Baseline points="612,567 637,563 662,562 688,562 713,564 738,564 764,564 789,564 814,564 840,564 865,564 890,564 916,567 941,570 966,568 992,567 1017,567 1042,567 1068,567 1093,566 1119,564"/>
                <TextEquiv>
                    <Unicode>John: Beront</Unicode>
                </TextEquiv>
            </TextLine>
            <TextLine id="tr_1_tl_2" custom="readingOrder {index:1;}">
                <Coords points="623,744 890,772 1144,719 1285,747 1420,706 1508,752 1702,701 1815,724 1815,626 1755,618 1538,644 1227,581 1066,644 623,633"/>
                <Baseline points="636,701 695,701 754,701 813,702 873,704 932,701 991,701 1050,701 1110,698 1169,698 1228,698 1287,698 1347,698 1406,698 1465,698 1524,698 1584,698 1643,698 1702,698 1761,696 1821,695"/>
                <TextEquiv>
                    <Unicode>Dogelmann: Der Herr Intendant!</Unicode>
                </TextEquiv>
            </TextLine>
            <TextLine id="tr_1_tl_3" custom="readingOrder {index:2;}">
                <Coords points="623,875 1016,875 1086,830 2036,835 2132,870 2426,837 2401,716 2014,769 1853,716 1453,772 1312,729 892,772 623,744"/>
                <Baseline points="636,824 725,824 815,824 905,827 995,827 1085,830 1175,827 1264,830 1354,827 1444,830 1534,827 1624,830 1714,830 1804,830 1893,830 1983,827 2073,827 2163,830 2253,827 2343,830 2433,830"/>
                <TextEquiv>
                    <Unicode>Pritzi: Marum heisst er eigentlich Intendant!</Unicode>
                </TextEquiv>
            </TextLine>
            <TextLine id="tr_1_tl_4" custom="readingOrder {index:3;}">
                <Coords points="613,1018 1508,965 1616,1008 1895,975 2064,1026 2453,965 2453,895 2298,918 2059,862 1936,910 1765,860 1719,900 1473,860 1300,907 1189,872 613,882"/>
                <Baseline points="627,952 718,958 810,958 901,958 993,958 1085,958 1176,959 1268,958 1360,958 1451,960 1543,958 1635,960 1726,958 1818,958 1910,960 2001,959 2093,962 2185,961 2276,961 2368,964 2460,964"/>
                <TextEquiv>
                    <Unicode>Preguleini Das ist der Kosenamen für einen, der</Unicode>
                </TextEquiv>
            </TextLine>
            <TextLine id="tr_1_tl_5" custom="readingOrder {index:4;}">
                <Coords points="618,1146 912,1093 1093,1134 1239,1088 1988,1114 1988,1003 1893,973 1679,1023 1556,988 1373,1031 1292,990 950,1036 618,1018"/>
                <Baseline points="633,1090 701,1086 769,1090 837,1091 905,1091 973,1094 1041,1087 1109,1090 1177,1090 1245,1087 1313,1089 1381,1089 1449,1092 1517,1090 1585,1090 1653,1090 1721,1088 1789,1090 1857,1090 1925,1090 1994,1096"/>
                <TextEquiv>
                    <Unicode>weniger versteht als ein Direktor.</Unicode>
                </TextEquiv>
            </TextLine>
            <TextLine id="tr_1_tl_6" custom="readingOrder {index:5;}">
                <Coords points="611,1254 860,1287 1347,1222 1827,1282 2021,1234 2343,1285 2313,1161 1840,1109 1682,1166 1478,1111 1176,1166 611,1144"/>
                <Baseline points="624,1218 710,1221 796,1221 882,1223 968,1218 1054,1223 1140,1219 1227,1218 1313,1216 1399,1218 1485,1218 1571,1221 1657,1218 1743,1221 1830,1221 1916,1221 2002,1221 2088,1222 2174,1224 2260,1224 2347,1227"/>
                <TextEquiv>
                    <Unicode>John: Aber es schon wo anders bewiesen hat.</Unicode>
                </TextEquiv>
            </TextLine>
            <TextLine id="tr_1_tl_7" custom="readingOrder {index:6;}">
                <Coords points="623,1390 902,1418 1259,1380 1342,1418 1501,1415 1501,1264 1279,1259 1192,1297 1061,1264 623,1285"/>
                <Baseline points="636,1349 679,1346 723,1349 766,1352 810,1352 854,1352 897,1352 941,1354 984,1355 1028,1353 1072,1350 1115,1349 1159,1349 1202,1349 1246,1349 1290,1349 1333,1351 1377,1350 1420,1349 1464,1350 1508,1352"/>
                <TextEquiv>
                    <Unicode>Gregor: (gichst wiederl</Unicode>
                </TextEquiv>
            </TextLine>
            <TextLine id="tr_1_tl_8" custom="readingOrder {index:7;}">
                <Coords points="611,1526 2461,1493 2461,1400 2293,1408 2225,1365 1996,1398 1641,1367 1395,1423 1315,1388 1262,1420 1181,1385 943,1418 611,1390"/>
                <Baseline points="624,1481 716,1475 808,1478 900,1478 992,1482 1084,1485 1176,1484 1268,1481 1360,1481 1452,1480 1545,1476 1637,1478 1729,1478 1821,1479 1913,1481 2005,1478 2097,1481 2189,1481 2281,1484 2373,1481 2466,1484"/>
                <TextEquiv>
                    <Unicode>Dregulein:(zn Gregorl Und überhaupt - man darf</Unicode>
                </TextEquiv>
            </TextLine>
            <TextLine id="tr_1_tl_9" custom="readingOrder {index:8;}">
                <Coords points="613,1636 1068,1689 1317,1636 2016,1667 2370,1616 2499,1659 2499,1541 2411,1531 613,1526"/>
                <Baseline points="627,1609 720,1606 814,1609 908,1607 1002,1609 1096,1610 1190,1609 1284,1609 1378,1612 1472,1612 1566,1612 1659,1612 1753,1612 1847,1612 1941,1612 2035,1613 2129,1612 2223,1612 2317,1612 2411,1615 2505,1615"/>
                <TextEquiv>
                    <Unicode>nicht Rauboau treiben mit sich bei schmindender</Unicode>
                </TextEquiv>
            </TextLine>
            <TextLine id="tr_1_tl_10" custom="readingOrder {index:9;}">
                <Coords points="636,1790 659,1782 684,1805 716,1792 752,1810 827,1767 895,1800 912,1797 910,1692 867,1674 850,1682 822,1659 787,1662 762,1639 699,1654 684,1639 633,1636"/>
                <Baseline points="648,1738 674,1738 701,1739 728,1740 755,1740 782,1738 808,1738 835,1739 862,1740 889,1741 916,1741"/>
                <TextEquiv>
                    <Unicode>Sagend.</Unicode>
                </TextEquiv>
            </TextLine>
            <TextLine id="tr_1_tl_11" custom="readingOrder {index:10;}">
                <Coords points="608,1915 1176,1913 1290,1978 1551,1875 2016,1933 2277,1905 2421,1963 2612,1908 2612,1800 2431,1830 2167,1745 1948,1807 1734,1775 608,1802"/>
                <Baseline points="621,1872 720,1870 820,1869 920,1869 1020,1869 1120,1869 1220,1870 1320,1869 1420,1872 1520,1872 1620,1873 1719,1872 1819,1875 1919,1875 2019,1878 2119,1875 2219,1875 2319,1878 2419,1878 2519,1875 2619,1872"/>
                <TextEquiv>
                    <Unicode>Gregor: Was nolfen Sie damit sagen, Sie funfter La-</Unicode>
                </TextEquiv>
            </TextLine>
            <TextLine id="tr_1_tl_12" custom="readingOrder {index:11;}">
                <Coords points="601,2031 644,2046 686,2029 709,2044 747,2041 757,2049 784,2034 807,2039 804,1931 767,1936 734,1921 691,1946 674,1933 659,1938 646,1926 598,1915"/>
                <Baseline points="615,2003 643,1999 671,1998 699,2000 727,2000 755,2000 783,2002 812,2003"/>
                <TextEquiv>
                    <Unicode>ka12</Unicode>
                </TextEquiv>
            </TextLine>
            <TextLine id="tr_1_tl_13" custom="readingOrder {index:12;}">
                <Coords points="616,2192 1277,2189 1616,2134 1865,2187 1986,2139 2039,2174 2489,2154 2489,2054 2448,2046 2333,2089 2232,2044 2014,2089 1946,2051 1584,2076 1239,2034 1166,2076 1028,2036 616,2041"/>
                <Baseline points="630,2135 723,2130 816,2130 909,2129 1003,2131 1096,2130 1189,2131 1283,2129 1376,2132 1469,2132 1563,2134 1656,2132 1749,2133 1842,2133 1936,2133 2029,2132 2122,2135 2216,2135 2309,2135 2402,2132 2496,2132"/>
                <TextEquiv>
                    <Unicode>Dregulein: Sie hätten die Kolle einfach zurück-</Unicode>
                </TextEquiv>
            </TextLine>
            <TextLine id="tr_1_tl_14" custom="readingOrder {index:13;}">
                <Coords points="611,2293 1234,2325 1594,2265 2443,2320 2443,2152 2137,2212 1968,2167 1388,2207 865,2162 611,2207"/>
                <Baseline points="624,2269 715,2266 806,2263 897,2263 988,2263 1080,2265 1171,2269 1262,2263 1353,2261 1444,2265 1536,2264 1627,2265 1718,2266 1809,2264 1900,2266 1992,2271 2083,2267 2174,2268 2265,2266 2356,2266 2448,2269"/>
                <TextEquiv>
                    <Unicode>geben sollen. ie hätten einfach sagen müssen:</Unicode>
                </TextEquiv>
            </TextLine>
            <TextLine id="tr_1_tl_15" custom="readingOrder {index:14;}">
                <Coords points="621,2461 938,2396 1355,2441 1415,2406 1516,2436 1815,2398 1923,2443 2094,2411 2265,2451 2375,2416 2544,2461 2541,2343 2288,2308 2109,2343 1890,2282 1742,2335 1398,2345 1091,2303 807,2333 618,2285"/>
                <Baseline points="633,2398 728,2395 824,2395 920,2395 1015,2397 1111,2395 1207,2395 1302,2398 1398,2398 1494,2397 1590,2398 1685,2397 1781,2398 1877,2398 1972,2404 2068,2407 2164,2408 2259,2407 2355,2406 2451,2407 2547,2410"/>
                <TextEquiv>
                    <Unicode>fur den Fedor bin ich nicht mehr jung genug. Herr</Unicode>
                </TextEquiv>
            </TextLine>
            <TextLine id="tr_1_tl_16" custom="readingOrder {index:15;}">
                <Coords points="598,2544 1865,2584 1865,2436 598,2456"/>
                <Baseline points="612,2526 675,2523 738,2525 801,2527 864,2529 927,2529 990,2530 1053,2532 1116,2527 1179,2529 1242,2529 1305,2529 1368,2529 1431,2530 1494,2530 1557,2529 1620,2529 1683,2529 1746,2529 1809,2531 1872,2535"/>
                <TextEquiv>
                    <Unicode>Baron. (er spielt ruhig weiterl</Unicode>
                </TextEquiv>
            </TextLine>
            <TextLine id="tr_1_tl_17" custom="readingOrder {index:16;}">
                <Coords points="608,2707 1918,2662 2469,2727 2624,2687 2624,2602 606,2564"/>
                <Baseline points="621,2669 721,2660 822,2660 922,2661 1023,2657 1123,2658 1224,2656 1324,2657 1425,2657 1525,2657 1626,2660 1726,2659 1827,2660 1927,2663 2028,2661 2128,2661 2229,2666 2329,2669 2430,2667 2530,2666 2631,2672"/>
                <TextEquiv>
                    <Unicode>Gregor: Sie sind unverschämt, Sie dritter Verschwo-</Unicode>
                </TextEquiv>
            </TextLine>
            <TextLine id="tr_1_tl_18" custom="readingOrder {index:17;}">
                <Coords points="613,2830 1729,2830 1729,2702 1491,2680 1355,2722 1081,2665 920,2722 769,2692 613,2722"/>
                <Baseline points="627,2801 682,2795 737,2795 792,2795 848,2794 903,2790 958,2789 1013,2792 1069,2789 1124,2789 1179,2789 1234,2789 1290,2789 1345,2791 1400,2789 1455,2791 1511,2792 1566,2789 1621,2789 1676,2791 1732,2795"/>
                <TextEquiv>
                    <Unicode>rener, Sie echter Lanzknecht.</Unicode>
                </TextEquiv>
            </TextLine>
            <TextLine id="tr_1_tl_19" custom="readingOrder {index:18;}">
                <Coords points="611,2969 1003,2959 1146,2999 1340,2923 1770,2994 2469,2951 2469,2863 2189,2825 2074,2851 1840,2808 1259,2883 1038,2823 983,2866 611,2828"/>
                <Baseline points="624,2917 716,2917 809,2920 901,2918 994,2920 1086,2922 1179,2920 1271,2922 1364,2922 1456,2921 1549,2920 1642,2921 1734,2923 1827,2923 1919,2923 2012,2926 2104,2929 2197,2929 2289,2930 2382,2928 2475,2935"/>
                <TextEquiv>
                    <Unicode>Dreguleini Grad einen Landsknecht hab ich noch</Unicode>
                </TextEquiv>
            </TextLine>
            <TextLine id="tr_1_tl_20" custom="readingOrder {index:19;}">
                <Coords points="598,3102 734,3074 855,3140 895,3107 995,3152 1063,3125 1136,3152 1136,2981 1076,2991 1006,2961 955,2979 598,2976"/>
                <Baseline points="612,3061 638,3057 665,3055 691,3055 718,3057 744,3058 771,3060 797,3061 824,3061 850,3061 877,3061 904,3059 930,3058 957,3058 983,3057 1010,3055 1036,3055 1063,3055 1089,3055 1116,3056 1143,3058"/>
                <TextEquiv>
                    <Unicode>nie gespielt.</Unicode>
                </TextEquiv>
            </TextLine>
            <TextEquiv>
                <Unicode></Unicode>
            </TextEquiv>
        </TextRegion>
    </Page>
</PcGts>
