2840 3432
1309 351 2538 491 Applaue verstärkt sich sehr. Kerd
744 384 1023 515 auf die
737 520 1977 668 Bern dem zurück auf die Bühnel
739 630 2218 789 Kerl Bern: Ja, was ist denn geschehen?
732 754 2285 952 Loblein: Sio müssen noch sinekl heraus.
744 887 2509 1023 (Karl Dern tritt nochmals vor die Rampe, ver-
739 1028 2416 1176 starkter Applaus, tritt denn fieder zurdekl
739 1161 1865 1305 Dreguletn: Frantein Priesel!
758 1281 2499 1443 oblein: Sie müssen heraust Fraulein Friesel.
761 1390 2526 1574 Eine Sohanspielerin: Sie rührt aich sa nicht.
756 1545 2137 1667 ldraussen wieder stärkerer Arleuel
756 1638 2581 1836 Gregor: den Tenfel hinein,nen soll sie von der
742 1782 2614 1989 Dunne fortschaffet. Wir müssen noch sinmel alle
744 1953 1035 2104 meraus.
758 2027 2504 2240 Der Prospekt wird vor heraufgezogen, die dul
749 2216 2540 2340 liegt nun ganz frel da man sieht frenzl neben
2304 2273 2485 2471 an 87
751 2294 2280 2483 ven Horter liegen, eine Schasplolertn
756 2461 1049 2619 benuht)
749 2535 2476 2776 Rieherd:lkomt auf die Aohee von roohte, vol-
754 2719 1898 2843 noch nicht was geschehen ist!
773 2817 2473 3000 Il ppleur. Die Schanspieler troten alle der
754 2979 2669 3115 Reihe nach vor den Zwischenvorbang. Indess konnt
758 3110 1297 3270 Doktor bramnl
