2840 3560
636 475 2401 694 traulein Friesel.Oder - haben Sie vielleicht
621 662 2439 836 ate Abeicht sie zu heiraten? ihr ein bürgerli
634 793 1444 929 ches Hein zu bieten?
629 934 1879 1076 Richard: Auch das wäre möglich.
621 1048 2449 1204 Karl Vern: Das wäre das Aergste. Sie schieben
626 1194 2485 1341 damit nur eine Entscheidung hinaus und bringen.
626 1295 2424 1457 sie und auch sich selbst um die besten Jahre.
619 1434 2472 1601 Richard: Sie sehen aldes von Grund auf falsch,
626 1571 2394 1732 Die gehen von einer vorgefassten Meinung aus
626 1699 2399 1861 oder von der meiner Schwester. Der Philister
616 1808 2515 1997 sind Sie. Ich - ich fühle mich bereit alles auf
603 1964 2310 2116 mich zubnehmen, euch Schmerzen, auch kämpfe.
616 2111 2389 2262 Kari Hern: Jedes Ihrer Worte und Ihr tonfall
603 2237 2414 2396 und Ihr Blick bestätigt nur meine Auffassung.
611 2366 2427 2512 Richard: Ich fürchte, sie wird sich mit meiner
601 2485 2459 2661 nicht in Uebereinstihmung bringen lassen. (als
614 2626 1992 2780 wollte er das Gespräch abbrechenl
606 2692 2636 2863 Karl Bern: Verzeihen Sie - einen Augenhlick, reuu
606 2838 2386 2969 ich mir einen Vergleich aus Ihrem Gebiet ge-
596 2919 2424 3111 stattek. Anterrahttehtg Wird einarzt
601 3065 2454 3224 eine Operation unterbrechen oder aufgeben, weil
