2840 3432
662 434 2387 631 d端rfte gar nicht in Ohnpacht fallen, genz im
673 571 2385 750 Gegentell. Sie m端sste den Fedor irgendetnes
677 704 2263 898 Grossartigen ine Gesicht schlendern. Sie
673 841 1799 1007 m端ests die Siegerin bleiben.
684 931 2445 1137 Bregulein:, Reden die nichts, der Art ist von
684 1108 1600 1279 einen Richter, grad der.
726 1201 2474 1416 meptalent: (au den Schauspielernl Jetzt bitte
695 1372 1467 1542 reden nicht zu Laut
712 1504 1412 1651 leinigen Gemarmel)
695 1620 1772 1777 So, jetzt genugl Ganz still1
717 1708 2496 1916 ldetzt hort men wette von der B端hne her Norte
710 1876 1898 2066 aus den Gesprach: Kanni-Podorl.
