2808 3432
2193 192 2355 380 200
564 333 2421 534 also einen Feil des Zuschenerraung. Der Appleus
557 513 2509 677 verstärkt sich. Frauzl liegt zwischen den Harter
567 623 2506 805 und der Büre. Auch des Publikan des Resldensthes-
572 772 2552 944 tero bemerkt sie nicht, da sie Jetzt durch die sich
577 887 2506 1067 verbengenden Schanspieler verdeckt lst. Die Sohen-
577 1018 2401 1195 epleter Treten wieder zurück, der Vorheng senkt
575 1157 2132 1329 sich, Eplaus naut ab, setzt wieder einl
582 1282 2524 1406 Gregor: (nach rückwärte, zu Löblein, der zur Mittel-
585 1429 2593 1619 tur gekonnen 1st! Was fallt denn den blöden Freuen-
595 1567 1867 1698 simner ein. Sie steht nicht auf.
590 1654 2650 1842 Loblein:(durch die Nitteltur auf die Buhnel Friesell
598 1811 1495 1952 So stehn Sie doch aufl
603 1916 2621 2065 (Franzi bleibt regungelos liegen. Die Schauspieler
603 2062 2493 2237 wieder nach vorn, Vorhang hebt sich. Applaus, ler-
595 2216 1023 2370 vengangen
600 2278 2516 2501 Taspizlent:Fnach vor zu Karl Bernl So zek gehn
618 2483 1744 2619 Sie doch heraus: Herr Voktor.
613 2570 1796 2757 Karl Bern: Beim nächsten kal.
621 2711 2488 2845 Ider Vorhang senkt sich wieder, die Schauepieler
623 2827 2514 2986 zuruck, die SchauspielerinlSchwester) bei Pfanzil
621 3001 1929 3170 Sohanspielerin: Fraulela Friesel!
