2888 3512
2287 300 2510 449 407
704 404 2450 595 Aie zu meinen Mitarbeitern. Personen. (mit
709 565 2535 737 Handbewegung zu Pritzi hinl Eine hoffnungsvol-
714 692 1550 846 le junge Kunstlerin.
724 831 2515 997 John: Ikann sich nicht mehr zurückhaltenl Ein
709 952 1027 1091 Mensch.
724 1069 1461 1250 Ernel: In Hlanner.
714 1198 2517 1384 Dregulein: (auf Gregor weisend) Ein Schanspie-
712 1357 1528 1488 ler auf dem Ebstieg.
717 1471 1850 1627 Gregor: Ein siebenter Lakal.
724 1595 2649 1771 Eogelmann: (auf sich weisend) ErodogenterDene
712 1734 1627 1877 X Der Chärneur.
732 1833 2594 2029 Progulein; Vielleicht besser: der in die Grose-
709 1991 2185 2140 stadt verschlagene Provinzliebtaber.
737 2098 2373 2292 ohn: (auf sich dentenal Cherakterspieler.
714 2264 2361 2423 Dreguleini Desser: der huvorlose Komiker.
714 2391 2579 2564 Ermel: (zu Karl Bern) Dich brauch ich auch. Ein
732 2532 1937 2641 Pichter mit Anführungszeichen.
737 2614 2391 2792 (Karl Dern und Richard zwanglos an Tisckel
712 2795 2510 2944 Karl Bern:(stellt vorl Doktor Kichard Fricke.
714 2907 2403 3083 Ermel: Auch Mitglied des Residenztheaterst
699 3008 2693 3239 Risherd: Ich bin nur ein ganz gewöhnlicher Dokter
742 3147 1265 3350 der Metirin.
