2872 3464
636 427 1993 643 Dregulein: (zu Richerdldieser Brie-
655 622 1070 771 von Innen
645 700 2057 833 Richard: Sie hat ihn nicht gelesen?
655 826 2527 980 Dreguleth: Es war leider nicht mehr möglich ihr
629 949 2477 1136 den Brief zu übergeben. Sie war auf der Duhne.
645 1108 2477 1260 Roveda: (zu Karl Bern) Man sagt ja von mir, dass
645 1243 2441 1371 ich über Leichen gehe. Die Leute sollen Recht
636 1336 2515 1504 gehabt haben. Ich werde, die Rolle nach der all-
645 1466 2133 1649 zu fruh Dahingeschiedenen übernehmen.
655 1620 2420 1770 Dregulein: (zu Richard) Und, wenn sie ihn noch
645 1751 2553 1964 gelesen hätte - Sie glauben, es hätte noch gehol-
643 1912 828 2062 fen-
641 1962 2437 2185 Richerd: Ich - ich glaube wohl. (nach einigen
643 2161 2444 2254 Zögern öffnet-er das Couvert,reicht den Brief
652 2294 1217 2444 regulein hinl
674 2399 2406 2581 Fregulein: (liest halb für sichl, Verzeih mir,
645 2529 2493 2657 Franzi, ich war nicht bei Sinnen. Ich liebe, lie-
643 2622 2370 2838 be, liebe dich -hur dich. Aaf morgen! leibt
641 2816 1703 2961 Richerd den Brief zurüickl.
648 2913 2546 3117 ladnig:(konnt von Linke, zögert einen Aageablick.
