2840 3432
2307 205 2449 317 194
583 337 913 477 aufhortl
575 449 2416 659 Fr. Mentzel: (aa Pregaletal in noch zurecht ge-
578 603 2020 791 konnen mit den Brief, Nerr Pregulein.
575 725 2413 930 Proguleln: Wir scheint, wir heben da Belde nas
568 862 1838 1024 aunmes angestellt, Frau Nentzel.
575 986 2543 1171 John: (komnt als Moritzkg. fast ohne Maske, tritt zu
586 1120 2459 1308 toblein) Na bin ich jetzt nach Ihrem busto, Herr
570 1262 994 1415 Eegisseurz
578 1384 2340 1574 Loblein: Sie sind ja überhaupt abgeschninkt.
583 1526 1468 1686 John: Vornehn, diskretl
578 1640 2358 1823 Loblein: Wie ein Kanzleidiener sehen Sie gue.
586 1754 2596 1947 Iaspizient: Bitt schön. Herr John. (Türe linke wird
583 1911 1939 2084 gebkinet, dohn fritt auf die Bühnel
583 2048 1924 2213 Baron von links, zum Rogisseur kint
568 2160 2467 2355 Barod: Zu lang, zu lang, man hätte mehr streichen
578 2302 875 2454 xussen.
575 2388 2233 2603 Lobleiniks ist sehr viel Spannuag in Haus-
616 2535 2578 2730 Beron: Keln Renpo, kein Paupol Und von der Friesel
591 2677 2629 2867 versteht man kein Nort. In den rückwärtigen Reihen
578 2799 1589 2961 versteht man keine Silbe.
581 2925 2129 3128 loptein: Der ist se lolder in den Daus
