2920 3512
2439 458 2606 561 190
635 499 2588 743 Dregulein: Heben sich schon wieder beruhigt. Neut
617 659 1343 795 lacht keiner mehr.
620 774 2526 1006 der Mesterarbelterslöffnet die rücknärtige Bürg
620 926 1937 1057 im Prospekt, Franzi tritt heraus).
628 1065 2619 1237 Ergenlein: Ea shad Nunen in Ihre berderebe gehon
592 1155 1657 1315 hen und ein Frieseri mel
594 1297 2454 1492 Karl Bern: (tritt zu ihr) Ich habe. Sie nach dem
594 1435 2591 1628 zweiten Akt leider nicht sprechen können, Fraulein.
625 1567 2480 1808 ie sind wundervoll, Sie machen mir beinahe mein
617 1672 1330 1847 Stuck smmpathischs
589 1793 2657 2037 Franzl: Sie sind sehr freundlich zu mir, Herr Doktor.
576 1955 2542 2171 Karl Bern:lgeht wieder nach linke, lauscht auf die
581 2081 831 2236 Bähnel
569 2174 2017 2392 Wilt: Auss die Hend, Fraulein krenzt.
566 2326 2598 2526 Franzi: Marum schaun Sie sich den dritten Akt nicht
558 2470 1330 2593 lieber von oben en?
548 2572 2506 2809 Wilt: Ich geh gleich wieder hinauf zur Frau Mane.
535 2706 2434 2917 Die hat ja eine solche Freud'! Und wunderschöne
530 2843 2542 3084 Rosen sind grad in die Gerderobe gekommen, Fraulein
533 2987 836 3123 Frenzl.
