2808 3416
2241 177 2406 352 222
685 347 1448 539 lient könnt herein)
670 496 2523 663 Baronin: Segen Sie, Leni, haben die Herrschaften.
675 622 2557 776 nicht dag letzte Mal irgend etwas da vergesgen?
668 747 2480 929 Leni: Jd, dase ich nicht vergesse, ein Schnupf-
680 898 2298 1056 tuchel ist dageblieben von dem Fräulein.
687 1005 2614 1194 Baroniné (selbst verwandert) Marum haben Sie mir
649 1173 1379 1319 das nicht gesagt?
680 1276 2463 1463 Teni: Ich habe es zuerst in die Wsche geben
687 1412 2212 1566 wollen, es liegt noch bei mir draussen.
692 1520 2521 1704 Baronin: So bringen Sie es doch söfort. Es iet.
687 1678 2504 1848 doch -(zu Richard) Mais öertainement. Konsieur,
692 1793 2238 1965 vous n’etes pas venu pour in mouchdir?
692 1920 2463 2095 Richard: Nein. Ich habe das Zimmer- nur noch
692 2063 1510 2221 einmal sehen wollen.
692 2190 1446 2339 Fortrttumtmtnd
694 2303 2583 2478 Baronin: Je comprendp. Ja, es kommen so Imstände
670 2444 2561 2600 Schad, schad. Erie stait si simpathigue In Made-
694 2585 1075 2741 moiselie.
682 2710 2537 2858 Lent:suit den Feschentuch, sie giot ei Richeral
689 2837 1922 3007 Rioherd: lprepet es in die Ranel
699 2954 2480 3177 (Zent nacht die Berontn durch ein zeloben auf
