<?xml version="1.0" encoding="UTF-8" standalone="yes"?>
<PcGts xmlns="http://schema.primaresearch.org/PAGE/gts/pagecontent/2013-07-15" xmlns:xsi="http://www.w3.org/2001/XMLSchema-instance" xsi:schemaLocation="http://schema.primaresearch.org/PAGE/gts/pagecontent/2013-07-15 http://schema.primaresearch.org/PAGE/gts/pagecontent/2013-07-15/pagecontent.xsd">
    <Metadata>
        <Creator>prov=READ-COOP:name=PyLaia@TranskribusPlatform:version=2.7.0:model_id=50870:lm=none:date=22_01_2024_17:00</Creator>
        <Created>2023-09-27T14:32:47.363+02:00</Created>
        <LastChange>2024-01-22T17:00:08.854+01:00</LastChange>
        <TranskribusMetadata docId="1589029" pageId="60123136" pageNr="253" tsid="145626903" status="IN_PROGRESS" userId="40391" imgUrl="https://files.transkribus.eu/Get?id=TQUVLDWHHHDRMOIEIAYXCERA&amp;fileType=view" xmlUrl="https://files.transkribus.eu/Get?id=MUQAYWLKJAKFKSCKVQKEVDIH" imageId="48548214"/>
    </Metadata>
    <Page imageFilename="1589029_0253.jpg" imageWidth="3080" imageHeight="3528">
        <ReadingOrder>
            <OrderedGroup id="ro_1711795261909" caption="Regions reading order">
                <RegionRefIndexed index="0" regionRef="tr_1"/>
            </OrderedGroup>
        </ReadingOrder>
        <TextRegion orientation="0.0" id="tr_1" custom="readingOrder {index:0;}">
            <Coords points="746,419 746,3222 2883,3222 2883,419"/>
            <TextLine id="tr_1_tl_1" custom="readingOrder {index:0;}">
                <Coords points="2567,494 2599,505 2628,497 2665,524 2684,510 2724,508 2721,423 2676,433 2668,425 2623,425 2607,409 2596,415 2586,407 2564,407"/>
                <Baseline points="2581,483 2610,485 2639,486 2669,486 2698,486 2728,492"/>
                <TextEquiv>
                    <Unicode>240</Unicode>
                </TextEquiv>
            </TextLine>
            <TextLine id="tr_1_tl_2" custom="readingOrder {index:1;}">
                <Coords points="741,654 2668,654 2668,569 2620,561 741,571"/>
                <Baseline points="755,635 856,635 957,635 1058,632 1159,635 1260,633 1361,634 1462,632 1563,632 1664,629 1765,629 1866,629 1967,626 2068,626 2169,626 2270,623 2371,623 2472,619 2573,619 2674,614"/>
                <TextEquiv>
                    <Unicode>Du könntest vielleicht meinen,ich werfe mich dir</Unicode>
                </TextEquiv>
            </TextLine>
            <TextLine id="tr_1_tl_3" custom="readingOrder {index:2;}">
                <Coords points="752,842 1113,848 1238,773 1398,805 1507,768 2758,776 2758,696 2705,680 2562,718 2482,680 2325,718 1977,688 1919,728 1610,688 1475,731 1390,691 1177,723 943,688 755,733"/>
                <Baseline points="770,773 869,773 969,773 1068,773 1168,773 1268,773 1367,771 1467,770 1567,770 1666,767 1766,767 1866,767 1965,764 2065,764 2165,762 2264,758 2364,758 2464,756 2563,756 2663,755 2763,755"/>
                <TextEquiv>
                    <Unicode>an den Hals. Alles das ist es nicht. Aber wenn ich</Unicode>
                </TextEquiv>
            </TextLine>
            <TextLine id="tr_1_tl_4" custom="readingOrder {index:3;}">
                <Coords points="741,949 1042,973 1183,914 1398,906 1555,949 1669,904 2562,930 2636,893 2780,941 2780,811 2503,856 741,842"/>
                <Baseline points="755,910 856,907 958,910 1059,910 1161,905 1263,907 1364,905 1466,904 1567,905 1669,901 1771,903 1872,901 1974,898 2075,898 2177,898 2279,897 2380,895 2482,893 2583,892 2685,892 2787,889"/>
                <TextEquiv>
                    <Unicode>in dieser Stunde etwas anderes reden sollte, als die</Unicode>
                </TextEquiv>
            </TextLine>
            <TextLine id="tr_1_tl_5" custom="readingOrder {index:4;}">
                <Coords points="749,1103 1406,1113 1512,1039 2735,1047 2756,965 1701,999 1552,965 1435,1002 1318,970 970,1018 752,965"/>
                <Baseline points="764,1047 863,1044 963,1041 1062,1041 1162,1041 1262,1042 1361,1041 1461,1038 1561,1039 1660,1037 1760,1037 1860,1035 1959,1032 2059,1035 2159,1033 2258,1029 2358,1029 2458,1029 2557,1027 2657,1027 2757,1026"/>
                <TextEquiv>
                    <Unicode>reine Wahrheit, das wäre unwürdig und dumm dazu.Und</Unicode>
                </TextEquiv>
            </TextLine>
            <TextLine id="tr_1_tl_6" custom="readingOrder {index:5;}">
                <Coords points="744,1252 1212,1260 1459,1177 2737,1185 2737,1108 2689,1098 744,1119"/>
                <Baseline points="758,1181 857,1181 956,1178 1056,1181 1155,1180 1254,1177 1354,1176 1453,1176 1552,1176 1652,1174 1751,1173 1850,1170 1950,1170 2049,1170 2148,1168 2248,1167 2347,1167 2446,1165 2546,1164 2645,1164 2745,1173"/>
                <TextEquiv>
                    <Unicode>wenn du in dieser Stunde mein Herz zurückwiesest,</Unicode>
                </TextEquiv>
            </TextLine>
            <TextLine id="tr_1_tl_7" custom="readingOrder {index:6;}">
                <Coords points="728,1361 1151,1390 1440,1321 1528,1371 1757,1385 2001,1310 2790,1321 2790,1201 2578,1260 2307,1222 1796,1270 1706,1222 1494,1276 1236,1236 731,1262"/>
                <Baseline points="746,1316 848,1316 951,1316 1053,1316 1156,1313 1258,1313 1361,1313 1463,1312 1566,1313 1668,1308 1771,1310 1873,1308 1976,1305 2078,1304 2181,1303 2283,1303 2386,1304 2488,1301 2591,1298 2693,1296 2796,1292"/>
                <TextEquiv>
                    <Unicode>das dir doch schon so. lange gehört, weil du es noch</Unicode>
                </TextEquiv>
            </TextLine>
            <TextLine id="tr_1_tl_8" custom="readingOrder {index:7;}">
                <Coords points="747,1494 819,1528 1044,1475 1467,1507 1544,1454 1839,1483 1916,1443 2394,1446 2453,1488 2671,1443 2790,1480 2793,1355 2676,1387 2057,1363 1834,1406 1544,1363 1145,1408 749,1387"/>
                <Baseline points="761,1453 862,1453 964,1453 1066,1450 1168,1450 1270,1450 1372,1447 1474,1447 1576,1445 1678,1447 1780,1444 1881,1444 1983,1442 2085,1441 2187,1438 2289,1438 2391,1438 2493,1435 2595,1436 2697,1435 2799,1435"/>
                <TextEquiv>
                    <Unicode>nie so wenig verdient hast,so bringe ich dir dieses</Unicode>
                </TextEquiv>
            </TextLine>
            <TextLine id="tr_1_tl_9" custom="readingOrder {index:8;}">
                <Coords points="731,1650 1440,1624 1640,1672 2235,1576 2790,1600 2790,1520 2700,1496 2567,1528 2115,1501 2004,1555 1895,1504 1385,1547 1018,1496 941,1539 733,1528"/>
                <Baseline points="749,1578 851,1587 953,1582 1056,1584 1158,1582 1260,1581 1363,1581 1465,1581 1567,1581 1670,1578 1772,1581 1874,1579 1977,1576 2079,1575 2181,1575 2284,1575 2386,1572 2488,1572 2591,1572 2693,1569 2796,1569"/>
                <TextEquiv>
                    <Unicode>Herz doch immer wieder entgegen, weil du es noch nie</Unicode>
                </TextEquiv>
            </TextLine>
            <TextLine id="tr_1_tl_10" custom="readingOrder {index:9;}">
                <Coords points="749,1751 1063,1783 1132,1738 1273,1799 1339,1746 1664,1791 1664,1690 1602,1656 1509,1674 1446,1629 946,1677 749,1650"/>
                <Baseline points="764,1722 809,1722 854,1720 900,1719 945,1721 990,1722 1036,1722 1081,1722 1126,1720 1172,1719 1217,1719 1262,1716 1308,1716 1353,1716 1398,1716 1444,1716 1489,1716 1534,1716 1580,1716 1625,1716 1671,1716"/>
                <TextEquiv>
                    <Unicode>so sehr gebraucht hast.</Unicode>
                </TextEquiv>
            </TextLine>
            <TextLine id="tr_1_tl_11" custom="readingOrder {index:10;}">
                <Coords points="749,1903 1581,1924 1823,1847 1951,1929 2293,1908 2368,1852 2793,1860 2793,1770 2753,1765 2243,1802 1998,1757 1669,1799 1432,1767 1055,1810 749,1770"/>
                <Baseline points="764,1841 865,1849 967,1850 1069,1848 1171,1848 1272,1847 1374,1844 1476,1844 1578,1845 1679,1844 1781,1844 1883,1841 1985,1841 2086,1838 2188,1840 2290,1838 2392,1838 2493,1835 2595,1837 2697,1835 2799,1832"/>
                <TextEquiv>
                    <Unicode>Hichard: Wenn du so sprichst, Mathilde, so sollte ich</Unicode>
                </TextEquiv>
            </TextLine>
            <TextLine id="tr_1_tl_12" custom="readingOrder {index:11;}">
                <Coords points="747,2028 941,2054 1366,2012 1669,2052 1836,2041 1940,1982 2347,1977 2487,2057 2713,1977 2713,1916 2525,1900 1145,1900 1042,1940 747,1911"/>
                <Baseline points="761,1984 858,1976 956,1981 1054,1979 1152,1978 1250,1978 1348,1975 1446,1973 1544,1975 1642,1975 1740,1972 1837,1972 1935,1971 2033,1969 2131,1969 2229,1969 2327,1968 2425,1966 2523,1965 2621,1963 2719,1960"/>
                <TextEquiv>
                    <Unicode>es doch als Glück empfinden und empfinde doch nur</Unicode>
                </TextEquiv>
            </TextLine>
            <TextLine id="tr_1_tl_13" custom="readingOrder {index:12;}">
                <Coords points="749,2182 997,2187 1063,2150 1438,2190 2668,2171 2668,2049 2578,2033 1953,2062 1579,2028 1323,2073 749,2028"/>
                <Baseline points="764,2104 859,2107 955,2111 1050,2113 1146,2113 1241,2111 1337,2110 1432,2110 1528,2110 1623,2107 1719,2107 1814,2108 1910,2107 2005,2107 2101,2104 2196,2104 2292,2104 2387,2102 2483,2102 2578,2102 2674,2116"/>
                <TextEquiv>
                    <Unicode>Beschämung. Nach einer Büsse, nach einer Strafe,</Unicode>
                </TextEquiv>
            </TextLine>
            <TextLine id="tr_1_tl_14" custom="readingOrder {index:13;}">
                <Coords points="741,2291 1177,2280 1342,2323 1499,2291 1555,2328 1741,2283 2094,2323 2277,2238 2440,2315 2665,2320 2668,2179 2572,2163 2442,2200 1948,2161 744,2195"/>
                <Baseline points="755,2247 850,2247 946,2247 1042,2246 1138,2245 1234,2244 1329,2241 1425,2241 1521,2238 1617,2238 1713,2238 1808,2238 1904,2241 2000,2238 2096,2235 2192,2235 2287,2235 2383,2235 2479,2235 2575,2235 2671,2244"/>
                <TextEquiv>
                    <Unicode>nach irgend einer Gerechtigkeit sehne ich mich,</Unicode>
                </TextEquiv>
            </TextLine>
            <TextLine id="tr_1_tl_15" custom="readingOrder {index:14;}">
                <Coords points="733,2432 1544,2442 1762,2373 1895,2453 2588,2397 2796,2450 2851,2418 2854,2312 2046,2323 1738,2283 1555,2325 1265,2288 1108,2336 885,2299 733,2325"/>
                <Baseline points="749,2381 854,2378 960,2378 1065,2378 1171,2376 1276,2378 1382,2378 1487,2375 1593,2371 1698,2372 1804,2369 1909,2369 2015,2372 2120,2373 2226,2372 2331,2371 2437,2366 2542,2363 2648,2366 2753,2365 2859,2366"/>
                <TextEquiv>
                    <Unicode>mehr nach alldem als nach Glück. (gegen das Theater</Unicode>
                </TextEquiv>
            </TextLine>
            <TextLine id="tr_1_tl_16" custom="readingOrder {index:15;}">
                <Coords points="749,2551 1788,2591 2060,2551 2301,2594 2639,2503 2769,2517 2769,2450 2564,2416 2317,2461 2086,2421 1945,2456 1741,2426 1680,2464 1504,2416 752,2461"/>
                <Baseline points="767,2513 867,2512 967,2510 1067,2510 1168,2512 1268,2507 1368,2507 1468,2507 1569,2504 1669,2505 1769,2504 1869,2502 1970,2501 2070,2503 2170,2501 2270,2501 2371,2498 2471,2500 2571,2499 2671,2497 2772,2498"/>
                <TextEquiv>
                    <Unicode>zu weisend) Da drin liegt eine die ich geliebt, die</Unicode>
                </TextEquiv>
            </TextLine>
            <TextLine id="tr_1_tl_17" custom="readingOrder {index:16;}">
                <Coords points="744,2676 901,2721 1156,2679 1393,2713 1533,2665 1767,2711 2078,2631 2400,2665 2875,2631 2849,2525 2758,2572 2453,2588 2389,2554 2304,2594 1932,2551 1791,2594 744,2562"/>
                <Baseline points="758,2644 864,2644 970,2643 1076,2640 1183,2641 1289,2638 1395,2636 1501,2638 1608,2635 1714,2635 1820,2632 1926,2632 2033,2632 2139,2630 2245,2630 2351,2629 2458,2628 2564,2629 2670,2629 2776,2628 2883,2629"/>
                <TextEquiv>
                    <Unicode>ich gequält, die ich verlassen habe und die ich wieder</Unicode>
                </TextEquiv>
            </TextLine>
            <TextLine id="tr_1_tl_18" custom="readingOrder {index:17;}">
                <Coords points="747,2828 946,2804 1252,2867 1440,2801 1613,2857 1677,2822 1953,2867 2142,2825 2676,2862 2870,2822 2870,2684 2830,2676 2503,2737 1818,2735 1741,2697 1685,2732 986,2745 747,2700"/>
                <Baseline points="761,2778 866,2781 972,2781 1078,2779 1184,2783 1290,2778 1395,2781 1501,2776 1607,2778 1713,2778 1819,2778 1924,2778 2030,2778 2136,2778 2242,2780 2348,2778 2453,2780 2559,2781 2665,2779 2771,2781 2877,2772"/>
                <TextEquiv>
                    <Unicode>haben wollte. Auch wenn sie sich nicht getötet hatte-</Unicode>
                </TextEquiv>
            </TextLine>
            <TextLine id="tr_1_tl_19" custom="readingOrder {index:18;}">
                <Coords points="747,2990 1794,2960 1916,2992 2099,2915 2440,2971 2514,2923 2844,2950 2814,2849 747,2862"/>
                <Baseline points="761,2919 865,2916 969,2916 1073,2915 1178,2916 1282,2913 1386,2911 1491,2913 1595,2913 1699,2913 1804,2913 1908,2913 2012,2913 2116,2915 2221,2916 2325,2916 2429,2916 2534,2916 2638,2916 2742,2914 2847,2916"/>
                <TextEquiv>
                    <Unicode>es stünde nicht anders. Ich werde es ja gewiss nicht</Unicode>
                </TextEquiv>
            </TextLine>
            <TextLine id="tr_1_tl_20" custom="readingOrder {index:19;}">
                <Coords points="755,3099 1294,3136 2820,3123 2820,3006 2777,2990 2652,3024 2331,2952 2017,3006 1794,2960 1746,2995 755,2984"/>
                <Baseline points="770,3044 872,3049 975,3049 1078,3050 1181,3047 1284,3047 1386,3047 1489,3044 1592,3047 1695,3048 1798,3044 1900,3049 2003,3047 2106,3047 2209,3047 2312,3049 2414,3050 2517,3050 2620,3050 2723,3053 2826,3053"/>
                <TextEquiv>
                    <Unicode>tun, aber ich fühle tiefer, als ich es sagen kann, dass</Unicode>
                </TextEquiv>
            </TextLine>
            <TextLine id="tr_1_tl_21" custom="readingOrder {index:20;}">
                <Coords points="744,3213 959,3192 1140,3242 1209,3200 1847,3181 1967,3221 2163,3202 2163,3125 1310,3136 741,3085"/>
                <Baseline points="758,3181 828,3183 898,3181 969,3182 1039,3180 1110,3181 1180,3181 1250,3181 1321,3183 1391,3178 1462,3183 1532,3181 1602,3181 1673,3181 1743,3181 1814,3180 1884,3181 1954,3183 2025,3181 2095,3184 2166,3190"/>
                <TextEquiv>
                    <Unicode>ich ein Ende mit mir machen müsste.</Unicode>
                </TextEquiv>
            </TextLine>
            <TextEquiv>
                <Unicode></Unicode>
            </TextEquiv>
        </TextRegion>
    </Page>
</PcGts>
