<?xml version="1.0" encoding="UTF-8" standalone="yes"?>
<PcGts xmlns="http://schema.primaresearch.org/PAGE/gts/pagecontent/2013-07-15" xmlns:xsi="http://www.w3.org/2001/XMLSchema-instance" xsi:schemaLocation="http://schema.primaresearch.org/PAGE/gts/pagecontent/2013-07-15 http://schema.primaresearch.org/PAGE/gts/pagecontent/2013-07-15/pagecontent.xsd">
    <Metadata>
        <Creator>prov=READ-COOP:name=PyLaia@TranskribusPlatform:version=2.7.0:model_id=50870:lm=none:date=22_01_2024_17:00</Creator>
        <Created>2023-09-27T14:32:45.719+02:00</Created>
        <LastChange>2024-01-22T17:00:06.785+01:00</LastChange>
        <TranskribusMetadata docId="1589029" pageId="60123086" pageNr="241" tsid="145626891" status="IN_PROGRESS" userId="40391" imgUrl="https://files.transkribus.eu/Get?id=HVPKVQPLJMLWPQPWTNHMEWNI&amp;fileType=view" xmlUrl="https://files.transkribus.eu/Get?id=HSFPYTOAVCRQSQNAMTVANVUT" imageId="48548164"/>
    </Metadata>
    <Page imageFilename="1589029_0241.jpg" imageWidth="3064" imageHeight="3528">
        <ReadingOrder>
            <OrderedGroup id="ro_1711795243169" caption="Regions reading order">
                <RegionRefIndexed index="0" regionRef="tr_1"/>
            </OrderedGroup>
        </ReadingOrder>
        <TextRegion orientation="0.0" id="tr_1" custom="readingOrder {index:0;}">
            <Coords points="805,491 805,3160 2868,3160 2868,491"/>
            <TextLine id="tr_1_tl_1" custom="readingOrder {index:0;}">
                <Coords points="2560,580 2573,580 2593,564 2637,582 2657,569 2673,575 2680,567 2704,567 2704,480 2691,480 2680,490 2647,480 2637,485 2621,475 2591,492 2560,498"/>
                <Baseline points="2575,555 2602,557 2629,558 2656,558 2683,557 2710,555"/>
                <TextEquiv>
                    <Unicode>228</Unicode>
                </TextEquiv>
            </TextLine>
            <TextLine id="tr_1_tl_2" custom="readingOrder {index:1;}">
                <Coords points="808,777 1318,795 1375,754 1742,793 2078,695 2270,734 2783,700 2783,608 2714,600 2162,657 808,644"/>
                <Baseline points="823,695 921,702 1019,703 1118,704 1216,701 1314,701 1413,701 1511,701 1609,701 1708,700 1806,698 1904,700 2003,698 2101,694 2199,698 2298,698 2396,695 2494,695 2593,695 2691,697 2790,692"/>
                <TextEquiv>
                    <Unicode>Zudwig: (schütielt den Kopfl Das Schicksal hat ihm</Unicode>
                </TextEquiv>
            </TextLine>
            <TextLine id="tr_1_tl_3" custom="readingOrder {index:2;}">
                <Coords points="805,887 1082,939 1182,905 1411,934 1721,839 2137,854 2137,790 2011,764 1949,800 1236,772 805,808"/>
                <Baseline points="820,838 886,842 952,844 1018,844 1084,841 1150,844 1216,844 1282,843 1348,843 1414,843 1480,839 1546,841 1612,841 1678,841 1744,841 1810,844 1876,841 1942,841 2008,841 2074,838 2140,838"/>
                <TextEquiv>
                    <Unicode>eine merkwürdige Kolle zugeteilt.</Unicode>
                </TextEquiv>
            </TextLine>
            <TextLine id="tr_1_tl_4" custom="readingOrder {index:3;}">
                <Coords points="813,1047 1311,1077 1590,1018 1706,1077 1906,1039 2111,1080 2450,1059 2568,980 2824,993 2824,908 2660,900 1300,941 813,903"/>
                <Baseline points="826,973 926,977 1026,977 1126,979 1226,976 1326,976 1426,976 1527,979 1627,973 1727,975 1827,976 1927,976 2027,976 2127,975 2228,973 2328,974 2428,973 2528,970 2628,970 2728,970 2829,970"/>
                <TextEquiv>
                    <Unicode>Helene: Sie müssen Sie sich wenigstene jetzt keine</Unicode>
                </TextEquiv>
            </TextLine>
            <TextLine id="tr_1_tl_5" custom="readingOrder {index:4;}">
                <Coords points="836,1193 1180,1195 1331,1129 1475,1134 1475,1077 1377,1044 1329,1064 1157,1057 1121,1034 990,1070 834,1052"/>
                <Baseline points="850,1113 881,1117 913,1120 944,1122 976,1120 1007,1119 1039,1120 1070,1122 1102,1122 1133,1121 1165,1119 1196,1121 1228,1122 1259,1122 1291,1122 1322,1122 1354,1122 1385,1122 1417,1122 1448,1123 1480,1125"/>
                <TextEquiv>
                    <Unicode>Vorwürfe machen.</Unicode>
                </TextEquiv>
            </TextLine>
            <TextLine id="tr_1_tl_6" custom="readingOrder {index:5;}">
                <Coords points="823,1329 1098,1344 1236,1257 1903,1262 1903,1193 1867,1180 1734,1211 1567,1177 823,1193"/>
                <Baseline points="838,1250 891,1251 945,1254 998,1256 1052,1256 1106,1256 1159,1253 1213,1253 1266,1253 1320,1253 1374,1256 1427,1253 1481,1253 1534,1253 1588,1253 1642,1256 1695,1253 1749,1256 1802,1256 1856,1254 1910,1256"/>
                <TextEquiv>
                    <Unicode>Ludwig: Wer sagt Ihnen das?</Unicode>
                </TextEquiv>
            </TextLine>
            <TextLine id="tr_1_tl_7" custom="readingOrder {index:6;}">
                <Coords points="823,1452 1926,1467 2052,1434 2132,1477 2373,1442 2603,1470 2603,1329 2509,1313 2042,1318 1962,1357 1634,1298 1239,1344 823,1321"/>
                <Baseline points="838,1390 926,1388 1015,1390 1103,1389 1192,1387 1281,1386 1369,1387 1458,1387 1547,1390 1635,1387 1724,1384 1813,1387 1901,1384 1990,1387 2079,1387 2167,1387 2256,1384 2345,1384 2433,1384 2522,1387 2611,1387"/>
                <TextEquiv>
                    <Unicode>(Von rechts Prasident Fricke und Frau Veith..</Unicode>
                </TextEquiv>
            </TextLine>
            <TextLine id="tr_1_tl_8" custom="readingOrder {index:7;}">
                <Coords points="816,1593 1449,1590 1662,1524 1852,1534 1934,1598 2557,1534 2557,1457 2465,1452 816,1467"/>
                <Baseline points="829,1522 915,1522 1002,1525 1088,1525 1175,1522 1261,1525 1348,1522 1434,1522 1521,1522 1607,1525 1694,1521 1781,1522 1867,1522 1954,1522 2040,1522 2127,1522 2213,1521 2300,1520 2386,1522 2473,1522 2560,1519"/>
                <TextEquiv>
                    <Unicode>Fricke: da, wo bleibt Ihr denn? Der Tisch im</Unicode>
                </TextEquiv>
            </TextLine>
            <TextLine id="tr_1_tl_9" custom="readingOrder {index:8;}">
                <Coords points="813,1708 998,1724 1136,1665 1347,1657 2444,1662 2419,1588 2221,1611 2055,1575 1806,1631 1536,1565 1036,1613 813,1585"/>
                <Baseline points="826,1653 907,1653 988,1657 1069,1659 1150,1659 1232,1659 1313,1656 1394,1658 1475,1659 1556,1659 1638,1659 1719,1659 1800,1657 1881,1656 1962,1657 2044,1656 2125,1653 2206,1656 2287,1657 2368,1656 2450,1662"/>
                <TextEquiv>
                    <Unicode>Imperial ist reserviert. Wo ist Richard?</Unicode>
                </TextEquiv>
            </TextLine>
            <TextLine id="tr_1_tl_10" custom="readingOrder {index:9;}">
                <Coords points="818,1865 1075,1839 1442,1885 1762,1849 1857,1798 2598,1811 2598,1708 2473,1698 2275,1760 2188,1711 1688,1701 1588,1752 1477,1713 959,1747 818,1708"/>
                <Baseline points="832,1793 920,1790 1009,1787 1097,1787 1186,1790 1274,1790 1363,1790 1451,1790 1540,1790 1628,1790 1717,1793 1805,1788 1894,1791 1982,1793 2071,1791 2159,1793 2248,1791 2336,1793 2425,1793 2513,1792 2602,1793"/>
                <TextEquiv>
                    <Unicode>Frau Veith: (zu Mathilde) Warum regst du dich</Unicode>
                </TextEquiv>
            </TextLine>
            <TextLine id="tr_1_tl_11" custom="readingOrder {index:10;}">
                <Coords points="808,1929 1716,1934 1716,1844 1613,1880 1272,1857 1136,1896 808,1860"/>
                <Baseline points="823,1922 867,1922 912,1922 957,1925 1002,1922 1047,1922 1091,1925 1136,1922 1181,1925 1226,1925 1271,1925 1315,1925 1360,1925 1405,1925 1450,1925 1495,1925 1539,1925 1584,1925 1629,1925 1674,1925 1719,1925"/>
                <TextEquiv>
                    <Unicode>denn so auf,mein Kind?</Unicode>
                </TextEquiv>
            </TextLine>
            <TextLine id="tr_1_tl_12" custom="readingOrder {index:11;}">
                <Coords points="803,2103 1429,2139 1665,2129 1872,2062 2865,2067 2865,1960 2365,2024 2265,1988 2160,2014 1962,1919 1462,1931 1383,1988 1090,2016 803,1983"/>
                <Baseline points="817,2047 919,2053 1022,2055 1124,2056 1227,2056 1329,2056 1432,2055 1534,2053 1637,2056 1739,2057 1842,2056 1945,2056 2047,2054 2150,2057 2252,2059 2355,2056 2457,2056 2560,2056 2662,2059 2765,2059 2868,2056"/>
                <TextEquiv>
                    <Unicode>Helene:/ zu ihrem Vaterl Weisst du denn noch nichts:</Unicode>
                </TextEquiv>
            </TextLine>
            <TextLine id="tr_1_tl_13" custom="readingOrder {index:12;}">
                <Coords points="808,2232 895,2260 1406,2188 2619,2224 2619,2132 2524,2119 1985,2155 808,2108"/>
                <Baseline points="823,2175 913,2184 1003,2187 1093,2190 1183,2190 1273,2187 1363,2190 1454,2187 1544,2187 1634,2187 1724,2190 1814,2190 1904,2193 1994,2193 2085,2190 2175,2190 2265,2196 2355,2195 2445,2196 2535,2196 2626,2199"/>
                <TextEquiv>
                    <Unicode>Fricke: Exxx Etwas Ernstes -ein Herzschlag?</Unicode>
                </TextEquiv>
            </TextLine>
            <TextLine id="tr_1_tl_14" custom="readingOrder {index:13;}">
                <Coords points="803,2383 913,2393 957,2360 1226,2403 1577,2378 1577,2257 1554,2252 1498,2280 1336,2252 1034,2278 803,2234"/>
                <Baseline points="817,2316 855,2319 893,2317 932,2318 970,2319 1008,2320 1047,2322 1085,2322 1123,2320 1162,2317 1200,2318 1238,2319 1277,2319 1315,2319 1353,2319 1392,2319 1430,2321 1468,2320 1507,2319 1545,2320 1584,2322"/>
                <TextEquiv>
                    <Unicode>Helene: Selbstmord.</Unicode>
                </TextEquiv>
            </TextLine>
            <TextLine id="tr_1_tl_15" custom="readingOrder {index:14;}">
                <Coords points="803,2511 1200,2521 1270,2465 1436,2450 2067,2457 2198,2516 2296,2506 2293,2388 2247,2373 1996,2419 1931,2378 1708,2414 1472,2375 1429,2406 800,2385"/>
                <Baseline points="817,2447 891,2449 965,2448 1039,2447 1113,2447 1188,2448 1262,2447 1336,2450 1410,2449 1484,2450 1559,2449 1633,2450 1707,2453 1781,2450 1855,2453 1930,2453 2004,2453 2078,2456 2152,2453 2226,2456 2301,2453"/>
                <TextEquiv>
                    <Unicode>Kricke: Was hat Richard damit zu tun?</Unicode>
                </TextEquiv>
            </TextLine>
            <TextLine id="tr_1_tl_16" custom="readingOrder {index:15;}">
                <Coords points="803,2645 1357,2660 1452,2606 1531,2668 1629,2637 1719,2670 1849,2598 2062,2629 2062,2524 1770,2506 1447,2552 800,2511"/>
                <Baseline points="817,2575 879,2577 942,2581 1004,2585 1067,2585 1129,2584 1192,2584 1254,2584 1317,2587 1379,2585 1442,2584 1505,2584 1567,2586 1630,2587 1692,2589 1755,2590 1817,2590 1880,2590 1942,2590 2005,2590 2068,2593"/>
                <TextEquiv>
                    <Unicode>Helene: Sie war seine beliebte.</Unicode>
                </TextEquiv>
            </TextLine>
            <TextLine id="tr_1_tl_17" custom="readingOrder {index:16;}">
                <Coords points="808,2737 967,2765 1501,2729 1501,2662 1193,2670 1059,2627 944,2657 898,2621 808,2655"/>
                <Baseline points="823,2719 857,2716 891,2716 925,2716 959,2716 994,2718 1028,2718 1062,2716 1096,2718 1130,2719 1165,2719 1199,2719 1233,2716 1267,2718 1301,2719 1336,2719 1370,2719 1404,2721 1438,2721 1472,2718 1507,2716"/>
                <TextEquiv>
                    <Unicode>Fricke:Wo ist er?</Unicode>
                </TextEquiv>
            </TextLine>
            <TextLine id="tr_1_tl_18" custom="readingOrder {index:17;}">
                <Coords points="811,2932 1054,2932 1177,2863 1344,2850 1560,2888 1693,2855 2444,2886 2537,2865 2537,2760 2416,2814 2206,2819 1988,2809 1775,2721 808,2783"/>
                <Baseline points="823,2844 909,2846 995,2850 1081,2852 1167,2850 1253,2850 1339,2849 1425,2852 1511,2853 1597,2852 1683,2851 1769,2853 1855,2853 1941,2853 2027,2856 2113,2858 2199,2858 2285,2860 2371,2857 2457,2859 2543,2859"/>
                <TextEquiv>
                    <Unicode>Helene: Karl Bern ist bei ihm. Du brauchet«</Unicode>
                </TextEquiv>
            </TextLine>
            <TextLine id="tr_1_tl_19" custom="readingOrder {index:18;}">
                <Coords points="2560,2863 2632,2878 2645,2870 2665,2883 2688,2878 2691,2750 2662,2745 2632,2760 2614,2752 2593,2760 2586,2752 2562,2750"/>
                <Baseline points="2575,2862 2605,2862 2635,2861 2665,2859 2695,2862"/>
                <TextEquiv>
                    <Unicode>est</Unicode>
                </TextEquiv>
            </TextLine>
            <TextLine id="tr_1_tl_20" custom="readingOrder {index:19;}">
                <Coords points="790,3019 998,2986 1757,3022 1826,2998 1826,2950 1508,2863 1193,2863 975,2939 787,2909"/>
                <Baseline points="805,2987 856,2987 907,2983 959,2980 1010,2980 1061,2981 1113,2981 1164,2981 1215,2981 1267,2981 1318,2982 1369,2984 1421,2982 1472,2981 1523,2984 1575,2985 1626,2986 1677,2985 1729,2987 1780,2987 1832,2987"/>
                <TextEquiv>
                    <Unicode>gar keine Sorge zu haben.</Unicode>
                </TextEquiv>
            </TextLine>
            <TextLine id="tr_1_tl_21" custom="readingOrder {index:20;}">
                <Coords points="808,3219 1121,3234 1285,3132 1408,3127 1580,3178 1885,3147 2096,3191 2175,3155 2462,3183 2460,3068 2088,3050 1988,3088 1875,3009 1778,3037 1462,2993 939,3073 805,3011"/>
                <Baseline points="820,3116 902,3115 984,3116 1067,3114 1149,3114 1232,3118 1314,3116 1396,3119 1479,3119 1561,3121 1644,3122 1726,3122 1808,3122 1891,3119 1973,3122 2056,3123 2138,3123 2220,3126 2303,3128 2385,3128 2468,3128"/>
                <TextEquiv>
                    <Unicode>Fricke: Mit den Souper ist es wohl nichts</Unicode>
                </TextEquiv>
            </TextLine>
            <TextEquiv>
                <Unicode></Unicode>
            </TextEquiv>
        </TextRegion>
    </Page>
</PcGts>
