2840 3432
2248 228 2413 371 208
683 323 1617 518 WeterrmrFrauentret
676 496 2013 649 e
683 599 2504 776 Proguletn: (zu tr. Mentzel) Geben Sie Ber. Iden
685 752 2521 913 Prief in der Hand) Das wird der richtige sein.
683 855 2483 1038 Wie sie bei der für herauskannt, werde ich ihn
683 1016 1093 1157 inr geben.
685 1119 2593 1304 trantt: lale Fannil ich bin es müde un deine Gra-
678 1268 2600 1419 de zu flehen wie eine Sunderin und vor einem auf
685 1378 2518 1541 den tnisen zu liegen, der du nichts besser bist
685 1498 2607 1675 als ich. (sie öfinet die Türel Herr Moritzng darf
685 1644 1145 1795 ich oitten?
676 1735 2485 1967 Dreguletn:(versucht sie zu rafen und ihr den
678 1907 1335 2066 Brief zu zeigenl
690 2039 2504 2190 Franzl:(merktaber nichts davon, da sie nur nech
681 2173 1687 2324 der anderen Seite schentl
707 2286 2509 2459 aepizientilweist John an, wieder auf die kühne
688 2430 1100 2557 zu treten!
700 2518 2130 2720 Sonn: (korititel tritt auf die Duhmel
688 2662 2494 2847 aeeger:bru kerl Bernl konnen die doch lieber
685 2777 2562 2967 nech vom Herr Doktor, danit die gleich da eine.
688 2904 2610 3072 sie heven keine bedule die Verrecharten. Un iehn
