2872 3592
546 508 1432 689 Gradel: Er verdient's.
1417 528 1562 686 hale
1733 632 2082 769 ch femos.
541 640 1686 824 Autte: Frau Elderhof Werts
549 754 2528 953 Graddl: Sie hat andere verschmerzt als Gerold und
546 938 1181 1067 soger Bessere.
549 997 2634 1235 Berl Derniltritt ene baffet, zun Dienerl bles bognäs.
559 1194 1417 1349 wenn ich bitten darf.
565 1277 1380 1427 Piener: (schenkt ein)
565 1427 2393 1544 Rutte: Wiesen Sie, dass zu Ihrer Première kein
562 1557 2103 1681 Sitz mehr zu bekommen ist,Herr Doktor.
565 1689 2587 1906 Kerl dern: Unso bosser, ich bin übrigene nicht Dot-
575 1867 759 1994 tor.
585 1865 2492 2075 Aatis: Dark ich vielleicht Ihre Protektion bein-
591 2077 2562 2225 Pheaterkascier in Inspruch nehmen? Er bekommt na-
583 2248 1686 2347 türlich auch ein Trinkgeld.
588 2315 2564 2541 Kerl Bernilnotierend! Werde mein Aögliohstes tun-
583 2486 2015 2665 Rutie: Ich wäre Ihnen erig dankbar.
591 2600 2577 2795 Karl Berni Vierundzwanzig Stunden Dankbarkeit ge-
601 2725 2624 2875 nügen mir vollkommen. -Oder bis nach der Preuidre.
1049 2823 2246 2919 spielt die Hauptrolle, Weister?
593 2857 1005 2927 Rutte: Wer
593 2872 2618 3028 Karl Bern: Ich bin kein Meister und die Hauptrolle
1023 2978 1336 3067 Hoveda.
611 2984 995 3077 spielt die
614 3020 2090 3124 Gradel: Die Rovedat O, geben Sie Acht.
1041 3113 1285 3206 Narun?
676 3116 951 3193 arl der
938 3142 2505 3269 Die Rovede verzehrt schon zum Frühstück
642 3188 811 3341 er
