3080 3528
454 362 976 539 22./3.1830.
2476 399 2619 557 229
801 542 1335 662 Neuntes Bild.
806 657 2294 796 Schliesst sich sofort an das achte an
801 746 2673 899 Finke die rückwärtige Fassade des Residenzthea-
804 871 2688 1031 terz. Eingang zur Bühne. Von der Türe geht nach
794 998 2716 1171 ebwärts sowohl rechts als linke je ein Weg, diese
799 1118 2748 1261 beiden Wege münden auf die gewöhnliche Fahrstras-
779 1253 2631 1448 se. Die Fahrstrasse ist ziemlich breit,rechts
784 1388 2559 1555 davon ein Ferk, von dem man natürlich nur den
771 1508 2659 1670 Randteil sieht. Zwischen der Bühnentüre und der
776 1648 2778 1800 Fahrstrasse, gleichfalls Rasenplatz. Die Fahrstras-
766 1785 2771 1960 se verläuft also von xktx links vor nach rechts
766 1907 2666 2139 minten. Im Hintergrund mässig beleuchtete Stras-
754 2057 2351 2232 se. Das Theatergebäude noch beleuchtet.
759 2179 2751 2344 Zu Beginn des Aktes stehen etwa 10 -20 junge Leute
749 2314 2751 2556 vor dem Bühnentürl, einige mit kärtchen oder Notiz-
739 2476 2644 2654 wüchern in der Hand. An der geöfineten Rüre der
736 2594 2693 2831 Tortier lkeine Uniform, sicht wie ein Diener ausl.
729 2713 2721 2888 Anzeichen des eben stattgehabten Thesterschlusses.
751 2866 2659 3025 Stimmen, die ungefahr von Linke rückwärts klingen
721 3020 2686 3168 wo man sich die vorfahrenden Wagen zu denken hat.
