2824 3432
2328 224 2663 432 et 173
546 368 2460 620 lndnigi Eine Stande bevor der Zug hier in Bahn-
557 569 2376 757 hof einfuhr, las ich in der Zeitung, dass Franzi
544 661 2414 895 in Derns Stück die Rauptrolle splelt. Do wirkte
544 854 2412 1011 viel stärker auf mich,als ich se gedacht hätte.
546 971 2290 1141 Gerade in diesem Koment - ich fühlte wieder
539 1093 1535 1263 Riohard: (fragender Bliokt
541 1212 1510 1352 Ludwig: - dass ich sie -
529 1304 2328 1499 Richard: Rede dir doch nichts an. Es verletzt
526 1441 2363 1680 deine Eitelkelt, dass -aich verochnerzt - dass
521 1644 1748 1776 sie sich nicht ungebracht hat.
521 1738 2071 1916 Ludwig: Du verstehst diese Dinge nicht.
523 1855 2493 2043 Richard: Auch Antoinette würde sie kaum verstehen.
496 1975 2468 2158 Ludrig: Des ttektergentaxx ist
501 2097 1159 2224 noch die Frage.
493 2196 2539 2412 Richerd: Sie weiss an Ende, dass du in Thester bist?
508 2379 2429 2584 Indnig: Sie hat mich selbst auf die Nottz in der
490 2506 1578 2630 beitung autmerksen gemacht.
493 2602 2201 2816 Rieherd: Du spielst ein gefährliches Spiel.
496 2780 2465 2935 indrig: In der Liebe gibt es keine andern. Ineuer
490 2856 2389 3044 Zenl Aber es hat schen angefangen. Ich sch dief
485 2955 2348 3182 nont morgen! Da best ir sa aut dertort mer
