2792 3416
559 379 2355 557 Dögelmenn:Eine krage. Finden Sie, dass ich für
557 535 2010 696 den witte in Ihrem stück zu alt vin?
567 657 1544 804 Karl: Mer behauptet das?
567 801 2294 967 Bögelmann: Dieser neunte Landsknecht, dieser
567 953 1221 1084 zwöifte Mstrose.
562 1038 2477 1224 Dregulein: Dieser erste Nagel zu Ihrem Sarg. 44
520 1189 1143 1329 KartxlxEEX 45.
557 1295 2440 1495 Karl Fern: Unslun. Nicht um ein paar Jaüre mehr
562 1453 2445 1607 oder weniger handelt es sich, sondern darum, dass
562 1558 2379 1751 äie immanente Idee der Figur hierauskommt. Ich
554 1712 2433 1869 könnte mir: keinen Bessern für die Kolle denken.
1724 1795 2120 1869 Kerl Bern:
569 1827 2528 2027 Obgelmann: Nörst es, Dreguleinf(zum Lellnerl Einen
564 1959 913 2127 Ansintn.
559 2093 2291 2257 Dregulein: Das ist nicht von Ihnen, Meister.
557 2203 2318 2386 karl bern:; ich vin kein meister. Aber,wieso
569 2357 2445 2530 Dregulein: Meintu, das ist von Alfred se Mussel
569 2482 1221 2653 49,50. Reranche?
554 2604 1815 2745 Dögelmenn: De din nicht in Form
581 2748 1754 2916 1pr. Fraun tritr ein, Begrüssung
2228 2765 2411 2897 gebt
581 2892 1817 3070 jetzt zu Richera kin und pegrüst
1944 2880 2071 2995 he
