2888 3496
2133 272 2296 414 117
550 343 2353 615 Kili: Das glauß ich, dass Fraulein kranft die
448 592 968 704 Figur haben.
445 644 2429 866 Franzi:(lacht) Aöfr Sie kennen doch daf Stück ger
450 864 717 958 nicht.
448 906 2227 1110 Mili: Ich glaub's duswendig, Frauleif Franzi.
461 1065 2515 1196 Fran-i: Und eigentlich brauch ich fgar keine anderen
450 1175 2269 1358 Kleider als wie für die Emmi. Implir für sich)
461 1338 2440 1458 Für den zweiten ekt villleicht (- da nehm ich ein-
476 1434 2521 1667 fach mein Strassenkostüf, das fird grad das Pichtige
461 1649 715 1725 sein.
461 1741 1769 1900 Mutter: Aber du isst ja gay nix.
469 1858 2369 2013 Franzi: Du gibst mir immer(viel zu viel,Mutter.
469 1955 2536 2159 die Forte, die heb ich mirh für nach dem Theater, auf.
463 2112 2047 2277 Halb fünf ist schon? Ja musf ich ja-
463 2246 2432 2432 Mutter: Leg dich doch efin bisl)hin,du bist heute
469 2345 2133 2568 Nacht wieder so spät nfoh hause gekommen.
487 2513 2589 2696 Franzi: Ja schlafen und ausruhen, das ist jetzt nicht
484 2636 2385 2822 das Wichtigste. Sag Mutter, könnteststau nicht -
484 2777 2395 2942 Fraulein Mili, könnten Sie nicht auch daneben im
476 2892 2523 3131 kabinet weiter arbeisten, weil nämlich ker Gregot zu
484 3073 1194 3246 mir herauf kommt.
