3096 3464
2479 420 2640 546 159
792 477 1989 690 deron: Kinden die Herr Doktord
787 638 2424 825 Weinberg: Hat vielleicht auch sein Gutes.
1498 775 1672 859 Witz
802 812 2675 926 Baron: (ahnt einen Kxxk und lacht 1, fragend) Und
795 969 1210 1068 das Stückt
785 1031 2345 1249 Weinberg: worden Sie morgen lesen. (abl
790 1234 2099 1386 Dr. Braun: (zum Baron) Böses Inder.
777 1359 2777 1503 Baron:Die Dramaturgen sind das Unglück. Ich hab es
780 1495 1629 1657 nicht spielen wollen.
780 1580 2131 1734 Baron und Fraun die Stufen hinab).
772 1749 2700 1890 Gradl:(zu Helend Kües die Hand, Fraulein. Kennen
782 1860 2757 2062 Sie die Dane in der Toge neben Ihnen? Die Roveda-
775 2012 2618 2176 Helene: Wirklichl Ioh hätt sie nicht erkannt.
775 2148 2638 2315 Hutte: Die hatt' die Hauptrolle spielen sollen.
787 2285 1083 2392 Gratex
792 2332 1739 2501 Helene: Ich habe gehört.
760 2476 2715 2658 Gradl: Hoffentlich spielt sie sie wenigetens beim
760 2610 1299 2732 Autor weiter.
763 2727 1597 2906 Relene:(grosse Augen!
782 2901 1987 3043 (Richerd, Rethilde und Frau Veit
