2904 3480
743 350 2198 598 Ich sviel se vur den Mener in Hens
755 542 1519 706 sogenannten Pelsen.
729 645 2346 848 terl Berheaffer Sie versteben erwas netr
731 787 1252 963 de meerent
743 918 1731 1084 Terindern: Ich frage Die.
724 1082 2427 1271 Dregulein: Wer auch von Ihnen wird's nicht
722 1210 1105 1315 abhangen.
706 1287 2584 1488 Karl Bermilsehr leichtl, während sie die Piguren
713 1451 1149 1617 aufstellen
694 1691 2427 1885 Besser Farokpartio Dogelmann, Gregor, derell
713 1827 2098 2012 Sohn und Fritzl verabschieden sich.
671 1958 2376 2177 Beginnendes Aohachspiel zwischen Pregulein
673 2082 2502 2294 und Karl Bern. Riohard legt die beitangen weg
678 2210 2430 2427 und schreibt rasch einen Brief, will weggehen
671 2371 2502 2554 seine Brregung ist sichtlich, so dass Karl Bern
668 2500 2098 2661 zu ihm hin tritt, segt etwa Folgende:
656 2596 2437 2832 Ioh übernehme keine Verantwortung, oder kenn
661 2759 2518 2946 es ein Abschiedsbrief ist, dann auf den schnell-
654 2876 2472 3089 sten Reg. Jedesfalls geht Richerd gllein fort.
