2904 3496
2363 279 2520 433 188
506 419 2492 609 Brief. Den bringen Mluiz gleich herunter, so kamn
528 536 2649 717 vielleicht was Richtiges sein. Ich nöcht's ihr gleieh
520 679 1694 850 geben, wenn sie wieder abgehtt
506 815 1129 990 Pr. Nentzelitabl
549 939 2584 1126 Sohnilin Frack, in zienlch übertriebener, trttmeneter
536 1085 2704 1269 ne geniegemessen meslecher Maske, konnt von rechts,
509 1215 1919 1356 geht gegen linke, tritt an Lobiein.1
520 1345 2081 1510 Forlein: (sieht ihn fast ersohrocken anl
544 1461 2552 1629 onn: die erkennen mich nichtl Koritzty. alles Sohn.
514 1594 2636 1781 Loblein: Sie sind ja verrückt. Die Packe war ja genan-
509 1713 2549 1905 fostgestellt. Nas At ist ihnen denn eingefällen?
493 1848 2549 2032 Johni Herr Vogelmann findet, ich sehe sehr charekte-
514 1995 1039 2143 ristisch aus.
509 2073 2522 2249 Oogelenn:(schon in Strassenkostin, Veberzicher und
509 2243 2471 2406 Chechener, ist von rechts gekonnen und steht stwas
506 2406 1575 2547 entfernt von den Feidenl
509 2501 2584 2679 Lobleln: Ich bin der Regisseur, nieht Herr Dogelmann.
503 2620 2679 2804 Sie a sehen nicht aus wie ein Thoateragent, Sie sehen
514 2763 1361 2898 aus wie ein Tschtbuk.
509 2896 820 3063 John:-
493 3004 2160 3212 Lobdein: Wie ein Auschik wollt leb gegen.
