2904 3512
2146 278 2437 433 III. 212
556 423 2481 639 der im Theater sein. Und ins dett konnt sie vor
564 595 1378 768 zwöl4 oder halbeins.
554 706 2574 873 Mil1: Man wil1 doch manchmal nach dem Theater ein
564 835 2406 1018 bisl pläudern mit kollegen und Korléginnen im-
559 1010 1051 1149 Restaurant.:
567 1077 2638 1268 Mutter: Ich gönn's ihr ja. Sie soll sich nur unter-
572 1234 2471 1407 halten. Is’ mir jedenfalls lieber als im vorigen
577 1358 2447 1535 Jahr, wo sie immer nur den Einen im Kopf gehabt
572 1502 2450 1667 hat. Ha schön hat er ihr's gelohnt. Sie wissen
587 1623 2071 1788 doch, Fraulein Mili, er hat geheiratet.
577 1736 2566 1963 Mili: So, so. Ich hab nicht fragen wöllen. Also ge-
590 1924 1770 2074 heiratet hat der Herr Doktor?
