2872 3480
2237 160 2392 451 fo
545 360 2506 532 Franzi: Aber das ist doch natürlich. Erstghs ein-
527 527 2503 679 mal krieg Ich doch eine Renumeration weif ich die
535 644 2536 821 Rolle überndmmen habe im letzten Momentf sozusagen.
527 775 2508 943 Und selbstverdtändlich wird mir auch die Gage er-
532 884 2551 1092 höht werden. DieHauptvolle, Mutter! Von der Foreda
527 1041 937 1181 die Kollel
537 1140 2544 1323 Mutter: Und wenn sie plötzlich wigker gisung wird?
537 1320 2574 1452 Franzi: Aber das hilft Uhr ja nichts mehr. Sie ist
542 1421 2422 1589 ja schon so gut wie entldgsen. Heut hab' ja ich
519 1541 2382 1703 schon probiert. Und morgen (Früfh steht's gewiss
514 1667 2415 1842 schon in der Zeitung, dass die Hauptrolle in dem
519 1794 2546 1976 neuen, Sametag zur Erstauffülrung gelangenden Stück
527 1928 2503 2126 Fraulein Franzi Friesel die Hadptrolle spielt. No
530 2090 2536 2250 was s agst. du, Mutter,hast zu denn)gar keine Freude?
512 2192 2415 2392 Mutter: Man traut sich nicht recht. Man gewöhnt
522 2321 2486 2511 sich's so ab mit der Zeist sich auf fas zu freuen.
514 2496 2526 2658 Franzi: Weisst du, was der Autor gesagt hat, Mutter?
514 2627 2387 2767 Ihnen wird man es glaufen,Fräulein! Dik Roveda
502 2734 2407 2861 kann vielleicht mehr als Sie, aber Sie haben die
519 2848 2486 3061 Jugend, Sie sind die Figur, wie ich sie mitgedacht
497 3025 727 3162 habe.
