2856 3512
2339 208 2669 358 ed 88 e
470 350 1366 535 Morgen, Herr dögsimenn.
483 498 1212 678 Begelmenn: Morgent
2243 613 2581 758 von dem
483 608 2093 800 Soufileuse: Sie wissen schon, Herr Dögeln
493 781 1368 924 Strich in Ihrer Szene:
485 896 1355 1064 Dogelmann: Nor Miesor
1519 1013 2459 1192 es? (zur Souffleusel Nas
496 1051 1262 1137 Löblein: Nun, woran
493 1158 1677 1327 wollen Sie denn schen wieder?.
496 1275 2407 1459 Souffleuse: Bitte, Herr Regisseur, ich wollte dem
496 1397 2251 1566 Herrn Dögelmann nur die geetrigen Striche-
504 1524 2456 1695 Dogelmann: (zam Souftleurkasten wiedergebeugt, das
501 1680 2477 1859 buch in der Handl Eine Szene hab ich in dem Stück
509 1786 2324 1952 und die streichen Sie mir auch noch zusammen?
509 1924 2438 2113 Löbleini (tritzrgtatahtattandan aus seinem Buche
504 2080 805 2248 Jesendl
509 2170 2357 2373 degeben(Auf diese Stelle konnt es Ihnen an?
517 2324 2495 2508 vogeimenn: Das ist doch das Vernünftigste, was ich
514 2459 1882 2622 in der ganzen Szene zu sagen habe.
511 2562 2487 2742 Löbleinilliest) is ist ja eine Ratsache, dass wir
1337 2716 1973 2866 eliebten haben-
517 2742 1176 2843 immer Ausnahmen
511 2845 2511 3035 Dogeimenn: (meiter lesendl aber endlich müsten wir
530 2970 2612 3157 adle wieder in unsern Kreis zurück, denn unsere klei-
511 3103 2290 3263 nen Erlebnisse führen uns alle etwas tiefer.
