2808 3384
2238 268 2412 390 168
750 358 1819 525 uhanterXX
750 516 2443 660 Ludwig: Wie du siehst. Ich habe einen ganz
760 633 2515 796 versteckten Platz,Galerie,kein Bekannter hat
744 771 2459 947 mich gesehen. Wär mir auch ziemlich gleich-
741 902 2488 1066 gültig. Was sagst du zu Franzi - wundervoll,
739 1025 2497 1181 nicht wahr? Warum hast du mir übrigene nicht
739 1167 1314 1325 telegraphiert?
739 1276 2157 1449 Hichard: Ich habe dir telegraphiert.
737 1404 2445 1591 Ludwig: Ja, dass mein Schwiegervater tot ist,
737 1562 1839 1729 aber nicht, dass Franzi lebt.
726 1666 2533 1830 Richard: Ee verletzt dich hoffentlich nicht zu
721 1794 2443 1977 sehr., dass - sie sich nicht ungebracht hat?
726 1934 2481 2110 Ludwig: Johßin stolz, dass der Schmerz sie zu
719 2069 2441 2238 einer künstlerin gemacht hat. Nie hätte ich
721 2204 1005 2344 gechnt.
712 2283 2481 2506 Richerd: Meise Antoinette, dess du in Thester
719 2454 933 2599 bistz
717 2551 2475 2741 Ludnig: Selbstverständlich, Sie war es sa, die
703 2686 2504 2889 mich gester auf die Notiz in der Zeitung auf
701 2804 2430 2982 merksan gemacht hat, eine Sthede,ehe der Zug
708 2934 1456 3128 im Batnhof einfuhr.
