2888 3496
2234 297 2394 446 291
613 439 2421 682 Beron: Da geben Sie Aeht, was nir morgen über-
616 662 1859 819 haupt zu hören bekommen werden.
616 743 2538 959 karl bern:l4ritt zum baron) Ich glaube, die Feute
616 939 1018 1037 gehen mit.
613 1013 2492 1212 Baron: Mit wem? Ich merke wenig. Hätten Sie mir
611 1158 2428 1339 gefolgt, Herr Doktor. Nur die Roveda hätte das
601 1297 2531 1472 Stück retten können. Jetzt noch der unmotivierte
594 1459 1113 1562 Selbstmord-
601 1538 2291 1739 karl bern: Wiesol Wer bringt sich denn um?
613 1704 2570 1888 Baron: Sie fragen mich? Ihre sogenannte Heldin,so
611 1849 1525 2026 viel ich bemerkt habe.
603 1945 2531 2131 Karl Bern: Sie fällt ja nur in Ohnmacht, Herr Ba-
596 2134 775 2234 ron.
598 2237 2450 2396 Baron: Das soll eine Ohnmacht sein? Woher soll
586 2379 2560 2560 das Publikum das wissen? Es sieht ja nicht mehr,
584 2509 1996 2668 wie sie aus ihrer Ohnpacht erwacht.
596 2644 1839 2801 Karl Bern: Sie spricht ja noch.
591 2781 2303 2928 Inepizient: Ratzl Platzl Bitte, Herr Baron.
571 2923 1555 3105 Baron: Was ist demn loch
579 3048 2266 3230 Trepizient: Algeneiner Aygang zum Bufiet.
