2840 3512
557 518 1224 680 Berl Bern: Aber
569 613 2390 812 Richard: Haben Sie etwa bemerkt, dass zutschen
562 773 2024 937 Fraulein Friesel und Herrn Gregor-
559 888 2461 1070 Karlgllacht) Nicht das Geringste, ich schnöre es
569 1023 2375 1205 Ihnen. Trotzdem aber hielte ich es für höchst
572 1163 2422 1340 vernünftig in jeder Beziehung.- Ihr Laufer ist
564 1315 1227 1470 nicht zu retten.
564 1431 1963 1519 Richard: Bitte,sprechen Sie weiter.
564 1487 2540 1661 karl Bern: Nein, nein Diplomat bin ich nicht. Das
564 1673 2380 1794 hab ich schon gesagt. Also,gerade heraus. Ihr
562 1801 2373 1951 Fraulein Schwester macht sich Sorgen um Sie.
584 1929 1872 2046 Eichard: Sagen Sie ruhig Helene.
564 2029 2441 2181 karl Bern: Danke. Also Fraulein Helene ist ein
577 2172 2466 2309 wenig bekümmert und mit Recht wie ich sehe. Sie
572 2289 2437 2434 hat gemerkt, dass Sie nicht besonders glücklich
562 2419 2346 2576 sind, sie hat die neheliegende Vermutung, dass
596 2532 2552 2709 6io in irgend einey Beziehung verstrickt sind, die
574 2662 2353 2827 Ihnen mehr Unruhe und Leid bringt als Glück-
584 2787 1875 2989 Richard: Una51e damit betraut-
577 2903 2522 3062 Karl Born: Pitte, wenn Sie keine fust haben mich
577 3043 2194 3249 anzuhören, ich bestehe keineswegs darauf.
