2856 3512
578 434 1039 592 chefredakte
585 548 2516 763 Ermelikenn es der üühe nert wäre Sie zu vernich-
597 669 2535 839 ten - oder glauben Sie, das liegt nicht in meiner
590 780 2572 1027 Nachtt Die kleine Heltriegel hat sich zum Fenster
600 943 2330 1143 rinausgestürzt in vorigen Jahr, weil ich sie
610 1089 1617 1247 schlecht kritisiert habe.
620 1192 2501 1397 Keliner:(zu Eruell Herr Chefredekteur wünschen?
630 1341 2432 1526 x Ermel: Es komnt darauf, an, wozu Herr Greger
622 1511 1158 1642 mich einizdt.
627 1580 2439 1782 Gregorillacht) Resche Dier, Sohinkenbrotohen.
649 1689 2513 1936 Progulein: Vor einer Preulöre wäre ich nicht so
637 1908 1328 2056 schuntzig, bregor.
654 1997 2326 2175 Gregor: Sagen wir einen kalten Aufschnitt.
652 2126 2101 2284 Kellner: Sehr wohlskeiner Aufschnitt.
674 2234 2619 2444 regulein: Von einem feinen Aufschnitt net Greger
659 2427 1232 2553 nichts gesagt.
664 2496 2518 2698 Ermel: Selbstverständlich fein.(zu Fritzt) dan
662 2619 2550 2827 rraulein, wie sind ie mit Ihren Bild zufrieden!
667 2767 2565 2962 Ein Bild in der Toulisse ist der Beginn einer
676 2935 1049 3135 barriöre.
