2856 3464
598 306 2191 499 menchet anders geworden, wenn er an Leber
606 490 2065 627 blieben wär. Nie hätt er zugegeben,
613 601 1696 786 Franzi Schauepielerin wird.
610 733 2396 926 41l1: Aber, Frag Friesel, sicherl Heuff hat man
620 883 1778 1030 ja nicht mehr did Vorurteile.
615 987 2511 1197 Mutter: (Blick auf die Manduhr) Gleich vier. Und
620 1136 2441 1286 um sechs muss sie wieder im Thfater sein. Und
620 1240 2504 1435 ins Bett kommt sie nie der zfölf oder halbeins.
598 1390 2000 1544 Sie könnt auch früher zuhagt sein.
615 1498 2458 1708 Mil1: Man will doch manchfall am Abend ein bist
634 1631 2159 1819 plaudern mit Kollegen unf Kolleginnen.
622 1788 2480 1973 Mutter: Ich gönn ihris /ja. In Splzburg war sie
1889 1882 2241 1971 dass wir
634 1923 2432 2082 ja nie dazu zu bringer - höchsteieinmal am--
632 2063 2526 2191 Sonntag Abend im Wirfshaus unten gesessen sind.
630 2183 2451 2335 Da hat sie’'s mehr meinetwegen getan,damit ich
632 2282 2405 2473 doch auch einmal efne Ansprach“habe. Damals
634 2425 2574 2606 hat sie doch immef nur den Einen im Kopf gehabt.
651 2579 2545 2738 Die Unnahbare“, hat man sie geheissen. Nalschön
639 2716 2523 2856 hat er ihr’s gefohnt.(da Mili nichts antwofftet)
637 2835 2005 3013 Sie wissen doch, er hat geheiratet.
625 2950 2485 3218 Uili: 8o, 80, -Ich hab nicht fragen wollen. Alfo
