2840 3480
2234 219 2368 396 143
662 361 2619 548 Richard: Guten Abend. O Mathilael wie gehts Ihnen
637 528 2116 675 denn? Ich freu mich so Sie zu sehen.
657 655 2560 847 Helene: Petwas verwundert) Schon vorüber die Or-
652 784 1036 944 dination?
652 884 2634 1086 Richara: Sie hat feut überhaupt gar nicht angefan-
655 1036 2171 1215 gen. Ist keine fost für mich gekommen?
652 1183 2512 1350 Helene: Nicht dase ich misste. Komnst du deswe-
657 1310 2216 1449 gef zu so ungewohnter Stunde nachhause?
652 1429 2592 1606 Richard: Hein. (etwas künstlich) ich hatte öften-
657 1576 2375 1736 bar eine Ahnung, dass Sie da sind, Mathilde.
652 1706 2171 1885 Kathilae: Ich glaus nicht an Ahnungen.
655 1845 2535 1987 Helene: Eben war Karl Bern hier und hat uns für
645 1957 2542 2124 Sanstag die loge gebracht, die Autorenloge. Hag
647 2087 2570 2281 Axgexx Uebrigehs ist es möglich,
647 2216 2139 2390 dass die Vorstellung verschoben wird.
655 2336 1579 2507 Richerd: So, werum denn?
652 2465 2649 2654 Delene:Weil die Hauptrolle unbesetzt wird. Für die
647 2607 2590 2794 Roveda wird wahrscheinlich kraulein Friesel spie-
640 2727 822 2881 ten.
637 2846 1173 3068 Michera: Nert
