2840 3448
2273 226 2422 343 181
583 336 2588 549 Die Brüne ist also sichtbar und die Versteller des
640 486 2557 695 tucken, kannts Watter, ihre Schnester, sinige Junge
580 609 2666 822 madchen, einige Herren in Frack, auch Worltatr (Sohnl.
601 770 2648 955 und (Pritzi Bauerl troten heraus, begeben sich hin-
601 905 2601 1095 tor die Bühne, auf der sie Jetzt gespielt haben und
598 1035 2513 1210 sind nun vorne. gettahhtteh Die
614 1163 2593 1319 Eure falit zu. Faupl und Fodorl Franel und Gregerl
601 1290 2458 1475 sind allein auf der Rühne des Residenzthestern
611 1418 2567 1582 zurackgeblieben. Die Andern gehen an Direktor, der
609 1548 2601 1732 links vor der Püre stoht, vorbel, lum grüssend, eiat-
616 1691 2300 1857 se mit den Worten: Guten Abend, Herr Baren.
622 1787 2573 1993 Die Sohanspieler verziehen sich mehr nach rechte.
622 1943 2156 2112 einer oder der andere bleibt sichtbar.
632 2063 2508 2263 Tohn: Na, no ist jetzt das Buffeti No bleibt der
609 2216 1051 2362 Realianusi
630 2294 2554 2510 Intendent:(zun Insplhiehtenl lassen Sie den Vor-
622 2463 2591 2651 hang nicht so geschrind wieder aufgehen. Das ver-
630 2575 2653 2747 stinnt die Leute. Frat wenn der Applaus schon sini-
624 2682 2554 2893 gerdert deuert. Dann zerst alle Versteller auf
627 2841 2541 3028 simal. Dein woiten wal len Barl Beral Sie, Herr
