2872 3496
2259 265 2411 392 318
639 388 2497 658 Richerd.Wird vielleicht für die nächste dessen
644 558 1943 743 nas anderes und besseres konnen.
662 713 1719 907 Ludwig: Wir wollen hoffen.
662 815 2349 992 Richard:Eiso - ich denke du bist beruhigt.
667 997 1375 1156 Lndnigilschneigt)
671 1061 2361 1241 Richerd:(reicht ium die Hand zum Abschiedl
683 1195 2492 1368 Ludrig: Nicht genz. Frauen sind nanchmal sehr
681 1318 2536 1541 bizarr. Neut ist mein Nochzeltstag. In Lebes-
688 1451 2467 1673 sachen ist alles möglich. Sie könnte seither
704 1631 1156 1851 ein halbes
