2808 3480
2306 266 2430 407 82
594 418 2456 597 verstunde - Ach, mein lieber Doktor, ich hab auch
582 561 2394 735 dergleichen mitgemacht, als ioh die Frauen und
594 666 2435 851 nich selber noch ernst nahm. Ich habe gelitten
602 806 2511 991 und leiden genacht. Wen konnt nur heruhter debei
599 951 2444 1120 und bringt auch den anderen Teil herunter, nozu
602 1106 1923 1227 man in keinem Fall ein Recht hat.
606 1203 2392 1393 Richard: Ich möchte nur wissen, woraut Sie ei-
609 1334 1945 1486 gentlich hinaus wollen, Herr Bern?
618 1443 2375 1629 Karl Bern: Sie stellen uhr vor eine verdaunt
625 1621 1198 1762 schwere Frage.
625 1717 2427 1892 Richerd: An der ganzen Sache interessiert Sie
628 1843 2439 2016 doch eigentlich nur, dass keine Schwester sich
625 1983 1412 2178 keshe Sorgen nacht.
635 2114 2368 2287 Karl Bernilhermlos) Wird wohl so sein. Aber
647 2225 2401 2418 auch ie sind mir sehr sympathisch. Dess Sie
649 2366 2366 2537 sich in einem Konflikt befinden, das ist an
651 2487 2534 2670 Ende nicht schner zu merken. Aber uerdtet
659 2625 2563 2813 Er wenn ich Andentungen Ihres Fräulein Schnes-
661 2744 2575 2939 ter richtig verstanden habe, so gibt es eine Ret-
670 2882 2465 3093 tung Nr die, eine Flucht, nonn Sie wollen, aber
