2824 3496
1340 451 2359 608 ae und Eifersucht, -ja, alle
555 454 966 624 gen unbert
541 568 2452 764 diese Dinge gibt ee wahrscheinlich noch, aber es
547 730 1690 894 durkte sie nicht mehr geben.
552 868 1491 1011 Richard: Leicht gesagt.
552 979 2566 1141 Karl Bern: Wir sind jetzt bestimmt in einer Perio-
549 1125 2521 1284 de des Uebergangs. Beimeichensdeiegenheiten äir
557 1253 2256 1406 xekterpraskrettertetxkerrtettxrttrung
547 1364 2489 1558 Richard: Wie die es ja auch in Ihrem Stücke aus-
547 1513 1454 1675 arücklich feststellen.
541 1637 2516 1797 Kari Bern: Nicht genau so. (plötzlichl Woher ken-
547 1759 2524 1943 nen ie übrigene mein Stuckt Ihr Fräulein Schwes-
552 1924 730 2049 ter
547 2027 1215 2181 Richard: O nein.
555 2144 2439 2330 Karl Bern: Also - Fräulein Friesel.- Der Läufer
557 2269 2481 2433 ist in Gefahr.- Ner eigentlich neheliegend. Ver-
549 2407 2683 2593 reihen Sie, lieber Doktor, dass ich es so spät erratren
544 2542 2587 2736 habe, do also steht die Sache. lplötzlichl ich bin
547 2667 2521 2840 kein Diplomat. Dark ich aufrichtig zu Ihnen spre-
549 2808 767 2935 chent
541 2842 2534 3100 Richerd: Haben Sie wir stwas zu sagent Mollen Sie
549 3052 1491 3211 nich vielleicht wernen?
