3048 3544
2505 411 2657 556 226
768 489 2086 600 Helene: Was soll man denn wissen?
766 616 2567 815 Karl Bern: Wir sind alle zu gescheidt gewesen.
763 750 1074 885 Helene.
768 875 1258 1056 Zudwig: Tot2
756 1001 2567 1154 Karl Bern: (absichtlich trocken) Sie hat sich
758 1170 1167 1289 vergiftet.
748 1270 2430 1423 Helene: Um Himmelswillen! Wo. ist Richard?
743 1421 2067 1547 Karl Bern: (weist auf das Thuster)
740 1563 2660 1697 Helene: (Bewegung, als wollte sie auch auf die Büh-
745 1695 875 1829 nel
737 1788 2311 1974 Karl Bern: Hleib! Es hatte keinen Sinn.
735 1941 1866 2117 Ludwig: Richard ist bei ihr?
730 2062 1713 2202 Gregor: (aus dem Theater)
719 2202 2531 2380 Einige von den Wartenden: (rufen) Hoch,Gregor!
730 2324 2595 2479 lwerden aber von den Andern zur Ruhe verwiesen)
730 2474 2727 2642 Gregor: (zu Iregulein, ihn weiter zur Seite ziehend)
714 2626 1418 2769 Ist es zu fassen?
719 2725 2800 2906 dregulein: Du hast vorher nichts sesonderes bewerkt?
712 2885 2696 3108 Gregor: Wie denn? War sie nicht noch herrlich in
706 3066 1452 3183 der letzten Szene?
