2840 3448
642 325 2209 498 Prenzi: smit einigen Spottl Fliehen eiso
642 452 2638 663 Licherd: Mennle wie du millst meinetwegen fliehen.
635 594 2516 774 clücklich, vEtkomnen glücklich, erinner dich nur
627 721 2483 911 weren wir doch nuridie paar Tage im Herbst auf
622 853 1518 1015 unserer kleinen Reise.
625 977 2516 1170 krenzl: Mir mären es auch sonst und mir könnten
627 1140 1673 1282 es überall und imner sein.
625 1231 2409 1437 Dicherd: Zusennen. Aber ich hebe nicht inner
622 1363 2059 1521 deine Hände in den meinen wie jetzt.
612 1493 2595 1686 krenzl:Aber dein Herz inner in meinem. Vertreuen.
597 1625 2501 1808 Eicherd, wissen, dess men zusemien gehört, auch in
604 1754 2485 1955 den Stunden, wo men nicht zusennen sein kann. Des
602 1894 2590 2089 genze Unglück ist, dess du noch imner nicht weisst.
594 2021 2480 2214 wie ich dief liebe. Denn du das imner müsstest.
599 2158 2440 2313 da wür es Glück in jedem Augenblick auch ferne
602 2275 2518 2478 ven einender.. Denn würde ich auch wieder ehrgei-
589 2425 2513 2600 zig sein und du wärst froter in deinen Beruf, je-
586 2557 2628 2747 der hätte mehr von leben und jeder mehr vom indern.
569 2658 2551 2884 Fichardiund doch - und doch- ist es dir gleich, en
584 2798 1988 2955 nen du mich einmil verlieren wirst?
571 2937 1135 3135 Brenzi:18lickl
576 3074 2290 3295 Richerd: Nun ja, du hest es je früher selber
