2824 3512
2264 374 2397 517 83
647 456 2518 673 Gewisgenlosigkeit. Iprichtigen Mement Abschied
644 649 2378 799 nehmen, das ist Klugheit und Liebe zugleich.
688 765 2498 946 ie werden anfatmen, wenn es einmal so weit ist
649 903 2419 1050 uyd nicht Sie allein. Man weise es nur nicht
649 1043 2411 1195 gleich, man wagt es nur nicht gleich aufzuat-
647 1190 833 1296 men.
654 1296 2421 1446 Richard: Mit solchen Sophismen und ähnlichen
644 1414 2380 1574 konnte man jede Verbindung lösen, auch Ehen.
657 1535 2556 1719 Karl Bern: Ja, wenn es nicht das Moment der Träg-
652 1663 2390 1847 heit, allerlei materielle Erwagungen und die
666 1818 2382 1987 Gnaufrichtigkeit gegen sich selbst gabe. Es
649 1936 2493 2093 bleiben immer noch viel zu viele Menschen mit-
654 2078 2530 2238 einander zusammen, die nicht mehr zusammen gehö-
647 2240 835 2407 ren.
659 2433 2426 2636 Pregulein:ltritt jetzt zu ihnen, als hätte er
652 2590 2423 2761 lust der Schachpertie zuzuschauen) Spanische
666 2737 1154 2865 röffnungen?
652 2810 2595 2979 Karl Bern: Ich habe keine Ahnung von der Theorie
649 2964 1472 3135 Reisst das spanischt
659 3094 1709 3295 Dregaletn: Ner ist am Zugt
