2856 3512
736 371 878 563 on
510 500 1078 658 das Velzaügen?
505 608 2446 792 Karl Bern: Nein, das geht nicht. Sie müssen sich
505 742 2388 905 anders ausdrücken. Sagen Sie vielleicht lieber
508 857 2520 1028 Löblein: Entschuldigen Sie, Herr Doktor, ie soliten
508 986 2533 1189 Ihre Stücke zuhause dichten, nicht erst auf der Pro-
505 1170 639 1278 be¬
500 1262 1873 1436 Karl Bein: Also, bleiben wir dabei.
502 1336 2612 1591 Greger:(in der Roliel War verschafft mir dar Vergnü-
510 1549 700 1681 gen?
515 1607 2422 1825 Dögelnann: (in der Rollel Mein Lieber freund,ich
513 1765 2588 1957 komne dich persönlich zu meiner Hochzeit einzuladen.
515 1912 1436 2083 Grepor: (zuckt zusamnen!
508 2020 2438 2217 Karl Vern: Nicht zusamnenzucken, Herr Gregor. Sie
508 2178 2570 2343 wissen ja, dase Ihr Freund heiratet. Es ist also gar
510 2293 2535 2477 keine Ueberraschung für Sie. Ueberhaupt der Anfang-
513 2427 2491 2609 ganz konrentionell. (spricht vorl O, ich dante dir
510 2541 2367 2730 sehr, deine Karte hab ich schon bekomnen-und so
510 2714 802 2880 meiter.
508 2759 2601 3006 Gresor: (kopiert ihnl Ich danke dir sehr, deine Karte
510 2972 2409 3122 habe ich schon bekomnen, sehr liebensmürdig, dass
515 3101 1091 3256 du nun selbst
508 3206 1191 3387 Degelmenn:in der
