2856 3496
2334 275 2485 419 224
2008 399 2592 562 netietwes ande-
703 304 1828 548 Dein, ich habe hit itnen abge
2078 548 2638 723 tief in feiner
708 543 1867 723 res muss es sein, irgend etwas
703 674 1266 827 Natur steckt.
723 801 2682 991 Franzi: (i.d. H.1 und nun imner beteiligter) Fedor,
716 942 2565 1085 ich habe mich jamie)sündiger gefühlt als seit
728 1066 2516 1239 ich mich von Ihnen geliebt weiss. Aberses ist
723 1171 2607 1368 unabänderlich und ich habe nichts als meine ar-
708 1319 2572 1482 men Worte, denen Sie glauben müssen, hören Sie -
708 1463 2485 1645 müssen, müssen! Ich liebe Siel Fragel ich denn
720 1601 2636 1767 Sie um Ihre Vergangenheit? (Warum wfiss ich denn,
716 1708 2563 1886 dass Sie mich anders lieben, als öfe je geliebt
716 1874 991 2030 haben.
720 1988 1837 2115 Gregor: Famos! Famos! Mädell
716 2115 2409 2241 Franzi: (weist ihn mit einem Blispk an, seine
723 2263 1723 2385 Holle weiter zu sprechen)
723 2380 2607 2531 Gregor: (i.d.R.) Nein,nein,es Ist nicht wahr, sag
711 2526 2531 2684 mir doch, dass es nicht wahr ipt. (Er fasst in
716 2655 1845 2753 der Rolle heftig ihre Hände)
728 2779 2417 2950 Franzi: (i.d.R.1 Ich habe nichts erleßt, ich
720 2901 2422 3093 erinnere mich nicht mehr. Böse Traumd. ich
716 3028 2648 3198 bitte dich, stosse mich nicht wieder hinab. Stoss
728 3161 1701 3315 mich nicht wieder hinabt
