2856 3480
580 559 846 667 Franzi
984 559 1764 702 indet brück den Konf
584 681 2019 844 Baronin: Monsieur certainement. (ab)
584 823 2371 915 Franzi: (bleibt allein,lächelnder Ausdruck, zur
577 938 1778 1095 Komnode, bleibt an sie gelehnt!
577 1086 2424 1233 Eichard: (tritt ein, noch im Pelz, Hut in der Han
584 1212 2429 1359 Es ist, als wenn Franzis Aublick ihm ein wenig
586 1355 2093 1509 ruhigte Er tritt nur einen Schritt auf
584 1486 1861 1624 sie rasch ihm entgegen. Omarmungl
596 1592 1874 1746 (Ed kloptt. Feni tritt ein,nimmt
575 1718 1385 1907 Beroninistritt einll
