2824 3448
2424 190 2597 353 200
643 383 1713 539 Dr.Brenn: Nes ist dem Jost
655 524 2182 665 Ine Scheuspteler troten wieder zurückt
655 643 2397 801 Loblein: 3o jetzt der Autor noch einmal mit.
643 783 2516 939 Preguletn: (zu Doktor Braunldie Friesel ist ohn-
643 914 1013 1065 mächtig.
640 1016 2582 1206 Dr. Braunistritt zu ihr hin, fuhlt nach ihren Pulal
650 1157 2533 1322 Beronilkonnt von Lints durch die Seitentäre auf
667 1270 2555 1458 die Dühne, zu Loblein! Mas ist dar für eine Wirt-
660 1414 2563 1596 schaft? Narum piötzlich der Erischenvorhangt Die
652 1537 2328 1720 Leute heben gemeint, es konnt noch ein Akt.
675 1629 2565 1853 1ore Sonenspieler mit Karl bern heraus, schwecher
697 1799 2543 2007 Applaus, alle wieder zurück, spoltus setzt wieder
667 1957 870 2108 etal
670 2059 2491 2246 Aoblein: So, noch sinmel! (Applaus setzt plötz-
667 2192 1718 2355 lich auel So, obgeschnepzt.
682 2286 2575 2496 Beron: (zu der bruppe Franel eto.1 Ja warum liegt
672 2464 1599 2612 sie denn noch inner das
670 2548 2543 2696 Dr. Braun: Auf das Sofa, bitte. So helfen ie mir
677 2654 2664 2881 doch (e u einen Sohensptoler. Erol Phoetereroolter
680 2832 1169 2951 konmen auch
689 2886 2516 3074 Loblein: Eiserner herunter. Mlen hört wie der
687 3037 2199 3205 eiserne Vorhang heruntergelessen wird!
