2872 3528
730 497 2501 697 Dregulein:(nicht beshaft) Der echte Kunstler
716 654 2499 815 spielt auch die dümmste Kolle noch beim hun-
716 787 2492 939 dertsten Mal nuch mit gleicher Begeisterung.
742 906 2537 1087 Eogelmann: Und wenn es ein achter Totengräber
711 1065 901 1208 ist.
720 1148 2563 1324 Sohn: Ihr redet immer, als wenn es nur die Ro-
718 1300 2420 1460 reda gabe, es wird noch eine Andere für die
708 1455 1255 1605 Roll da sein.
713 1536 2325 1750 Karl Bern: Machen Sie sie g’sund, Doktor.
716 1707 2534 1881 tregulein: Aber dazu ist er doch nicht da, nur
711 1857 2375 2002 zur Ausstellung von Frankheitszeugnissen.
704 1983 2487 2137 John: Schon aue prinzipiellen Gründen, müsste
706 2116 2016 2244 man umbesetzen in so einem Fall.
708 2199 1120 2285 Dogelmann:
875 2223 2551 2401 rer Es ist doch keine da, r John, aus-
711 2366 1600 2532 ser deiner Ergenchlin.
718 2501 2463 2656 John: Jüngere sind da, das ist auch nicht so
706 2603 2451 2789 ohne. (zu Karl Bern) xet Ee kommt doch bei
706 2751 2568 2927 Ihrer Pigur vor allem auf Jugend an, Die Beuer
704 2872 2610 3041 konnte das gerade so gut spielen oder die Frie-
701 2996 887 3179 501.
