2936 3608
614 345 2612 601 Gradel: In Perillon sollen jetzt zei fausse spe-
621 515 2630 741 nische Tanzerinnen auftreten. Wollen Die mich hin-
637 637 2559 850 begleiten? Es wäre vielleicht das Verwünftigste
637 774 2564 984 fur uns Beide statt zuhause sinsen unseren Träu-
644 954 1357 1106 nen nachzuhängen.
659 1037 2536 1250 Sidon: Sie machen nich glücklich, gnädige Freu.
659 1182 2612 1370 Fr. Elderhof: Das ist übertrieben, Herr Konnerzial-
677 1293 2610 1504 rat. Gegen elf werde ich perat sein. Etn lauten
705 1418 2430 1646 ie einfach hinauf zu mir. Adien. (sie gehtl
703 1557 2534 1773 idonilaun Bufiet, no Rutte, Gradel und Richeral
692 1702 2133 1895 Ludwigi(aus den 2.Zimuer, Reiseanzugl
692 1786 2567 2037 Richerd:lschon früher stwas gespannt, sicht ihn
703 2001 1689 2148 gleich, tritt auf ihn zul
708 2042 2643 2278 Sidon:(nach einer Helle mit Rutte und Gradel ins
733 2247 1126 2394 Vorzinuer)
733 2402 1357 2526 Richerd-Ludwig.
743 2470 2785 2676 Indrig: Ich dank dir, dass du so lange Geduld gehabt
748 2650 961 2787 Rest.
748 2650 2726 2891 Richerd: Nan, un welchen Fall handelt es sich denn
766 2836 1139 2955 eigentlich
751 2896 1854 3107 ladnig: Un den Fall Prenzt.
