2856 3480
574 370 2425 620 Grüssen. lgibt Karl Bern den Brief zurück; mi
1163 566 1456 660 Blick
579 576 1119 673 wie fragendem
571 607 2583 798 Karl Bern:sie will ihre Rolle wieder haben, selbst-
594 793 2588 946 versttändlich. Ich denke nicht daran. Diese kleine
574 905 2476 1081 Person, dieses Fraulein Friesel wird viel besser
581 1035 2496 1196 oder wenigstens viel wahrer sein, als die Roveda
597 1155 2553 1339 jemals gewesen wäre. Und der Intendant gäbe kei-
584 1288 2611 1446 nesfalls nach: Er will sie los sein. wn
594 1464 2616 1584 henaaaxkinginz
597 1550 2491 1724 g. Umso weniger wäre es gentlemanlike, wenn ich
594 1691 2331 1844 HexenartraxxdeRxEEEx nicht hinginge.
597 1897 1423 2050 Helene: Entschieden.
607 1941 2655 2142 Karl Bern: Du hältst mich doch für einen Gentleman?
609 2132 1464 2280 Helene: Gerade dafür.
612 2254 2537 2397 Karl Bern: O, das war hart. Also leb wohl,Helene.
615 2382 1759 2547 Auf morgen. Peiene: lschneigt)
622 2517 2484 2652 Karl Bern; Sag ein Wort und ich geh nicht hin.
615 2652 2476 2777 Helene: Du musst hingehen. Aber -den nächsten
612 2739 2428 2981 brief von ihr mirst du mir nicht mehr zeigen.
