3048 3512
2396 279 2562 466 247
747 442 2722 621 Mathilde: Und wärst dann noch imnerkein Held. Ich
747 605 2709 768 glaube, dass ich dich nicht höher achten,-aber ich
744 713 2464 884 fürchte, dass ich dich weniger lieben würde.
736 873 2662 1041 Richard: Ich liehe dich nicht. Ich habe auch sie
736 1015 2785 1173 nicht geliebt. Kann ein Menech meiner Art überhaupt
742 1139 2648 1265 lieben? könnte ich ein Opfer bringen-? Niemals.
731 1265 2562 1431 Eitelkeit, Laune - alles für mich allein haben.
742 1410 2733 1573 wollen - Gegenwart und Vergengenheit und Zukunft -
729 1533 1870 1699 mit welchem Recht, frage ich?
734 1654 2725 1833 Mathilde: Wenn es darauf ankäme. Mit dem Recht ist
734 1804 2693 1930 es nicht weit her in der Welt, das fühl ich schon.
734 1901 2693 2088 Vielleicht lebt wirklich irgendwo in der Welt ein
721 2059 2641 2207 Mensch - ach, gewiss leben viele hundert, die mehr
721 2164 2830 2341 Recht auf Geliebtwerden hätten als du. Auch darauf,
723 2317 2733 2483 von mir geliebt zu werden. Aber ich liebe sie eben
715 2459 2780 2627 nicht. Ich kenne sie nicht. Und wenn ich sie kennte,
715 2593 2764 2746 würde ich gar nicht merken, dass sie ein sogenanntes
715 2717 2641 2890 Recht hätten. Und wenn ich es merkte, wäre es mir
715 2864 2041 3017 wahrscheinlich sehr gleichgültig.
697 2977 2738 3188 Richard: Ein glücklicher Abschlus - nein, Mathilde.
