2840 3432
604 361 1141 604 Aerontoritert
609 557 1532 691 Dregulein: Ein Heuochel
609 639 1914 796 cpranklifals Pannil Fedor, Fedorl
607 756 2521 927 txepieient: (eibt den Schanspielern Auckmärts ein
607 952 2548 1059 Zeichen, sie murmeln, lachen etwas mehr als früher.
607 1072 2601 1188 Die nachsten Worte von Fedor und Fandi gehen darin
614 1221 1991 1310 unter. Er gibt wieder Zeichen:Ruhel
609 1270 2479 1440 tEin Theaterardeiterlrasch zur Garderobiöre, die
612 1474 2389 1581 jetzt durch eine Spalte des Prospekts auf die
614 1596 2506 1773 kanne nnt schaut) Ekan Wentzel! Frrau Wentzel!
609 1693 2489 1850 Ihr Mann hat Sie überall gesucht! Den Brief da
602 1812 2533 2024 dregulein:len Kerl dernt wenn ich eine andere Pi-
614 1984 2563 2175 gur hatt, -sehen die, den Fedor hätt ich gerne sple-
607 2113 1052 2238 len mögen.
604 2185 1996 2414 terl vern: Der ist nicht zu retten.
592 2312 2441 2558 Fr. lentzeli(beste zum Thoeterarbelter, dass sie
619 2496 1499 2675 jetzt nichte tun kannl
604 2576 2300 2807 Pregulethilder das benerkt) Nas gibts dennt
594 2712 2556 2936 Fr. Ventzel: Da ist wieder ein Frieferl abgegeben
609 2914 1882 3075 worden für das Fraulein Friesel.
607 3031 1333 3212 rhesterveiter: labl
