2840 3480
605 454 2304 626 Sobald das halbe Dutzend Patienten oder Pet
612 600 2196 763 tinnen erreicht ist sollst du deine eige
612 754 1080 919 nung haben.
610 864 2347 1034 Richard: Danke sehr. Ich fürchte beinahe,es
612 1018 2477 1164 wird noch einige Zeit dauern. Also Adieu. Wenn
614 1121 2498 1298 telefoniert werden sollte,Heiene, bitte bie fünf
622 1241 2508 1438 zu Dr. Gerold, dann ins Laboratorium. Auf Wieder-
629 1387 2525 1565 sehen. (gibt seinem Vater die Hand, küsst Aelene
631 1534 1656 1685 Flüchtig auf die Stirn, ab)
617 1802 1315 1946 Helene, Dr. Pricke.
634 1932 1226 2100 (Rleine Pausel.
631 2038 2160 2201 Dr. Fricke: Was ist nur mit dem Jungen?
631 2194 1301 2311 Helenes(schweigt)
631 2292 2357 2436 Dr. Frickt: (sieht sie an) Diese Nervosität-
624 2458 2482 2606 Und immer der lon, als wenn ihm ein Unrecht ge-
624 2582 936 2714 schähe.
629 2714 1997 2858 Helene: Pas doch eigentlich nicht.
629 2827 2489 3000 Dr. Pricke:Heute Nacht ist er un drei nachhause
643 2938 2568 3146 gekommen. Ich habe ihn konnen gehört. Man möchte
