2824 3448
2353 284 2480 409 210
655 399 1277 571 Nenntes Bild.
660 531 2582 718 Das Absteigquartier bei der Baronia Puneneit wie
655 685 1064 830 im 2.8110.
650 792 2564 957 Die Baronin zieht eben die Vorhänge des Alkörens
670 927 2295 1097 zu. Leni, das Stubennädchen bringt Blunen.
655 1066 2577 1201 Baronin: Geben Sie her. (sie verteilt die Blumen
658 1193 2572 1335 in einzelne Vasen) Um dreivierteineun kommen die
640 1302 2567 1455 Herrschaften. Sie bleiben in der Füche, ich mache
1836 1417 2094 1495 selbst
645 1452 2686 1589 selber auf. Der Herr hat mich a darum gebeten.
655 1577 2518 1724 Ein sehr hoher Herr. Sie zeigen sich gar nicht.
660 1704 2480 1879 lsie eranet weiter, zieht die Roulsanz des Fen-
663 1856 2491 2026 sters zu, dann zu dem kleinen Schreibtisch) Was-
650 1990 1158 2110 ist denn da2
655 2077 2572 2254 Leni: Das ist ja noch der Frief. Der Herr Doktor
640 2226 1767 2371 hat sich ihn nicht abgeholt.
658 2346 2567 2516 Baronin: (nimmt den Brief in die Hand) Jetzt nach
642 2478 2488 2645 dret Wochen wird er ihn wohl kaun mehr holen.
647 2605 2506 2780 Leni: Ob man ihn nicht den Fräulein surdokschi-
632 2742 1153 2897 oken sollte?
642 2854 2518 3024 Baronin: Hohinf Ich weies ja nicht wer sie ist.
630 2983 1772 3194 Fent: Also den Herrn Vokter.
