2872 3432
2355 327 2503 471 195
706 452 975 546 Baron:
765 504 2376 697 Antant:(von dinke, tritt zu Loblein kinl
699 657 2176 803 Löblein: Ee geht sehr zur, Herr Bargn.
709 768 2522 949 Baron: Von der Friesel versteht man kein Wort.
695 911 2501 1083 In den rückwärtigen Reihen versteht man über-
688 1043 1422 1189 haupt keine Silbe.
688 1180 2348 1324 Loblein: Das ist ja leider in dem Haus. --
699 1298 2494 1479 Baron:Doktor Messer sagt, wir hätten das Stück
690 1429 1750 1585 lieber verschieben sollen.
695 1550 2558 1712 Lsblein: Wer liest denn die Reichspost, Herr Ba-
681 1696 864 1835 ron?
685 1802 2454 1964 Baron: Na, geben Sie Acht, was wir morgen über-
676 1945 1933 2103 haupt zu iesen bekommen werden.
671 2063 2249 2228 Karl Bern: (von rechts kommend, zum Baron
674 2188 1331 2327 Leute gehen mit.
676 2306 1288 2480 Beron: Wtt men?
664 2440 2362 2616 Karl Bern: Jedenfalls mit der Darstellung.
678 2581 2461 2748 Beron: Natten Sie mir gefolgt,Herr Doktor, nur
655 2699 2550 2864 die Foreda hätte das Stück retten können. Jetzt
662 2831 2002 3012 noch der unnotivierte Selbstword.
655 2972 2348 3097 Karl Bern: Wiesor Wer bringt sich denn um?
