3128 3464
2631 409 2781 533 160
775 488 2233 672 Zoge auf den Gang, reden mit Frickel
770 622 2781 825 Rutte: Vebrigene die Neue ist ausgezeichnet. Und so
762 751 1300 920 schöne Augen.
757 881 2452 1078 Mathilde: (zu Richard) Was ist dir, Richardr
765 1026 2723 1234 Dichard: Wiesor Was denne(sie treten beide weiter
749 1168 1260 1300 nach rechts)
743 1302 1922 1429 Mathilde: Wo bist du, Richard?
741 1416 2813 1592 Richard: Immer bekämme ich Kopfschmerzen im Theater.
733 1547 2744 1753 Mathilde: Es ist noch Zeit, Richard. Wir sind nicht
741 1687 1073 1814 verlobt.
725 1790 2391 2014 Richerd: War sagst du dellsprechenweiter)
720 1948 2681 2159 frau Veith: (zu Frickel Ich,bin sa so froh. (Blick
717 2067 1721 2272 auf Richard und Mathildel
712 2217 2744 2410 Fricke: Das darf ich von wir mehthaftig auch segen.
836 2291 1076 2367 Veith:
704 2357 2792 2533 r: Jetzt kann loh's se sagen. Von ihrem zehn-
701 2475 2821 2694 ten Jahr ei hat sie ihn geliebt. Ach, mir war manchmal
701 2636 1429 2784 recht bang um sie.
693 2723 2172 2910 Fricke: Nun.Wird ja alles gut werden.
675 2858 2660 3077 Mathiide:(zu Richerd) Du bist andersmo, genz mo an-
675 3003 2288 3195 ders. Lächle doch. Sie sehen zu uns her.
