2872 3416
2173 333 2329 461 160
651 437 2359 635 dessen weitergegangen) ich Kinder, es ist so
640 607 2405 779 schön tuch beisammen zu sehen. Ich bin ja so
644 751 849 837 Froh.
649 875 2343 1012 Dregulein: (kommt über die Stiege herauf, be-
649 991 2233 1151 grüsst Richard). Guten Abend, Herr Doktor.
637 1114 2503 1261 Hichard: Spielen Sie denn nicht mit,Herr Tregu-
630 1233 861 1375 lein?
630 1352 2105 1521 Fregulein: Ich hab schon mitgespielt.
630 1500 2350 1666 “ichard: (stellt vor) Herr Dregulein - meine
616 1628 1710 1731 Schwester - Fraulein Veith.
647 1742 2345 1901 regulein: Meine Rglle ist nämlich schon zu
616 1882 2340 2061 Endé. (zu denDamen) Ich bin nämlich der Be-
612 2012 2377 2173 diente, der dem Herrn Dögelmann die Türe auf-
605 2152 2452 2291 macht. Grossartig,nicht? Man merkt gleich, dass
605 2259 1977 2412 ich in lauter feinen Häusern war.
602 2401 2450 2587 Helene: Es ist doch ein wirklicher Erfolg,Herr
605 2540 1456 2701 Dregulein, nicht wahr?
616 2668 2487 2801 Dregulein: Auf den dritten Akt bin ich ein bisl
605 2796 2431 2964 flau, -er ist nämlich der beste. Entschuldigen,
605 2912 2443 3087 ich muse jetzt nur der Frau Roveda einen Kollo-
593 3036 2440 3213 lenzbesuch machen. (kurze Verabschiedung) Küss
