2856 3480
2301 219 2455 385 177
697 470 1121 575 aufwärmen.
695 590 2279 751 Mili: Va, das ist schon so beim Thgater.
695 722 2511 895 Mutter: Und wofür die ganze Unofdnung? Manch-
695 836 2279 994 mal denk ich mir, wir hätten ir Salzburg
690 948 2523 1129 bleiben sollep. ekxtxixkxexxxxikeriah
717 1129 2420 1253 Aaxamxkadkthadter Bort hat sie doch schon
717 1224 2559 1404 grössere Rollen gesnielt/jetzt sind wir schon
714 1370 2457 1538 das eeite Jasr de und funner zu tan und nie
722 1509 2333 1667 ner Rechter. Die Gage far zwar dort noch
717 1626 2438 1755 kleiner als da, aber pfas Leben war billiger.
717 1738 2445 1913 Ein grosses schönes Rimmer mit Alkoven ein-
712 1877 2452 2048 undzwanzig Gulden mbnastlich. Zu Mittag habe
719 2008 2401 2194 ich für uns Zwei efn Stickel Fleisch abge-
722 2147 2464 2320 braten, Reis oder (Erdäpffl dazu, -es ist uns
717 2279 2506 2438 sehr gut ausgegangen. Und)hier - Uebermorgen
722 2416 2425 2581 bekommen Sie Ihr Geld,Fräulin Mili, da hol
726 2567 1577 2693 ich meine Pensipn ab.
712 2662 2562 2842 Mil1: Mir ist ficht bang um mein Geld, Frau Fi-
724 2825 1058 2927 nanzrat.
717 2908 2676 3118 Mutter:sagen sie mir doch nichtf immer Frau Finant
714 3086 2528 3242 rat, fünfzehn/ Jahr lang ist mein fi-nn tot. war
