2808 3416
2247 261 2431 395 224
714 372 2431 544 exotl Melest du jetzt, dase ich dich geliebt
707 521 2352 698 habet (an Fenster, das Faschentuch und den
712 651 2482 835 Brief in der Hand. Stille. Ed Hlopft an die
710 807 940 914 Türe)
714 896 2554 1077 Baronin: (tritt ein) Entschuldigen, Herr Doktor.
712 1065 1242 1212 es ist nur-
719 1149 2440 1352 Rlchard: Nichts zu entschuldigent Per nacht
714 1300 2505 1519 noch nicht Miene zu gehen.) Es gibt sc aller-
710 1475 970 1577 hand-
721 1531 2536 1724 Baronin: Einwal hat ein Herr bei mir gemietet,
721 1680 2591 1849 Abend fr Abend ein Jahr lang war er mit seiner
719 1824 2484 1977 Freundin da. Dann hat sie geheiratet. Und er
719 1938 2526 2105 ist allein wiedergekommen jeden Abend. Er hat
712 2080 2561 2212 das Zimmer nicht aufgegeben. Und eines schönen
721 2215 2564 2373 Aends, keine vier Wochen nach der Hochzeit, war
721 2333 2494 2480 sie auch wieder da. Wenn man einen Mann wirk-
721 2463 1312 2631 lich gern hat-
714 2591 2457 2801 Richerd:(wie ernachend) Ich gehe schon, Frau
714 2761 1677 2857 Baronin, (Blick ringsum)
712 2840 2398 3022 BareniniAlso vergessen Sie nich nicht, Herr
721 2987 2440 3168 Doktor. Und Für alle Fälle, wenn Herr Vokter
