3112 3464
2622 327 2777 466 155
820 453 1468 590 selbst die Türe.
823 582 2772 762 (Prasident Fricke und Helene an der Brästung, hin-
828 732 2511 881 ter ihnen auf der kleinen Bank Karl Bern.
820 861 2146 1033 Insager: Ee war Zeit, Herr Doktor.
823 980 2787 1162 Karl Bern: Eret nach dem dritten Akt, ich hab''s ja
815 1134 1676 1286 dem Regisseur gegagt.
810 1220 2638 1440 Helene: (sich nach karl Bern zuwendend und ihm
828 1374 1235 1504 zunickend)
820 1491 2800 1691 Karl Bern: (tritt zum Ansager auf den Logengang hi-
823 1673 1076 1812 nausl.
835 1782 2848 1947 (In diesem Augenblick ist der Akt zu Ende. Applaus)
823 1911 2855 2083 Ansager: Höchste Zeit, Herr Doktor, dass wir noch un-
815 2055 2749 2222 ten zurecht kommen. Hätten schon nach dem ersten
828 2184 2369 2352 Akt erscheinen sollen. Unser Publikum-
835 2329 2744 2483 (ansager und Karl Bern die Stufen hinab, Applaus
835 2470 1481 2630 verstärkt sichl.
828 2584 2853 2764 Fricke: (tritt aus der Loge Nr. IV auf den Logengangl
830 2706 2853 2898 Baron Gradl: (von links) Guten Abend, Herr Präsident.
820 2853 1742 3025 Fricke: Guten Abend..
828 2951 2792 3154 Gradl: Ich hatte ja schon heute einmal das Vergnü-
