2808 3416
630 305 1003 464 Sregulein
633 396 2030 603 erkrankPrehen Sie sich nicht un
623 547 1276 688 sohn: Ee stimmt.
600 648 2572 845 Dogelmann: Sie stecken mit ihm unter einer Decke.
633 792 2584 981 Gregor: lkommts, jünger ale Dögelmann) Guten Abend.
625 940 1949 1109 Dögelmann: Schon, aus die Komödie!
625 1064 2544 1200 Gregor:Eine Vierteistunde hat man doch herunter-
630 1170 2569 1359 gespielt nach der achtundsienzigeten Vorstellung.
628 1324 2509 1493 lang hält man das nicht mehr aus. Man wird alt,
623 1442 2579 1611 wenn man eine solche Rolle hundertmal spielt. bei
623 1581 1982 1737 der Premiöre war ich ein jüngling:
620 1672 2438 1883 dregulein: Nun, bei dem neuen Stück hats keine
625 1820 2577 2007 Gefahr - keine drei Mal. (spielt weiterl 32,33,34.
635 1946 2398 2146 uregor: Die frage, ob wir das Stück überhaupt
628 2103 1165 2254 haben werden.
625 2201 2615 2388 John: Nieso? Sanstag soll doch die Freniére sein.
630 2337 2657 2534 Dögelmann: Deine, Kxgemahlin will à tout prix nicht.
620 2478 2057 2625 Heut hat sie die Kolle ja hingehaut.
645 2630 2549 2809 Sohn: Dar ihr laset Auch von der Dane zu viel ge-
628 2723 2103 2915 fallen. Wenn ich der intendent wär...
628 2852 2562 3046 dregulein: Nicht vornehm von air. Schliesslich
