2840 3512
1751 413 2098 596 twes über
620 420 1277 584 Karl Bern: (komnt
625 567 1439 669 Guten Morgen, meine II
620 681 1832 848 Löblein: Schon da, Herr Doktor?
616 808 1763 979 Karl Bern: Komn ich zu früh-.
628 906 2364 1067 Dögelmann: Seit zwei Stunaen probieren wir.
637 1058 2484 1194 Löblein: Ich habe in meinem Leben keinen Autor-
635 1160 2579 1346 gesehen, der sich so wenig für sein Stück interes-
640 1363 906 1492 siert.
635 1429 2530 1617 Karl Bern: Es. interessiert mich schon, ich finde
637 1588 1690 1759 es nur täglich schlechter.
647 1712 2535 1895 Gregor:bder ununterbrochen auf und ab geht, übel
640 1851 2413 2015 gelaunt! warum lassen Sie es dann aufführen?
647 1966 2557 2188 warum müssen wir arne lunde uns danit herumgla-
640 2137 838 2264 gen?
642 2201 2604 2413 Karl Bern:Ach, ein anderes wäre auch nicht besser.
645 2359 2174 2548 Vielleicht merkt's das Publikum nicht.
652 2484 1742 2675 Löblein: Wir wollen hoffen.
647 2633 2174 2824 Ein Theaterarbeiteristritt zu Lobieint
652 2780 2220 2916 Loblein: Was gibt es denn schon wieder?
647 2902 2511 3080 dögeimenn: (zu Karl Bernl Und es ist Ihnen wotl
652 3034 2511 3224 auch gleichgültig, Herr Doktor, dass man mich so
