2856 3480
660 353 2665 574 Gemütliches, hochgenbibtes zinner in einen ziemlich
655 577 2616 743 alten Hause, etwas aitnodisch eingerichtet. Haupt-
647 696 2735 821 eingang links.- In der Ecke links grüner Kachelofen.
655 839 2579 940 Rechts Divan, Tiscl, Sessel, Fenster,- Linke an der
660 969 2613 1117 Wand ein Schrank mit grünem Vorhang. Rechts eine
652 1091 2540 1203 Kommode, darüber Spiegel, auf der Kommode Blumen-
639 1218 1551 1369 rase, Photographien etc
1597 1200 2507 1408 Deben der Konnode töhe
1122 1309 1538 1395 Kuchcksuhr
639 1343 1574 1501 des Spiegels Kuntuaher
642 1449 2579 1655 Rücknärts Eikoren mit Doppelbett Rechts Masch-
647 1597 2618 1795 tisch. Bluschportiére vor den Alkoren. Zu Beginn
644 1730 2655 1868 des Aktes geöfinet. Ueber dem Doppelbett Oeldruck-
634 1852 2455 2005 Friedliche Lendschaft mit Nirten und Nomphen.
