2888 3464
2282 297 2433 405 202
508 421 2514 653 gelmann; (zu irgend jemenden fragend) Die Friesel?
456 556 2506 778 Baron:(zu Dr. Braun) Sie ist vielleicht in der Hofi-
464 764 683 907 nung.
470 834 2419 1029 Dr. Braun:llöst aus Franzis verkranpfter Hand ein
464 986 1763 1180 kleines Maschchen, riecht dazul
459 1123 1928 1288 Karl Bern: (kommt dazu 1 Was ist das?
481 1207 2522 1415 Tregulein: (entfernt die Andern so meit ale möglich)
481 1385 1099 1547 (fregenal Giftz
481 1504 1023 1688 Dr. Braun: Je.
473 1647 1134 1817 Karl Bern: 6iftr
483 1760 1974 1931 Braun: (untersucht nochmals) Ich glaub-
491 1887 2516 2066 Baron: Mit einem gefüllten biftfläschchen -(zu Löb-
486 2022 2179 2217 lein 1 lassen Sie sie auf die Bühne gehen?
483 2144 2514 2344 Dr, Fraun: Bitte den Komniseär verständigen und Ret-
489 2308 1223 2476 tungsgesellschaft.
489 2341 2657 2627 bregulein: Wen kann sie doch nicht hier liegen lassen.
491 2557 2535 2746 Fraun: Ich fürchte, es wird zienlich belanglos sein.
491 2703 1793 2859 ob sie hier liegt oder andersmo.
494 2813 2438 3021 Gregor: Sie ist totz das ist doch nicht möglicht
494 2956 2576 3170 Karl Bernilzu Oogelmannt Gut, dass Sie noch dageblie-
