2968 3528
2468 288 2638 422 179
1774 411 2104 519 bleibt.
1732 542 2665 665 vellige Stille, man hört
645 660 1360 828 nur als dunkles 6
1386 689 2513 852 marmel die Norte, die auf der
626 773 1651 946 sügne gesprochen werden.
639 925 2568 1061 links ziemlich vorn (also rückwärts in Hinsicht
634 1045 2562 1239 auf die Residenstueatervührel der Inspizient, das
624 1174 2518 1383 Regiobuen in der Band. Eben gibt er zwei Schen-
616 1297 2625 1459 spielern,Herren im Frack, mit der Hand ein Zeichen,
600 1396 2680 1632 die Schauspieler setzen sich in Fositur, er gidt ein
603 1530 2468 1782 zugttes zeichen, ein Theaterarnetter bifnet die
595 1711 2638 1913 Seitentüre, die beiden Herren in Frack treten dürch
595 1813 2602 1996 diege Türe auf die Bühne. Etwas lauteres Sprechen,
592 1968 1247 2059 hörbar bis diese
1268 1989 2691 2162 rüre wieder aufkllt. Der Iuspialent
1030 2044 1213 2120 Znk
587 2099 2570 2308 reseh von Meter an den Prospekt vor vorbel, auf
571 2193 1753 2342 den Zehenspitzen nach rechts.
571 2345 2670 2499 Dreguleid koumt von rechts, auf den Lehenspitzen nach
561 2484 2345 2633 links, langeen und vorsichtig bie zu Loblein.
561 2604 1368 2751 Dregulein: Geht gut.
555 2712 2665 2955 loblein:lsucht die Aohselnl
621 2864 778 2966 a
540 2942 2224 3173 dreguletn: Sie parsen se febelheft pef.
