2872 3592
1198 459 2426 667 ern, der bekenntlich so sittlich
1077 635 2502 830 ibt, findet, dass min einem Jungen Räd
553 655 768 815 Staet
558 778 1709 919 chen sowas nicht sagen darf.
558 867 2537 1084 Karl dern: Ooffentliche Begräbnisse sind geradeso
558 1018 2386 1195 ananständig. Aber das merken die Leute nicht.
566 1161 2384 1349 Gradel: Sie sind mir zu geistreich, Herr Bern.
558 1294 2016 1489 karl dern: Heb ich inner gefürchtet.
558 1405 2312 1610 Rutte! Wie denken Sie darüber, guädige Fraul
568 1541 2482 1741 Fr. Eiderhof: mit einem Glas Chenpegner) In sich
566 1714 2549 1840 ist am Ende nichts anständig und nichts unanstän-
568 1850 2552 1974 dis, es kommt immer darauf an, welche Gedanken sich
561 1991 1186 2112 daren knüpfen..
558 2104 1074 2216 Autre: Eben.
