2856 3480
567 398 2399 582 Richerdi der keine lust auf eine grössere Roll
569 567 1390 721 bar nicht ehrgeieigt
569 589 2389 858 FrauetiNein nicht mehr. (sotzt sich auf seinen
574 803 2506 977 Schoss) Jetzt ist mir alles vollkommen gleichgut
579 900 2476 1136 tig kunst und Ruhmn, ai les - ausser dir. lseinen
567 1084 1596 1228 Kopf enisohen den Handenl
582 1206 2581 1375 Hichard: lattretnen Blick abgewendet) Das wird mohl
579 1340 1904 1497 auch wieder einmal anders werden.
579 1457 2571 1651 Franzi: Ich kann mir's nicht denken, dass es einmal
577 1611 1447 1763 anders werden könnte.
579 1681 2511 1904 Richard: Man kann sich gar mancher nicht denken.
579 1842 2469 2034 Branztilwird aufmerksan, blieht ihn anl Was hast
582 1996 1047 2161 au, Riohara2
589 2054 2576 2295 1es klopst.Barontn tritt ein mit Zischtuch u. s. N.)
579 2225 2566 2422 Baronin: C’est permift (Sie macht sich bereit den
589 2392 1228 2551 Tisch zu decken.
994 2501 2412 2698 nder je vous aiderals madane la
594 2531 965 2688 Pranst: I
589 2643 922 2812 Beronne.
577 2792 1798 2951 Baronin: Ne vous deranges pas.
599 2919 1815 3080 (Franzi und Baronin decken auf
584 2996 2516 3237 Riohardisun etwas zu sagen, sitzt nocht Sie haben
