2920 3528
2228 197 2381 350 102
528 328 2677 539 Gegor: li.d. R.1 Und was meiterz Wer Hitftmerdesen
542 483 2108 675 egetttahend wollen Sie von mir?
550 624 2429 806 Franzi: (i.d. 7.1 Dass Sie mir glauben, will ich.
547 758 2437 945 nichts anderes. Wir sollen Sie glauben und sich
544 859 2418 1054 selbst. Ich weiss es, dass Sie mich lieben. Jeh
552 993 2570 1209 eenedasinndiesemdagenblick auch die heben
560 1105 2559 1324 Erinnerungen. Aber ich meise es, dass in diesem Au-
1719 1257 2701 1422 ingen stärker ist die ich
560 1273 1545 1462 genblick keine Ihrer Pri.
1833 1364 2570 1561 erssteht und die Sie
558 1428 1446 1593 die Lebendige, die hie
1692 1505 2578 1703 runde gehen an dem, wes
568 1559 1647 1711 anbetet. Ich will nicht zu
571 1684 1372 1865 vergangen, was überm
1833 1772 2463 1956 aun: Benühen Sie
1414 1809 1761 1959 Zuschauet
568 1812 1374 1983 Stinne der Roreda in
1892 1916 2519 2076 (rasch über die
584 1946 1836 2106 sich nicht weiter, mein Frauleit
584 2042 2578 2231 Stufen, die von Zuschauerraun auf die Bühne führen.
579 2188 2645 2335 steht jetzt auf der Brücke) Ich bin schon da. Guten
582 2351 1425 2509 Morgen, Herr Intendent
600 2399 2602 2663 sptendent:sgräset stuan, sieht sie kaun en, Spanrung
600 2613 913 2773 ringsun
590 2703 2533 2909 Roredailstellt sich neben kranzi, schiebt sie weg-
600 2816 2679 3026 und spricht die Kolle weiterl Ich will nicht zugrun-
592 2952 2589 3154 de gehen an dem was vergangen, war überwunden tatt
600 3120 1382 3312 was nie eriebt ist.
