2888 3496
1539 492 2232 693 dook so ein Meser
607 535 1379 684 Richerd: Aber es ko
1718 645 1945 746 sein.
614 655 1384 817 fällig anderweitig
607 705 2380 968 Karl Bern: Gebunden? Die Splaveret ist abge-
631 834 2469 1090 schafft. (ninnt eine Eigurl Richt mehr zu ret-
641 1073 836 1217 den.
645 1169 2524 1372 Richard: Innerliche bebundenheit und Splaveret,
650 1358 1752 1558 das ist doch etwas anderes.
662 1441 2581 1618 Karl Bern: Ein Atarienus, diese sogenannte innere
664 1556 2512 1764 gebundenheit. Oder eine Binbildung. Sertget
676 1716 2058 1890 veee
686 1824 2486 2075 Richardi Es gibt aber doch bestinnt Menschen
691 1962 2569 2158 treuen so gut wie Männer, die direkt ein Bedürf-
693 2125 1558 2292 nis nach Freue haben.
707 2218 2557 2407 Karl Bern: Freue ist meistens nur lagst vor Re-
717 2450 1009 2550 venche.
722 2476 2486 2665 Richerd:(lacht) Die Leute haben doch Recht.
722 2627 2380 2842 Barl Bern: Haben sie nie. Aber inniefern?
731 2763 2184 2988 Richerd: Menn sie Sie frivol nennen.
739 2875 2605 3062 herl der: Prirolität auch ein Nort, lieber Dok-
741 3028 2579 3229 tor, das Sie mir kann werden definleren können.
