2856 3432
526 417 1014 602 sehbar ist.1
519 560 1853 738 Barl Bern-ttritt vor den Vorhangl
533 688 2441 898 (Applaus verstärkt sich Karl Bern zurück auf die
529 843 1343 1000 Bühne, Vorhang fälIt)
521 969 2131 1133 Karl Bern: Ja, was ist denn da geschehen?
510 1093 2081 1250 Hoblein: Sie müssen noch einmal heraus.
524 1231 2329 1364 (Karl Bern nochmals vor die Kampe, verstärkter
517 1388 1438 1510 Applaus, wieder zurück).
521 1481 1293 1676 Tregulein: Friesell
524 1600 2331 1784 Gregor: da, um Gotteswillen, was ist denn da ge-
510 1774 855 1912 schehen?
521 1907 1905 2065 (Praussen wieder stärkerer Applaus
557 2034 2443 2167 sblein:(zu den Schauspielern) Bitte, meine Herr-
505 2165 1829 2346 schaften; alle noch einmal heraus.
517 2269 2386 2417 (Der Vorhang hebt sich langsam, die Schauspieler
512 2417 2426 2562 treten wieder nach vorn.Der Applaus flaut sofort
500 2598 2346 2760 ab. Der Vorhang fällt rasch wieder. Applaus si-
500 2736 1250 2872 stiert vollkomnen)
502 2843 1179 3038 Aoktor Brauntiet
1948 2819 2581 3019 da, was ist demn
483 2986 688 3153 1062
