2856 3464
2290 349 2433 487 197
462 456 2672 654 Franzi:(als Kannt, zur Schnester) Und ich soll auf inmer
467 607 2595 827 verloren seint Man darf mich verlassen. Man darf mich
462 767 1537 937 negwerfen, wire eine Dirne.
465 899 1877 1091 Farl bern:bzu Dreguleinl Urmöglich.
470 1036 1311 1146 Die Schwester: Fanni.
470 1179 1306 1333 (Beginnender Applaus!
462 1292 2144 1473 Dregulein: (zu Karl Berl befallt ihnen ja.
470 1427 2232 1594 Karl Bern:Warum soll sie denn verloren sein?
470 1564 1704 1743 Ean hort kannt niederstürzen1
462 1682 2570 1888 karl ber:(zu Dreguleinl Marum stürzt sie denn schon
459 1839 764 1946 nieder?
465 1952 1278 2084 Dregulein: Ganz gut.
481 2097 1778 2270 lepploue aus dem Zuschausrraun.
470 2207 2493 2386 Ixeptzient: (zu den Theatorarbeiter, der den Vorhang
462 2375 1592 2455 bedient) Herunterl Herunterl
473 2504 1490 2653 Worhang sinkt allmähligt
462 2598 1836 2784 herl Dern: Was fallt ihm dem eine
462 2754 2556 2922 dregulein: banz gescheit so. Die letzten Worte hätte
456 2881 1270 3007 doch nienand gehört.
462 2977 2468 3172 Der Epplaue verstäckt sich, Vorhang hebt sich. Aas
