2824 3512
1117 410 1719 515 Personen und an
550 367 1012 592 beschärtigt
550 547 2444 705 schauer einen flüchtigen Blick auf die Raupenbe-
547 672 2401 842 Zeuohtung der Residenztheaterbähne und auf den
547 790 2556 967 veraunkelten zuschauerraum, in dem das Publikum der
542 920 1864 1104 Bern'schen Freuière gedacht ist.
552 1039 2476 1239 tints rückwarts (also hinsichtlich ner Residenz-
557 1189 2374 1352 theaterbühne voral ein Feuermehrmann, in einen
560 1329 2471 1492 ernöhten Verschlag der Beleuchtungsinspektor, ei-
552 1464 2541 1617 nigs Sohanspieler und Sohanspieleridnen im Kostun
545 1574 2544 1757 des Stuckes stehen in der Coulisse, auch Theaterar-
1904 1672 2191 1747 Loblein
550 1722 2329 1819 beiter sind gelegentlich sichtbar, u,steht
557 1849 2374 2024 gleichfalls in einer Conlisse vorn, einer der
550 1977 2561 2146 Sohanspieler hat das Ange an die Seitenwand gehof-
562 2119 2374 2259 tet und beobachtet durch ein kleines Lach die
567 2251 2454 2409 vorgange aur der dühne. Ein Phesterarbelter uaf
557 2364 2456 2496 einem Stuhl an der Ire rückwarts (also vorn in
562 2496 2529 2604 Einsicht auf den Zuschauer), er ist es, der für die
562 2634 2559 2741 Auf-und Aptretenden die iüre öffnet und schlieset.
547 2764 2531 2866 Der Prospekt, d.h. die ganze Dekoration, in der das
595 2819 2574 2976 Derngene Stuck gesplelt wird, Eet setzt sich nach
565 2994 2496 3181 rechte weiter fort. De Aschines rechte lst ne-
560 3141 2489 3328 türlich auch eine Soltenwand gedacht, die den Zu¬
