2872 3512
686 439 2682 621 Greger: Nicht auf der Höhel Neulich auf dem Büh-
669 559 2595 748 nenball waren im Ganzen sieben, die ich nicht ge-
684 699 2203 846 habe habe. Ich werde sie nicht nennen.
691 836 1764 1005 Zregulein: Nur die Anderen.
676 943 2597 1148 Ernelilkonnt mit einer stwas verkonnenen Blegenz
681 1108 2445 1262 gekleidet, junges besicht, aber ergraut) Guten
671 1262 1457 1400 Edend, meine Herren.
669 1360 1632 1527 Dregulein: Eine Conragel
669 1492 2675 1659 Dögelmann! Abend, Doktor. Nett, dass Sie sich wieder
669 1644 1492 1794 einmal sehen lassen.
664 1744 2640 1929 Ermel: O, Bernl derrus, wenn man noch so intim sein
661 1876 2033 2061 darf. Du hast ja Carriöre gemacht.
656 1991 2630 2213 Kerl Bern: Und gar dul Chefredakteur der Toulis-
654 2166 1375 2303 se', wie ich höre.
649 2236 2622 2458 Ermel: Mir heben es much auf schttausend Monenn-
651 2430 1185 2550 ten gebracht.
659 2493 2550 2715 dreg Rlein: Da müssen die sich se die Deine aus-
651 2647 2151 2834 laufen. Sie sind doch auch Austräger?
661 2779 2468 2972 Ermelisa, Dregulein, wenn nan so klein ist darf
639 2934 1904 3074 man sich allerlei herausnehmen.
649 3066 2430 3256 breger: Ausgezeichnet. Nehnen die Platz, Herr
