3112 3464
2573 323 2723 448 763
818 485 1767 641 Izmeites Zeichen ertönt!
803 641 1802 796 Frau Veith: Han. Mathilde
816 753 2415 906 Mathilde, Frau Veith, Richard in die Loge
798 896 2718 1089 Helene: (zu Mathilde - etwas früher) Man muss mit
811 1034 2603 1186 den Männern ein wenig Geduld haben oder sich
793 1136 2800 1316 entschliessen zu sein wie sie - das ist vielleicht
808 1274 2788 1466 das Amüsantere. (auch in die Loge zu ihrem Vater)
813 1424 2665 1569 (Richard verlässt die Logegleich wieder, viel-
798 1552 2753 1719 leicht auch wird er von jemanden Andern aufgehal-
808 1692 2477 1862 ten und betritt die Loge gar nicht mehrl.
813 1794 2678 1952 (Die Loge der Frau Roreda öffnet sich, Dregulein
808 1949 2713 2097 verabschiedet. sich eben von ihr und ihrer Mutter
808 2082 2795 2252 die Mutter setzt eich gleich wieder nach vorn, Dre-
786 2220 2330 2377 gulein bleibt noch in der Füre stehen)
796 2357 2728 2523 Fregulein: Ee sieht dir ähnlich, dass du heute im
798 2482 1336 2630 Theater bist
788 2575 2683 2788 Horeda: Mir sieht alles ähnlich. Wenn ich nicht
788 2733 2740 2898 da ware sähe es mir geradeso ähnlich. Also, adieu,
788 2860 2788 3066 lieber Dregulein, behaltetmich in gutem Angedenken.
786 2980 1677 3158 Dregulein: Angedenken?
