2840 3512
460 481 1480 649 fur Sie eben eingetreten.
468 598 2399 790 Rlchard: Sie befinden sich in einem Irrtum. Ich-
449 763 2529 939 wir sind glücklich, glücklich wie je. Wir lieben ein-
457 895 709 1012 ander.
449 993 2102 1182 Karl Bern: Und quälen einander noch mehr.
454 1136 2264 1304 Richard: Ich sagte schon, -wir sind glücklich.
444 1263 2486 1417 Karl Bern: Und unglücklich. Gesonders das letztere.
446 1396 2532 1580 Sie stehen einander im Wege und Sie wissen es heide.
449 1523 2529 1696 Es kann immer nur schlimmer werden. Das liegt ebenso
441 1653 2540 1831 sehr in den Äusseren Verhaltniesen als in Ihrer Bei-
441 1783 2610 1958 der Wesen. Ste sind ein zu denpchönsten Hoffnungen be-
441 1923 2516 2094 rechtigender Ärzt, eingeordnet in die bürgerliche, sa-
436 2045 2462 2213 gen wir in die menschliche Gesellschaft,Ordination
436 2175 2556 2359 von zwei bis vier, -sie ist eine junge künstlerin, eine
433 2313 2556 2510 höchst begabte, höchst temperamentvolle, höchst leiden-
433 2437 2364 2605 schaftliche künstlerin,die die Freiheit braucht.
438 2572 1861 2754 Richerd: Das haben Sie Schon gesegt.
433 2689 2602 2894 karl Hern: Ich kann's auch streichen. Aber wahr bleibt
436 2859 2556 3073 ee doch. Sie sind ein Hindernie für die Carriöre des
