2888 3496
2286 241 2425 389 185
549 354 1538 557 des rachwertige Eüre. feht
1771 335 2176 544 rechts abl
531 525 1512 670 Wilzilkonnt von rechte.M
1723 509 2511 681 en den Prospekt, zu
539 638 2578 812 Fr. Montzel) brad ee sind so wunderschöne Bin-
531 777 2460 927 venlaunkeirete Rosen zur Fraulein Frankei in die
525 866 2452 1075 Gerderobe gekommen und die Handschah het st oben
528 1034 1118 1195 liegen lassen.
528 1160 2581 1319 Fr. Nentzeli Hachen 8' eich nicht nichtig, sie brauch
531 1300 1782 1428 gar keine Handschuh in den At.
523 1404 2530 1592 Wilt:(auf die Bahne lauschendl bane andere lst die
525 1544 2522 1718 Stimne als ich's von ihr gewohnt din. Bitt sohön.
520 1672 2597 1844 Frau Nentzel, lassen S mich einen lagenblick da her.
531 1812 2559 1983 lochiebt sie neb, blickt durch einen Spalt des Pros-
533 1946 1378 2039 pekte auf die Bühne.)
528 2039 2683 2257 loregulein, der fräber eine Kelle nach linke ging,tritt
517 2208 1954 2353 wieder in die Wahe von Frau Nentzell
520 2313 2557 2500 Fr. Ventrol:(i Preguletal Furf Ir krautele Friesol
517 2452 2251 2642 sind grad Blunen in die Gerderobe gekonnen.
515 2589 1337 2731 Breguletn: Kirklicht
520 2704 2600 2865 Tr. Nentzel: Pe, des ist die Hausschnelderin von Prän-
507 2822 2010 2994 lein friesel, die konnt grad von oben.
509 2935 2439 3144 Bregalese Körn s1, Freu Nentzel, schanen Sie soch
507 3098 2439 3267 nach, es muss doch eine Karte dabei sein oder ein
