2792 3400
2213 215 2364 358 204
975 350 2149 521 n ist offenbar ausgeschlossen.
577 385 886 493 Verschul-
565 503 1851 656 Roreda: (zum Baron) Mein Beileid.
553 622 2125 812 Baren: Wir haben Pech in dieser Saison.
558 716 2411 935 Horeda: Der Tod iet ein Flement,gegen das sich
548 893 1325 1059 nichte sagen läset.
565 994 2445 1199 (Auf Meisung des Kommissäre wird Franzl von den
545 1152 2524 1266 Sofa auf die Bahre übertragen. Die Arbeiter heben
558 1291 2290 1434 die Bahre voh Boden auf. Gregor stürzt in
550 1416 2507 1587 diesem Eagenblick wie ein Verzweifelter zu Boden)
592 1550 2455 1727 regniein:(zu kreger) Das macht man nur auf dem
558 1693 883 1858 Theater.
565 1796 2458 1939 (Komnissär im Gespräch mit dem Doktor und Baron
553 1969 1098 2134 mit Zobleinl.
