2856 3416
2177 285 2328 396 202
445 375 2285 596 Pregulein:Imie fragend) Eine schnere Ohnnacht?
439 547 1593 717 Dr. Braun:(fühlt Franzis Pulsl
445 658 2323 828 Baron: (komnt von linke durch die Seitentüre auf
437 815 2442 974 die Bühne, zu Löhlein) Ja, was ist denn das für eine
439 946 2290 1103 Wirtschaft? Was ist denn da passiert?Marum --
442 1069 2280 1249 Dregulein:Die Friesel ist ohnmächtig geworden.
460 1190 1953 1375 (Eben ist der Applaus ganz verklungen!
442 1334 2457 1514 Baron: Aus -keine Hand rührt sich mehr. Dabei war
445 1501 1334 1635 es gar kein Durchfall.
445 1573 2513 1773 Dr. Braun: Auf das Sofa bitte, so helfen Sie mir doch.
445 1717 2480 1912 EEin Theaterarbeiter und zwei Schauspieler sind ihm
445 1871 887 2025 behilflicht
468 1976 1485 2154 Loblein: Fischer herunter.
457 2115 2262 2290 Ean hört, wie der eiserne Vorhang heruntergels
439 2274 684 2372 wird.)
445 2354 2023 2565 Beron: ltritt jetzt nahe an Franzi heren!
429 2506 2051 2657 Dr. Braun: (legt sein Ohr an Franzie Brust
432 2652 2331 2788 Eine Schauspielerip: (öffnet rasch Franzis kleid
427 2786 1750 2940 Karl Bern: (tritt hinzul Ehnmacht?
427 2878 2346 3079 Fraun:lgibt durch eine beste zu erkennen, dass er
427 3012 1339 3128 keinen Herzschlag hört)
