3160 3480
2484 386 2645 527 165
848 511 2609 676 Loblein: Ich muss auf die Bühne, Herr Baron.
840 663 2799 822 Baron: (sieht auf die Uhr) Es ist halb zehn, -mehr
830 775 2752 939 Tempo. Es gibt nur mehr eine Rettung, wenn es ge-
822 903 2703 1090 schwind aus wird. Und die Friesel soll lauter
822 1025 2144 1210 sprechen. Kein Wort versteht man.
837 1166 1555 1328 Loblein: (rasch abl.
824 1291 2812 1482 Horeda: Herr Baron, erlauben Sie mir, Ihnen zu die-
811 1458 2833 1617 sem sensationellen - Achtungserfolg zu gratulieren.
811 1560 2810 1766 Baron:, Danke. Sie sind höffentlich auch mit Ehrer
793 1690 1743 1876 Nachfolgerin zufrieden?
806 1824 2797 2027 Roreda: Die Roveda hat keine Nachfolgerin, so wenig
796 1964 2765 2147 sie eine Vorgäegerin hat. Ich bin ein Planet und
793 2087 2113 2264 stehe allein auf dem Himmelszelt.
801 2233 2825 2400 Beron: Gewies. (furzer Abschied, geht in seine Logel
801 2371 2893 2590 Dregulein: Also, dein Entlassungsgesuch scheint benil-
785 2507 1012 2648 118t2
775 2617 2695 2851 Rorede: Mer spricht von einen Entlassungsgesuch?
777 2765 2724 2974 Ee war eine Differenz auf der Probe, wie sie hun-
764 2883 1458 3044 dertmal vorkomnt.
764 3029 2293 3222 bregulein: Du gehst nicht nach Berlinz
