3064 3512
453 275 847 433 31. 3.7930.
1471 354 1649 527 -237.
671 561 1633 729 vorlaufig ertragen kann.
655 684 2595 870 Kari Bern: Ee ist ja beinahe eine Frühlingsnacht
668 831 2718 996 geworden. Ich schlage vor noch eine Weile im Freien
666 931 2427 1109 zu spazieren. Ee wird Ihnen sicher wohl tun.
666 1093 2710 1253 Richard: Ich dank Euch allen, aber - lasst mich lie-
663 1208 2632 1392 ber für heute. Ich verspreche Euch, dass ich keine
653 1360 2577 1528 Torheit oder etwas allzu Vernünftiges tun werde.
663 1505 2561 1664 In dieser Hinsicht könnt Ihr Euch ganz auf mich
666 1644 1077 1775 verlassen.
653 1754 1793 1924 (Unschlüssigkeit der Andernl
640 1895 2747 2079 Mathilde:(das erste Wort, das sie spricht) Jasst mich
642 2045 1263 2173 mit ihm allein.
650 2160 2632 2338 Helene: (zögert einen Moment, Karl Bern nickt.Beide
655 2288 1295 2456 entfernen sicht.
653 2412 1374 2585 Micherd, Mathilde.
645 2556 2653 2721 Mathilde: (wie ihm antwortend) Es ist nur das, dass
637 2687 2689 2839 ich dich in dieser Stunde nicht allein lassen will.
642 2799 2658 2972 orich hab keine Angst um dich. Oder vielleicht ist
642 2902 2613 3119 es nur, dass du mich nicht allein lassen sollst in
626 3062 1203 3242 dieser Stunde.
