2808 3432
503 317 2198 498 Franzi: Konn zu dir, Richerd.(näher zu ihml
500 457 1383 633 Eicherd: (steht sterr
503 579 2512 773 Franzi: (neicher) Besinne dich doch. Das alles hat-
505 725 2473 883 test du doch schon überwunden. Und nun wieder mit
508 835 2407 1011 einem Mal. Meisst du denn nicht mehr - Richarä-
503 985 2473 1161 du denkst doch nicht, dase er ernstlich glaubt, ich
498 1115 2384 1286 könnte um seinetwillen - es ist ja zum Lachen.
513 1233 2381 1427 wenn er heute von diesem Schnur gesprochen hat,
511 1368 2558 1539 so war es natürlich nicht die Spur einer wirklichen
498 1491 2499 1659 Sorge um mich. Eitelkeit war es, Zynismus, was weine
505 1664 2425 1805 ich. Wahrscheinlich vermutét er, dass du, dass wir
503 1794 2473 1925 beide - nun ja, es wäre dch möglich, dass er etwas
495 1876 2507 2065 ahnt von uns beiden trotz deiner grossen Vorsicht.
495 2032 2433 2193 Richard: Nichts ahnt er. Dass du einen Geliebten
495 2149 2547 2320 hest, das freilich hält er für recht wahrscheinlich.
505 2267 2509 2450 (unbeherrecht) Er zweifelt gar nicht daran, dass du
495 2422 2509 2591 noch zehn oder noch hundert Geliebte haben wirst.
493 2540 2501 2724 Aber nebstbei ist er überzeugt, dass er dich wieder
495 2667 1825 2849 haben kenn, sobald es ihm beliebt.
495 2792 2244 2984 Frenzi: Richerdt und du, du glaubst es auch?
485 2969 2430 3132 Richard: Ich gleube überheupt nichts. Ich glaube
493 3081 2456 3270 nichts, ich meise nichts, ich weise nichts anderes.
