2888 3496
2238 358 2390 491 184
538 458 2470 656 wilt:lkonnt von rechts zu Frau Nenzell Grad sind
556 610 2498 790 Numen zn Fraulein kranzi in die Garderobe gekon-
540 736 2544 908 men; und die Handschuh hat sie oben liegen lassen.
556 864 2398 1057 Frau Menzel: Nachen ie sich nicht nichtig, sie
545 996 2102 1158 braucht gar keine Handechuh in dem Akt.
535 1093 2593 1302 Wil1: (auf die Bühne Lauschend) Ist das das Fräulein
540 1258 2459 1410 Franzi? Ganz anders wie sonst klingt die Stimme.
553 1363 2536 1549 Bitt schon, Frau Wenzel, lassen S' mich einen Augen-
540 1515 2503 1700 blick dafer. lschiebt sie fort, blickt durch einen
558 1649 1906 1803 Spalt des Prospekte auf die Bühnel
551 1790 2284 1953 Frau Wenzel: (zu Dregulein) für Ihr Fraulein
514 1899 2578 2061 Friesel sind grad Blumen in die Garderobe gekommen.
543 2012 2578 2189 dregulein: rrahtntertedndn 50 Des
535 2171 2516 2315 stimmt. Und ist nichts dabei? kein Brief? Schaun
535 2279 2567 2452 5' nachpFrau Wenzel. Es könnte vielleicht was Mich-
538 2444 2467 2596 tiges sein. Wenn sie dann abgeht möcht ich ihr's
538 2552 1276 2717 gleich geben.
551 2678 1158 2866 Fr. Nenzel: (ab1.
