2824 3480
175 221 522 406 14.1911918
2020 219 2317 413 82 b
526 354 2421 556 krenzi: Moher sollt iehr du hattest mir ja kein
536 576 831 672 Wort ge-
539 620 1867 790 Richard: (bietet ihr zum Esgen anl
536 755 1815 898 Franzi: (lehnt abl Du warst dorti
536 846 2423 1038 Richerd: Selbstverständlich -als sein nächster
534 1018 876 1159 Freund-
529 1124 2226 1319 Franzi: Du hast viele Menschen gesprochen?
531 1277 1154 1437 Richard: (nickt:
536 1383 1368 1557 Pranzi: Junge Danen?
544 1540 1124 1656 Richard: Auch.
554 1629 1995 1825 Franzi: Fräulein Reith zum Beispiel?
544 1761 2470 1948 Richard: Es ist kein Anlass gerade die besonders
558 1916 1053 2096 zu erwähnen.
568 2022 2541 2231 Tranzi:Dein Freund Ludwig hat mir schon vor langen
554 2152 2170 2317 Zeit erzühit, dass du sie heiraten wirst.
558 2293 1929 2477 Richard: Da meise er mehr eis ich.
1486 2413 2325 2600 Sie oder eine Andere
558 2435 1451 2610 Tranzi:(geheetzuckend
558 2558 1727 2733 Bicherd: lblickt betreten auf)
563 2681 2445 2876 Franzi: Wir kann es gleich sein,an men ich dich
571 2844 1232 3004 verlieren werde.
558 2913 2502 3139 Richard: Und du weisst das ganz bestimmt, dass du
