2856 3480
2220 223 2647 373 et 88 n
518 355 2476 523 Lsblein: Aber, Herr Dötelmann, schnuppern Sie doch
518 490 2580 671 nicht! Es genügt ja, wenn Sie sagen: Weich ein Par-
528 635 699 759 fuml
518 723 2448 919 Dögelmann: Dahrab ich eine andere Auffassung. Der
513 870 2383 1057 Mann, den ich darstelle, dieser Doktor Friedrich
523 1013 873 1158 Wagner-
518 1111 1696 1339 Karl Bern:(verbescertl. Mitte.
526 1264 2530 1424 Dögelmann: (ironisch) Das dürfte xixk ziemlich egal
528 1406 2533 1575 sein .Wagner oder Witte. Darauf wird es wohl nicht
521 1531 904 1704 ankommen.
513 1671 1487 1818 Karl Bern: Gewiss nicht.
518 1787 2536 1963 Dögelmann: Ich sehe ihn eben so, wenn dieser Viveur
523 1937 1577 2108 eintritt, dieser von Juen-
518 2077 1810 2233 Karl Bern: Ist er ja gar nicht-
521 2173 2499 2365 Dogelmann: - und er merkt diesen gewissen luft, so
526 2334 2523 2489 ergibt es sich ganz natürlich, dass er schnuppert,
521 2440 2455 2618 er braucht gar nicht zu sagen: welch ein Parfun!
526 2572 2608 2717 (zu Karl Bern) Haben Sie gleich wieder einen Strich.
510 2704 2533 2883 Es ist viel einfacher und zugleich deutlicher, wenn
521 2841 1085 3010 er schnuppert.
526 2971 2492 3162 Karl Bern: (zu Löblein) lassen wir ihn schnuppern.
