2920 3528
2387 359 2548 461 243
649 390 2133 592 etwas Aehnlichespegemen wie diesmal.
638 546 2082 713 Es könnte dir immer wieder begegnen.
631 664 2630 867 Weder mit dem Tod wäre etwas gewonnen noch mit ei-
626 810 1595 959 ner Trennung - auf Zeit.
626 923 2587 1131 Richard: (ausbrechend) Wieder gut machen. Ich habe
613 1051 2620 1261 bzennende Sehnsucht darnach. Nichts ist stärker in
592 1205 1108 1343 mir als das.
592 1333 2456 1515 Mathilde: Und wenn du sie wieder zum Leben er-
592 1472 2548 1677 wecken könntest,glaubst du, du hättest danit etwas
582 1600 2428 1782 gut gemacht? Was man an jemandem gesündigt, der
577 1756 2428 1959 nicht mehr da ist, selbst wenn man selber daran
567 1872 2577 2082 schuld wäre, kenn man doch immer nur an einem Leben
556 1982 1264 2125 digen gut machen.
546 2115 2407 2346 Richard: Es könnte mahr sein, wenn die Mahrheit
536 2243 2595 2482 nicht zu wohlfeil wäre und dann dazu an Ende selber
528 2382 1559 2536 noch glücklich werden --
520 2523 2536 2733 Mathilde: Ja, das müsstest du dann schon hinnehmen.
