2824 3464
2259 261 2406 424 132
474 405 2375 595 besondere Ehre sein, wenn Sie der Premiére meiner
476 600 1493 727 Stückes beiwohnen würden.
474 724 2361 892 Dr. Fricke: Es war in jedem Fall unsere Absicht,
487 819 2369 1032 obwohl ich, wie Sie ja wissen, kein Schwärmer für
484 992 1540 1106 die moderne Literatur bin.
487 1048 2506 1287 Karl vern: Dhmugeatehnat e auch
487 1250 2382 1408 nicht. Und ich stelle es Ihnen vollkommen frei,
471 1387 2419 1540 Herr Dekter, Ihrem eventuellen Missfallen auf die
492 1514 2461 1664 übliche Weise Ausdruck zu geben. Nicht unmöglich,
487 1643 2467 1827 dass ich mich - allerdinge lautlos - daran betei-
495 1785 706 1938 11ge.
482 1895 2538 2093 Dr. Pricke: lamisiert) Marum lassen Sies dann auffün-
490 2059 687 2153 ren?
492 2151 2580 2343 Karl Bern: Es bleibt inner anüsant ein eigenes Stück
492 2280 2543 2488 zu sehen, auch wenn man es selbet schon lingst über-
498 2432 945 2604 munden hat.
492 2572 2590 2711 Delene: kein Autor urteilt so streng über seine eige
498 2696 1627 2843 nen Merke als wie Herr bern.
492 2809 2556 3001 Dr. Pricke: Ob diese Strenge nicht vielleicht - Sie
505 2951 2617 3127 verzeihen, Herr bern, - 44 eine gesonders raitinier
