3064 3512
481 317 754 442 7. 3. 1930.
717 478 2555 717 Richard: lmit Karl Dern aus dem Theäter heraus)
715 663 2523 816 Karl: Es ist nun einmal geschehen. Sie sollen
717 759 1806 941 sich, keine Vorwürfe machen.
699 897 2484 1115 Richard: (bemerkt Helene, Mathilde) Oh, -ich
691 1052 2310 1219 möchte eigentlich lieber allein bleiben.
699 1149 2674 1336 Karl Bern: Ee würde Ihrer Schwester weh tun und -
696 1351 1422 1476 einer Andern auch.
686 1432 2609 1611 Kichard: Ich wünsche keine Teilnahmebezeigungen.
668 1562 2570 1806 Sie sollen keine Sorge um mich haben, ich werde
668 1713 2409 1871 mir ganz bestimmt - nichts antun. Ich fühle
678 1811 1754 2006 eigentlich auch gar nichts.
665 1954 2698 2175 Karl bern: kommen Sie doch lieber mit uns. Wir wol-
668 2128 2633 2287 len alle noch ein wenig zusammenbleiben. Irgendwo
657 2269 2638 2453 mue- man doch zu Abend essen. Das Leben ist schon
660 2388 800 2492 s0.
652 2474 1869 2653 Dregulein:(tritt an sie herenl
642 2640 2128 2783 Eichard: Sie wünschen,Herr Dregulein?
644 2768 1933 2908 dregulein: Einen Augenblick nur.
637 2892 2726 3090 1relene und Mothilde mollten Richerd entgegengehen:
642 3035 2536 3251 ein leichter Wink von Karl bernhält sie ab. Er
