2952 3544
2468 236 2594 410 178
593 348 2512 571 beschäftigten Personen und ausserden hat der Zu¬
596 519 2525 700 poneher einen flüchtigen Blick auf die Raupenbe¬
606 653 2455 794 Leuchtung der Residenztheaterbühne und auf den
611 780 2602 956 veraunkelten znscheuerraun, zu den des Publikum der
611 936 1894 1087 Bern'schen Preniöre gedacht ist.
613 1040 2527 1184 tinke rückwärts (also hineichtlich der Residenz-
623 1174 2420 1336 theaterbühne voral ein Feuernehrmann, in einen
608 1288 2530 1470 ernöhten Verschleg der Beleuchtungsinspektor, ei-
616 1420 2584 1604 nige Schanspieler und Sohanspieleridnen im Kostin
613 1561 2602 1728 des Stuckes stehen in der Coulisse, auch Theaterar-
1966 1643 2244 1730 Lohtein
621 1691 2381 1842 beiter sind gelegentlich sichtbar, Aahr, stcht
608 1830 2420 1998 gleichfalls in einer Conlisse vorn, einer der
608 1981 2599 2128 Sohanspieler hat das Aage an die Seitenwand gehef.
613 2080 2420 2267 tet und veobachtet durch ein kleines Loch die
613 2217 2500 2368 vorgänge auf der bühne. Ein Theaterarbeiter auf
618 2348 2495 2500 einen Stuhl an der Ure rückwerts lalso vor 14
616 2482 2254 2624 Einsicht auf den Zusohauerl. er ist es, der
618 2612 2167 2723 Auf-unà Aptretenden die füre öffnet und
613 2748 2145 2855 Der Prospekt, d.h. die ganze Dekoration
650 2860 2207 2944 Bern'sche Stück gespielt wird, at setzt
618 2969 2038 3143 rechte welter sprt. die Aechiaes er
613 3125 2068 3314 tarlich auch eine Soitonmagd gedacht
