2872 3480
2400 295 2544 453 al
571 394 2538 584 Franztiltritt wieder einl F’aime ia neige. Ich Es
1561 532 2432 719 Cest si - beruhigend
566 553 1488 712 gern, wenn es so schneil
573 675 1261 834 Baronin: Calmant.
573 811 1225 975 Franzii Calmant.
566 910 2059 1115 Bartnin: Ist'e Ihnen hier warn genug?
566 1058 2348 1243 Franzi: Aber winderbar. uand chez nous à ia
571 1207 1733 1366 maison - Ah, es ist zu schwer.
563 1350 1650 1483 Baronin: Reden Sie nur deut
558 1480 1665 1639 Franzi: Menn's bei uns zuha
553 1587 2416 1767 mochtesprückt einen Stunl zum Ofen, hält die Fü
571 1731 1181 1892 an die Ofentürt
571 1811 2661 2012 Baronin:Mir ist es nie warm genug. Quand jletart jan
571 1965 2387 2145 jeune- Ma nère vous savez était proptiétaire.
566 2108 2544 2301 a’'un boarding an àllice - Mizza. Vous conaissez
555 2254 1572 2424 la Eivieraf Mademoigelle!
563 2377 1650 2528 Pranil: (schüttelt den Kopf)
555 2510 2494 2697 Baronin: Da müssen Sie einnal hinreisen,Mademoi-
555 2638 1830 2804 selle... auf der Hochzeitsreise
563 2757 2479 2953 Pranzl: Aber diefleben sclon lange in Mien, Frau
558 2906 1342 3075 Daronin, nicht mahr?
566 3036 2533 3214 Baronin: Zwanzig Jahre bald. Depuis que mon mari
563 3177 2393 3323 est mort. Il s’a tus. d’était un Anglais - bei
