2872 3512
576 402 2183 597 mill noch ein paer Zeltungen durchschen.
569 566 1898 737 Karl Bern: Dieses Klatschblatt -2
563 722 1820 870 Richerd: Genz aulsant zu lesen.
569 828 2477 987 Karl Bern: (unterdessen an Dillard vorbel, Begrüs-
548 968 787 1145 sungl
550 1064 2300 1296 Gregeri Sie kotnen eben zurecht, Herr Dokter.
561 1220 2550 1410 kKarl berni (ganz mechanischl Ich bin nicht Dokter.
553 1334 1693 1506 (zun Kellner) Einen Apeinth.
537 1495 2622 1737 Dreguleini Absintht Das ist nicht von Ihnen, Meister,
535 1610 1316 1786 das ist von Ausget.
535 1729 2508 1976 Karl Bern: Ohne Flagiate keine Poesie. ler drückt
545 1882 2391 2054 Dregulein herzlich die Hand) Uebrigens bin ich
537 2035 2531 2251 auch nicht Meister. (iu Gregorl Und inniefern komn
535 2134 1041 2308 ich zurecht?
553 2259 2508 2466 Gregor: Kenn man Sie auf Ehre und Gewigeen fragt.
511 2404 2365 2586 so sprechen ie doch die Mahrheit, Herr Doktor?
519 2526 1729 2682 Karl Bern: Es konnt darauf au.
511 2653 2360 2887 Grogor: Elipp und klar: Kinden Sie nich zu at
501 2796 1098 2949 fur den Fedort
496 2905 2435 3191 Kerl Bern: Nie konnen Sie auf diese läoel Ee ver
