2856 3432
2177 342 2476 439 118,119
723 429 2431 589 er im "Freund der Frauen“ den Major spielt.
668 576 2476 723 wo ich Ihnen neulich die Sitze geschenkt hab.
661 713 2519 870 Mili: Ich wer“ doch wissen,wer der Gregor ist.
676 815 2514 958 franzi:ldeckt den Tisch ab) Geh mutter und das
668 975 2591 1155 Geschirr, das nimist du gleich mit in die Küche.
658 1092 2451 1212 Mutier: bübellaunig) Was das gleich für einen
676 1224 2359 1379 Wirbel macht, wenn du einmal zu einer Kolle
668 1354 2080 1506 kommst. (rechte mit dem Geschirr abl
658 1511 2439 1673 Mili: Ja, da werden sich Frau Fjnanzrat jetzt
666 1623 2446 1791 dran gewöhnen müssen. Und füre nächste Stück
661 1753 2479 1875 wird sich das Fräulein vom Maison Spitzer die
668 1875 2401 2032 Toiletten machen lassen und die Mili kriegt
661 2010 1282 2157 ihren Abschied.
668 2122 2511 2299 Franzi: Aeden Sie keinen Uneinn, Mili. Und wehn
666 2252 2476 2429 ich eine bräfin werd", Sie bleiben meine Pri-
668 2382 2162 2574 vat-und Hotschneiueriu in jedem Fall.
653 2539 2658 2703 Mutrer: (wieder herinnen,macht noch letzte Ordnung)
653 2681 2521 2828 No wird'e jetzt schönigenug sein iur aen Herrn
668 2823 953 2958 Gregor?
658 2925 1294 3100 Franzi:(ist jet
