2888 3576
2417 338 2742 519 et 88 f
662 435 2673 668 allmählig völlig aus Ihrer Konödie herausetreicht.
670 586 1754 749 Bitte. (zeigt ihm das Buchl
675 749 2721 916 Karl Bern: Ja, das habe ich gestern tatsächlich nach
662 900 2719 1028 der Probe im Einverständnis mit dem Herrn Regisseur
670 992 2573 1113 Löblein: (ist aufgestanden,spricht jetzt mit dem
680 1148 2601 1304 Theatermeister, Requisiteur, dat ihm einige Bilder
675 1274 2527 1378 zeigt mit Gebärde des an die Wand-Hängens) Ist
673 1419 2570 1558 doch lächerlich. Wir werden doch nicht die Leda
662 1517 2568 1706 mit dem Schwan daherhängen. Nehnen Sie doch die
670 1660 1043 1780 Böcklins.
670 1777 2527 1956 Requisiteur: Die haben wir ja im letzten Stück
670 1923 1340 2054 auch gehabt.
670 2043 2527 2230 löblein: Ist ja kein original, es ist halt eine
675 2184 1639 2327 andere Vervielfältigung.
665 2304 2596 2491 Kerl Bern: (zu Dögelmann) Wir können an Ende die
670 2442 1831 2621 Stelle auch wieder aufmachen.
665 2563 2714 2749 Löblein:(rasch bei ihnen) Was wollen Sie aufmachen?
657 2703 2604 2875 die Srene ninnt kein Ende, Herr Bern, Sie haben es
665 2834 1716 2949 gestern sebst konstatiert.
662 2977 2471 3138 Karl:letwas gelangneilt) Wir werden ja sehen.
657 3105 2598 3263 Wir wollen heute einmal die Szene ohne Unterbre-
