3064 3544
2428 363 2583 477 222
2480 498 2659 669 se11
764 490 2361 679 Richard:lder einiges davon hört) Rettung
759 630 2392 824 schaft? Was ist denn eigentlich gescheht
780 767 2721 961 (Die Benegung pflanzt sich ein wenig auf die Mar-
775 904 1259 1073 tenden fortl
759 1057 2526 1215 Ein Reporter:(will gleichfalls ins Theaterl
764 1174 1918 1324 Fortier: (will ihn aufhalten.
762 1298 2685 1477 Reporter: kennen Sie mich sielleicht nicht? Fei-
762 1449 1938 1591 senburg. Neueste Nachrichten.
757 1573 2493 1741 Portier: Entschuldigen, Herr von Felsenburg.
751 1710 2609 1884 Reporter: Das wär noch schöner mir den Eingaug
757 1835 1648 1987 ins Theater verbieten!
764 1946 2739 2153 Eine Garderobière: Sie fangt ja schon an sich zu
744 2104 1083 2241 erholen.
757 2197 2835 2420 Richard: (zum Portier) Möchten Sie moch nicht freund-
749 2358 1184 2508 lichst -.
746 2469 2713 2661 Dregulein: lkomnt jetktddurch die Türe, Hochgeschla-
744 2646 1311 2793 gener Kragen)
746 2767 2314 2949 ichard: (erkennt ihnl Herr Dregulein -2
741 2900 2384 3071 Dregulejn: Ja, bitte. (weiter nach rechtsl
739 3034 2635 3218 Richakd: (folgt ihm) Was ist denn eigentlich ge-
