2824 3480
581 407 2221 594 Rlobara: Und wieder Schach. (eie spielen!
581 561 2213 730 Karl Bern: Sie sind kein Diplonat, Doktor.
594 689 1588 843 Richard: (etwas befrendet)
587 804 2597 991 Karl Bern: Ihr Fraulein Schwester ist ein wenig be-
594 958 1132 1101 sorgt um Sie.
581 1083 1232 1232 Richard: (Geetel
589 1181 2628 1386 Karl Bern: (raschl Und sie hat Recht. Machen Sie ein
584 1334 807 1439 Ende.
581 1460 1980 1619 Richard: Ich bin mehr als erstaunt.
597 1585 2518 1754 Karl Bern: Nohnen die" mir's nicht übel. Sie ruh-
584 1708 2492 1888 len sich nicht behaglich in Ihrer Haut. Patheti-
584 1811 2643 2013 soher konnte man sagea, Sie leiden. Liebesschmerzen.
592 1972 2536 2159 Es ist nun einmal so. Ich hab ja keine Ahnung ner
584 2090 2574 2277 oe ist, ist auch belanglos. Ich weiss auch nicht, od
594 2241 2490 2400 Eie gelicht werden oder nicht. Ob, Sie der Zweite
584 2341 2605 2543 oder der Zwanzigste sind. Auch nöcht, ob man Eie be-
589 2497 2559 2677 trägt oder nicht.Ales verhältniendesig belangloe.
589 2628 2482 2799 In jodem Fall ist es eine irreguläre Apfaire und
574 2776 2046 2928 dafur eignen Sie sich offenbar nicht.
571 2884 2177 3061 Richerd: Wie genau Sie das alles wisgen.
566 3007 2564 3173 Karl Bern: Mein Uetier. Wenn ich mich darauf nicht
