2920 3608
290 264 660 452 6./4.1929
660 620 2375 823 Richard: Bitte, stören Sie Dich doch nicht.
665 742 1577 914 Karl Dern: Juriefern
655 820 2581 1052 Richerd: Er scheint sa, dess Sie mit den Herren
655 1001 1875 1171 Wichtiges zu besprechen haben.
658 1133 1458 1300 Berl Bern: Ach Gott.
658 1257 2624 1433 der Zollner bringt das Sohachtrett. Herl und Ri-
640 1389 1862 1509 chard stellen die Figuren auf)
635 1534 2583 1689 Richard: (harmios) Wenn ich recht verstanden habe.
627 1651 2256 1783 macht Ihnen Frau Roveda Schwierigkeiten?
622 1742 2588 1976 Kerl Bern: Die gibts vor jeder Freulöre. -Vebrl-
615 1902 2568 2070 gens die Idee mit Fräulein Friesel ist gar nicht
599 2042 1593 2192 so übel. Weiss zieht an.
599 2187 1824 2334 Rioherd:(macht den ersten Zugl
599 2304 2560 2522 Kerl Dern: lerniodert ihu) Sie kennen je Fraulein
592 2438 940 2588 Prieselt
589 2512 1496 2748 Richerd: Ja, betlaafig.
584 2619 2568 2855 Kerl Bern:sie treiben die Diskretion zu meit. Sie
574 2786 2619 3000 ner oder ist doch die Geliebte Ihres besten Freun-
566 2921 2410 3099 des, r auf dessen Dochzeit wir heute weren.
566 3096 2436 3292 Richerd: dun wird sie ss wohl nicht mehr sein.
