2856 3464
2007 268 2197 416 e
2228 208 2522 414 881
588 354 2530 625 gibt doch ein genz fälsches Bild. Redor ist, doch
586 528 1640 723 kein Millionär - oder Ja?
596 661 2616 877 karl Bern: Ich weise nicht. Ich hab sein Bankkonto
583 843 1166 945 nicht gesehen.
596 872 2545 1127 Löbzein: lungeduldigt das heilt doch alles auf. (za
588 1080 2673 1202 Dögelmann) Der Diener hat Sie schon früher gemeldet,
596 1171 2574 1325 indess hat Fedor hier mit Fanni gesprochen, in der
588 1301 2681 1447 zwischenzeit haben Sie im Vorzimner längst abgelegt.
599 1476 1057 1603 Dregutriner
591 1582 2634 1778 Dögelmann: Ich könnte ja auch im Wünterrock herein-
596 1715 2642 1889 kommen, mit lut und Stock und Fedor sagt mir: Willst
588 1819 2439 1996 du nichtlieber draussen ablegen, lieber Freundt
596 1960 2462 2124 Löblein: Herrgott noch einmal. sehn wir weiter
591 2098 1853 2241 Herr Gregor ...Das ist schön...
604 2176 2530 2360 Gregori(wieder in seiner Kolle) ..Das ist schön.
596 2350 2431 2506 dass du dich wieder einmal blicken iässt. (da
601 2465 2655 2610 Logelmann indess wieder in der Füre steht und nicht
601 2602 2493 2764 reagiort, schreit cregor beinahe) das ist schön.
599 2787 2254 2923 dass du dich wieder einmal blicken lässt.
604 2876 2605 3084 Dögelmann: (tritt ein, in der follel Ja, mein Lieber,
622 3003 2405 3232 menn man fräutigen ist - Ih, welch ein Verkunt
