2856 3432
2382 338 2533 491 190
661 510 2492 678 Baron: Ihre sogenannte Heldin, dunkstak so viel
621 645 1332 800 ich bemerkt habe.
654 781 1965 944 Karl Bern: Sie denkt nicht daran.
649 920 1900 1064 Baron: Sie sinkt doch zusammen?
645 1030 1996 1198 Karl Bern: In Ohnmacht, Herr Baron.
652 1165 2494 1351 Baren: Das soll eine Ohrmacht seint Noher soll
633 1294 2557 1471 das Publikum das wissen? Ich weise es, Sie wiesen
640 1421 2506 1591 ps. Das Publikum sieht ja nicht, wie sie aus ih-
630 1565 1483 1697 rer Ohnmacht erwacht.
628 1692 2020 1836 Karl Bern: Sie spricht doch noch.
637 1814 1272 1936 Baron: Sterbend.
628 1939 2473 2109 Karl Bern: Woran soll sie denn gestorben sein?
628 2068 2401 2221 Baron: Das weiss ja eben kein Mensch. Drum
618 2205 2178 2351 sagt ich ja - unmotivierter Selbetmord.
625 2298 2487 2509 Karl Bern: Monit soll sie sich denn ungebracht
616 2463 913 2614 heben?
630 2571 2425 2744 daron: Des ist's sé eben, dass das kein Mensch
649 2725 911 2876 weise.
611 2823 2336 3012 Irepizient: Platzl Plätzl bitte, Herr Baron.
606 2979 1579 3103 Baron: Was ist denn los?
621 3079 2288 3187 Inspizient: Aiigemeiner Apgang zum Buffet,
625 3137 1922 3288 lhücknartige Füre wird geöffnet).
