2808 3416
1075 300 1927 450 so wunderber gefesst.
589 315 1054 439 Du warst je
586 397 2524 568 prenzi: Und meinst du denn wirklich, dess ich mir
591 526 2416 718 des vorstellen kann? Bildest du dir das einf.
594 657 2326 857 Aess ich dich jemals wieder vergeben werde?
589 799 2413 965 Hein, Richard, du gehörst mir und ich lese dich
591 915 2563 1107 keiner endern. Du biet mir verfellen geredeso wie
589 1046 2610 1257 ich dir und ein leben ohne dich, (ihre Blicke tref-
605 1238 2508 1330 fen sich, sein soyderbares Lächeln befremdet sie,
589 1351 1178 1506 sie leit. innel
591 1462 2547 1640 olerd: let votste er sie zun veiter sden erpert1
586 1572 2531 1769 gen) Nun-jetzt fehlt nur noch der Schnur, das- zu
594 1717 2342 1906 sich an meinem Hochzeitstag umbringen wirst.
594 1845 2513 2019 Franzi: (iöst sich von ihm, Pause, denn mild) Wein,
584 2006 2526 2161 Kichard, auf den Schwur wartest du vergebens. Ich
586 2114 2518 2276 werde mich bestimnt nicht umbringen, wenn du mich
591 2240 2513 2418 verlässt. Dis schwör ich dir. Ich werde es nicht
591 2379 2708 2566 tun, selbst wenn ich die grösste Lust dazu heben sonn
594 2516 2526 2681 Ich werde ganz bestimnt weiterleben. Du breuchst
578 2642 2521 2834 nicht die geringete Angst zu heben, auch nicht en
586 2776 2558 2947 deinem Hochzeitstag. Ich will nicht, dass auf dein
570 2892 2555 3078 leben ein Schitten fille, was inner geschiebt. Und
