<?xml version="1.0" encoding="UTF-8" standalone="yes"?>
<PcGts xmlns="http://schema.primaresearch.org/PAGE/gts/pagecontent/2013-07-15" xmlns:xsi="http://www.w3.org/2001/XMLSchema-instance" xsi:schemaLocation="http://schema.primaresearch.org/PAGE/gts/pagecontent/2013-07-15 http://schema.primaresearch.org/PAGE/gts/pagecontent/2013-07-15/pagecontent.xsd">
    <Metadata>
        <Creator>prov=READ-COOP:name=PyLaia@TranskribusPlatform:version=2.7.0:model_id=50870:lm=none:date=22_01_2024_17:00</Creator>
        <Created>2023-09-27T14:32:44.187+02:00</Created>
        <LastChange>2024-01-22T17:00:04.352+01:00</LastChange>
        <TranskribusMetadata docId="1589029" pageId="60123039" pageNr="230" tsid="145626879" status="IN_PROGRESS" userId="40391" imgUrl="https://files.transkribus.eu/Get?id=PPXTBUAUGEICJEWCQGMKCNFG&amp;fileType=view" xmlUrl="https://files.transkribus.eu/Get?id=DYUUAHUHEPZGWEBIPOLWTGBJ" imageId="48548117"/>
    </Metadata>
    <Page imageFilename="1589029_0230.jpg" imageWidth="2856" imageHeight="3416">
        <ReadingOrder>
            <OrderedGroup id="ro_1711795226858" caption="Regions reading order">
                <RegionRefIndexed index="0" regionRef="tr_1"/>
            </OrderedGroup>
        </ReadingOrder>
        <TextRegion orientation="0.0" id="tr_1" custom="readingOrder {index:0;}">
            <Coords points="504,279 504,3101 2663,3101 2663,279"/>
            <TextLine id="tr_1_tl_1" custom="readingOrder {index:0;}">
                <Coords points="2264,353 2280,353 2309,369 2332,355 2340,361 2361,353 2377,363 2414,361 2417,245 2393,247 2380,234 2330,224 2311,229 2296,245 2267,240"/>
                <Baseline points="2278,349 2306,348 2335,346 2363,346 2392,345 2421,343"/>
                <TextEquiv>
                    <Unicode>203</Unicode>
                </TextEquiv>
            </TextLine>
            <TextLine id="tr_1_tl_2" custom="readingOrder {index:1;}">
                <Coords points="2269,500 2285,498 2301,513 2309,508 2338,529 2361,516 2425,529 2477,508 2480,416 2461,419 2440,408 2419,419 2393,416 2369,432 2272,416"/>
                <Baseline points="2284,486 2309,483 2334,483 2359,483 2384,483 2409,483 2434,483 2459,479 2484,474"/>
                <TextEquiv>
                    <Unicode>Stück</Unicode>
                </TextEquiv>
            </TextLine>
            <TextLine id="tr_1_tl_3" custom="readingOrder {index:2;}">
                <Coords points="492,605 611,555 827,579 1416,532 1422,374 1179,463 1024,405 737,495 495,487"/>
                <Baseline points="510,549 555,549 601,549 647,549 692,549 738,549 784,547 829,546 875,548 921,549 967,544 1012,541 1058,538 1104,537 1149,537 1195,534 1241,531 1286,528 1332,528 1378,525 1424,525"/>
                <TextEquiv>
                    <Unicode>ben sind, jetzt wissen d</Unicode>
                </TextEquiv>
            </TextLine>
            <TextLine id="tr_1_tl_4" custom="readingOrder {index:3;}">
                <Coords points="490,719 553,724 574,711 608,719 637,703 655,713 703,700 742,703 763,721 787,706 837,711 837,624 798,613 753,627 677,621 624,648 579,627 490,632"/>
                <Baseline points="504,689 530,689 556,689 582,689 608,688 635,686 661,684 687,683 713,685 740,687 766,689 792,688 818,686 845,689"/>
                <TextEquiv>
                    <Unicode>ausgeht.</Unicode>
                </TextEquiv>
            </TextLine>
            <TextLine id="tr_1_tl_5" custom="readingOrder {index:4;}">
                <Coords points="508,874 863,898 963,856 1019,903 1245,929 1501,861 2222,887 2435,816 2496,837 2504,611 2293,677 1656,653 1429,745 511,769"/>
                <Baseline points="522,821 621,818 720,818 819,814 918,809 1017,806 1116,800 1216,798 1315,797 1414,792 1513,786 1612,779 1711,781 1810,780 1910,778 2009,773 2108,764 2207,758 2306,753 2405,750 2505,749"/>
                <TextEquiv>
                    <Unicode>entsprechende Sonegung auf der Nihne, Mhesterarbet</Unicode>
                </TextEquiv>
            </TextLine>
            <TextLine id="tr_1_tl_6" custom="readingOrder {index:5;}">
                <Coords points="505,971 966,953 966,856 808,903 779,882 655,908 584,879 508,908"/>
                <Baseline points="522,952 547,954 572,952 597,952 622,952 647,952 672,951 697,949 722,948 747,946 772,946 797,946 822,946 847,946 872,946 897,946 922,946 947,947 973,949"/>
                <TextEquiv>
                    <Unicode>ter u.s. w.)</Unicode>
                </TextEquiv>
            </TextLine>
            <TextLine id="tr_1_tl_7" custom="readingOrder {index:6;}">
                <Coords points="516,1121 682,1156 1003,1074 2430,1040 2432,956 2298,927 1811,987 1532,974 1440,921 1264,1006 940,1035 848,990 708,1029 521,1003"/>
                <Baseline points="531,1083 626,1082 721,1079 816,1077 912,1077 1007,1074 1102,1067 1197,1060 1293,1057 1388,1053 1483,1049 1578,1045 1674,1042 1769,1039 1864,1035 1959,1031 2055,1032 2150,1025 2245,1021 2340,1015 2436,1024"/>
                <TextEquiv>
                    <Unicode>Gregor:(zu Dregulein) Was ist denn da geschehen?</Unicode>
                </TextEquiv>
            </TextLine>
            <TextLine id="tr_1_tl_8" custom="readingOrder {index:7;}">
                <Coords points="511,1214 640,1243 1685,1190 1793,1224 2277,1153 2440,1214 2517,1203 2522,1085 2085,1032 1819,1048 1630,1132 1366,1095 1193,1145 882,1116 713,1174 513,1119"/>
                <Baseline points="525,1203 625,1209 725,1209 825,1203 925,1200 1025,1197 1125,1194 1225,1191 1325,1188 1425,1184 1525,1179 1625,1179 1725,1173 1825,1166 1925,1162 2025,1159 2125,1158 2225,1154 2325,1147 2425,1146 2526,1143"/>
                <TextEquiv>
                    <Unicode>Ich. verstehe nichts. Heute nachdem Theater wollte</Unicode>
                </TextEquiv>
            </TextLine>
            <TextLine id="tr_1_tl_9" custom="readingOrder {index:8;}">
                <Coords points="505,1353 534,1353 569,1379 590,1374 619,1350 640,1350 650,1361 658,1353 682,1353 684,1285 627,1298 611,1282 592,1282 582,1274 571,1282 555,1274 529,1290 508,1285"/>
                <Baseline points="519,1346 547,1346 575,1346 604,1346 632,1346 660,1344 689,1340"/>
                <TextEquiv>
                    <Unicode>sie</Unicode>
                </TextEquiv>
            </TextLine>
            <TextLine id="tr_1_tl_10" custom="readingOrder {index:9;}">
                <Coords points="534,1524 850,1543 1143,1458 1719,1474 2396,1414 2525,1443 2527,1358 2448,1322 2203,1340 2082,1298 1895,1332 1577,1306 1169,1414 1085,1361 958,1424 692,1385 624,1416 540,1374"/>
                <Baseline points="552,1469 651,1472 750,1471 849,1469 948,1464 1047,1460 1146,1457 1245,1451 1344,1450 1443,1445 1542,1445 1641,1441 1740,1435 1839,1433 1938,1427 2037,1424 2136,1421 2235,1420 2334,1416 2433,1410 2532,1412"/>
                <TextEquiv>
                    <Unicode>dregulein: Wird wohl doch ein Irrtum von der geme-</Unicode>
                </TextEquiv>
            </TextLine>
            <TextLine id="tr_1_tl_11" custom="readingOrder {index:10;}">
                <Coords points="513,1614 555,1632 674,1603 706,1627 729,1611 750,1622 811,1603 919,1603 921,1535 895,1524 853,1543 784,1535 695,1553 671,1535 619,1553 516,1516"/>
                <Baseline points="528,1609 554,1607 580,1605 607,1603 633,1603 660,1603 686,1601 713,1600 739,1600 766,1600 792,1600 819,1598 845,1596 872,1595 898,1595 925,1597"/>
                <TextEquiv>
                    <Unicode>sen sein?</Unicode>
                </TextEquiv>
            </TextLine>
            <TextLine id="tr_1_tl_12" custom="readingOrder {index:11;}">
                <Coords points="537,1756 1395,1719 1400,1566 1211,1585 1132,1635 1087,1603 540,1624"/>
                <Baseline points="552,1731 594,1731 637,1731 679,1731 722,1729 764,1728 807,1728 849,1726 892,1727 934,1728 977,1724 1020,1719 1062,1718 1105,1716 1147,1715 1190,1713 1232,1713 1275,1713 1317,1710 1360,1708 1403,1705"/>
                <TextEquiv>
                    <Unicode>Dr. Freun: so bitte</Unicode>
                </TextEquiv>
            </TextLine>
            <TextLine id="tr_1_tl_13" custom="readingOrder {index:12;}">
                <Coords points="540,1890 795,1951 979,1893 1216,1927 1343,1872 1640,1901 1732,1859 2301,1874 2369,1840 2654,1882 2656,1740 2490,1716 2372,1761 1924,1727 1753,1790 1340,1748 1253,1780 1100,1748 879,1814 545,1780"/>
                <Baseline points="558,1860 663,1860 768,1858 873,1854 979,1853 1084,1849 1189,1848 1294,1844 1400,1839 1505,1836 1610,1829 1715,1827 1821,1824 1926,1819 2031,1815 2136,1811 2242,1807 2347,1806 2452,1802 2557,1798 2663,1800"/>
                <TextEquiv>
                    <Unicode>(Es konnen Theaterarbeiter mit einer Bahre. Konntssär</Unicode>
                </TextEquiv>
            </TextLine>
            <TextLine id="tr_1_tl_14" custom="readingOrder {index:13;}">
                <Coords points="529,2035 1503,1977 1506,1877 1316,1877 1224,1927 1174,1893 1014,1916 985,1890 787,1953 669,1903 532,1932"/>
                <Baseline points="546,2000 594,1995 642,1994 690,1992 738,1991 787,1991 835,1991 883,1994 931,1994 979,1988 1028,1984 1076,1982 1124,1981 1172,1978 1220,1976 1269,1974 1317,1973 1365,1973 1413,1973 1461,1973 1510,1982"/>
                <TextEquiv>
                    <Unicode>konnt zu gleicher Zeit)</Unicode>
                </TextEquiv>
            </TextLine>
            <TextLine id="tr_1_tl_15" custom="readingOrder {index:14;}">
                <Coords points="548,2174 1219,2117 1356,2159 1443,2111 1708,2098 1898,2161 1993,2148 1998,2022 1300,2016 929,2085 550,2056"/>
                <Baseline points="561,2129 636,2129 712,2128 788,2126 863,2123 939,2123 1015,2117 1091,2115 1166,2113 1242,2108 1318,2110 1394,2104 1469,2105 1545,2099 1621,2094 1697,2092 1772,2090 1848,2088 1924,2087 2000,2087"/>
                <TextEquiv>
                    <Unicode>Dr. Fraun: Gutehlbend, Herr Komuiscar.</Unicode>
                </TextEquiv>
            </TextLine>
            <TextLine id="tr_1_tl_16" custom="readingOrder {index:15;}">
                <Coords points="540,2317 992,2290 1135,2246 1261,2288 1358,2272 1408,2246 1411,2167 1311,2145 1240,2185 908,2209 763,2156 632,2206 545,2172"/>
                <Baseline points="558,2266 600,2260 643,2260 686,2258 728,2257 771,2257 814,2257 856,2257 899,2254 942,2251 985,2250 1027,2247 1070,2246 1113,2247 1155,2245 1198,2244 1241,2242 1283,2242 1326,2239 1369,2239 1412,2242"/>
                <TextEquiv>
                    <Unicode>Kommiscar: Was gibts?</Unicode>
                </TextEquiv>
            </TextLine>
            <TextLine id="tr_1_tl_17" custom="readingOrder {index:16;}">
                <Coords points="534,2398 963,2390 1006,2422 1140,2422 1203,2382 1256,2401 1258,2317 1040,2298 932,2330 821,2296 732,2324 677,2296 534,2322"/>
                <Baseline points="549,2397 584,2394 620,2396 655,2396 691,2393 726,2391 762,2391 797,2391 833,2390 868,2388 904,2388 940,2388 975,2386 1011,2384 1046,2382 1082,2382 1117,2382 1153,2380 1188,2379 1224,2380 1260,2385"/>
                <TextEquiv>
                    <Unicode>Dr. Braun: Unfall.</Unicode>
                </TextEquiv>
            </TextLine>
            <TextLine id="tr_1_tl_18" custom="readingOrder {index:17;}">
                <Coords points="545,2582 2619,2517 2622,2390 2514,2332 2340,2401 2227,2367 1787,2419 1611,2343 1316,2388 1229,2446 995,2414 698,2485 550,2469"/>
                <Baseline points="561,2529 664,2526 767,2523 870,2521 974,2517 1077,2511 1180,2509 1284,2502 1387,2498 1490,2499 1594,2496 1697,2487 1800,2485 1903,2479 2007,2475 2110,2472 2213,2472 2317,2466 2420,2462 2523,2459 2627,2457"/>
                <TextEquiv>
                    <Unicode>Dregulein:theit den Brief in der Hand, der ihm früher</Unicode>
                </TextEquiv>
            </TextLine>
            <TextLine id="tr_1_tl_19" custom="readingOrder {index:18;}">
                <Coords points="558,2746 1990,2661 2114,2706 2259,2654 2451,2690 2485,2685 2490,2532 2309,2522 2219,2569 2040,2527 1648,2593 1540,2551 1474,2593 1408,2561 1198,2601 1087,2546 950,2614 811,2577 561,2617"/>
                <Baseline points="576,2672 671,2668 767,2668 863,2663 959,2660 1055,2657 1151,2654 1246,2654 1342,2649 1438,2644 1534,2637 1630,2634 1726,2633 1822,2630 1917,2624 2013,2622 2109,2620 2205,2613 2301,2612 2397,2612 2493,2612"/>
                <TextEquiv>
                    <Unicode>übergeben wurde, zögert oftenbar, ob er ihn öfinen</Unicode>
                </TextEquiv>
            </TextLine>
            <TextLine id="tr_1_tl_20" custom="readingOrder {index:19;}">
                <Coords points="555,2848 621,2854 632,2843 642,2851 669,2843 742,2856 756,2846 795,2864 816,2856 816,2740 748,2725 695,2743 663,2725 555,2748"/>
                <Baseline points="570,2812 595,2809 620,2806 645,2804 670,2803 695,2803 720,2803 745,2803 770,2804 795,2806 821,2812"/>
                <TextEquiv>
                    <Unicode>sol11</Unicode>
                </TextEquiv>
            </TextLine>
            <TextLine id="tr_1_tl_21" custom="readingOrder {index:20;}">
                <Coords points="555,2991 1751,2935 1930,2975 2235,2885 2614,2912 2635,2793 2346,2777 2251,2819 1651,2814 1061,2872 879,2822 666,2885 561,2851"/>
                <Baseline points="573,2932 676,2932 779,2930 882,2929 986,2920 1089,2922 1192,2918 1296,2911 1399,2910 1502,2905 1606,2902 1709,2898 1812,2894 1915,2893 2019,2890 2122,2886 2225,2881 2329,2878 2432,2874 2535,2873 2639,2869"/>
                <TextEquiv>
                    <Unicode>Roreda:(konnt jetzt auf die Bühnel Ist es dem wehrt</Unicode>
                </TextEquiv>
            </TextLine>
            <TextLine id="tr_1_tl_22" custom="readingOrder {index:21;}">
                <Coords points="1730,3109 2114,3043 2190,3075 2606,3064 2648,3054 2651,2933 2569,2919 2435,2975 2390,2938 2201,2941 2067,2980 1732,2938"/>
                <Baseline points="1743,3036 1788,3037 1834,3034 1880,3035 1925,3036 1971,3034 2017,3033 2062,3031 2108,3030 2154,3028 2200,3025 2245,3024 2291,3024 2337,3024 2382,3027 2428,3027 2474,3024 2519,3019 2565,3018 2611,3018 2657,3018"/>
                <TextEquiv>
                    <Unicode>schen. /Eyenkali. Frendes</Unicode>
                </TextEquiv>
            </TextLine>
            <TextLine id="tr_1_tl_23" custom="readingOrder {index:22;}">
                <Coords points="558,3109 892,3151 982,3085 1056,3117 1164,3069 1403,3072 1635,3125 1640,2943 1458,2993 1103,2959 821,3022 663,2977 558,3022"/>
                <Baseline points="573,3069 626,3069 679,3069 732,3067 786,3063 839,3060 892,3062 946,3060 999,3058 1052,3057 1106,3057 1159,3057 1212,3056 1265,3052 1319,3048 1372,3045 1425,3045 1479,3044 1532,3042 1585,3040 1639,3042"/>
                <TextEquiv>
                    <Unicode>Dr. Freun: Kier ist des Re-</Unicode>
                </TextEquiv>
            </TextLine>
            <TextEquiv>
                <Unicode></Unicode>
            </TextEquiv>
        </TextRegion>
    </Page>
</PcGts>
