<?xml version="1.0" encoding="UTF-8" standalone="yes"?>
<PcGts xmlns="http://schema.primaresearch.org/PAGE/gts/pagecontent/2013-07-15" xmlns:xsi="http://www.w3.org/2001/XMLSchema-instance" xsi:schemaLocation="http://schema.primaresearch.org/PAGE/gts/pagecontent/2013-07-15 http://schema.primaresearch.org/PAGE/gts/pagecontent/2013-07-15/pagecontent.xsd">
    <Metadata>
        <Creator>prov=READ-COOP:name=PyLaia@TranskribusPlatform:version=2.7.0:model_id=50870:lm=none:date=22_01_2024_17:00</Creator>
        <Created>2023-09-27T14:32:42.052+02:00</Created>
        <LastChange>2024-01-22T17:00:02.028+01:00</LastChange>
        <TranskribusMetadata docId="1589029" pageId="60122980" pageNr="216" tsid="145626865" status="IN_PROGRESS" userId="40391" imgUrl="https://files.transkribus.eu/Get?id=UIIEWSYJVMAYLUHHSYEWCZKV&amp;fileType=view" xmlUrl="https://files.transkribus.eu/Get?id=FPJGCFZWSXVZWRCBFYOMPAQO" imageId="48548058"/>
    </Metadata>
    <Page imageFilename="1589029_0216.jpg" imageWidth="2920" imageHeight="3560">
        <ReadingOrder>
            <OrderedGroup id="ro_1711795204794" caption="Regions reading order">
                <RegionRefIndexed index="0" regionRef="tr_1"/>
            </OrderedGroup>
        </ReadingOrder>
        <TextRegion orientation="0.0" id="tr_1" custom="readingOrder {index:0;}">
            <Coords points="456,543 456,3032 2454,3032 2454,543"/>
            <TextLine id="tr_1_tl_1" custom="readingOrder {index:0;}">
                <Coords points="464,666 986,636 1048,676 1244,604 2079,621 2079,529 1970,484 1734,544 1612,469 1443,452 1326,529 1138,551 899,482 631,564 464,529"/>
                <Baseline points="477,615 557,614 637,615 718,615 798,615 878,612 959,612 1039,614 1119,615 1200,612 1280,615 1360,612 1441,612 1521,614 1601,609 1682,612 1762,609 1842,608 1923,606 2003,609 2084,618"/>
                <TextEquiv>
                    <Unicode>Dregulein: So seten Sie doch vernünftig.</Unicode>
                </TextEquiv>
            </TextLine>
            <TextLine id="tr_1_tl_2" custom="readingOrder {index:1;}">
                <Coords points="464,817 723,817 844,765 1031,805 1262,775 1378,832 1791,745 1935,810 2295,760 2295,686 2146,643 2009,693 1754,648 1381,648 1292,686 1232,648 904,703 787,656 464,663"/>
                <Baseline points="477,752 568,747 659,749 750,748 842,747 933,748 1024,746 1115,746 1207,747 1298,746 1389,744 1480,744 1572,748 1663,744 1754,743 1845,743 1937,740 2028,740 2119,737 2210,737 2302,737"/>
                <TextEquiv>
                    <Unicode>Inepialent: (kommt zu Franzl) Gleich kommen Sie</Unicode>
                </TextEquiv>
            </TextLine>
            <TextLine id="tr_1_tl_3" custom="readingOrder {index:2;}">
                <Coords points="455,887 581,887 676,931 1301,921 1301,827 1192,810 1001,835 872,792 797,840 666,790 579,837 455,847"/>
                <Baseline points="468,884 510,881 552,881 594,881 636,881 678,881 720,881 762,881 804,881 846,881 888,881 930,881 972,881 1014,881 1056,881 1098,884 1140,881 1182,881 1224,881 1266,881 1308,884"/>
                <TextEquiv>
                    <Unicode>aran, Fraulein Franzi.</Unicode>
                </TextEquiv>
            </TextLine>
            <TextLine id="tr_1_tl_4" custom="readingOrder {index:3;}">
                <Coords points="455,1083 770,1041 1115,1058 1205,1110 1614,1031 2451,1036 2451,944 2397,929 2069,969 1438,897 946,969 849,917 671,969 455,949"/>
                <Baseline points="468,1012 567,1009 666,1012 765,1015 865,1013 964,1014 1063,1015 1163,1013 1262,1016 1361,1012 1461,1010 1560,1009 1659,1009 1758,1010 1858,1011 1957,1009 2056,1009 2156,1009 2255,1007 2354,1009 2454,1003"/>
                <TextEquiv>
                    <Unicode>Franzi: (ausser sich) Ich komm nicht mehr dran. Das</Unicode>
                </TextEquiv>
            </TextLine>
            <TextLine id="tr_1_tl_5" custom="readingOrder {index:4;}">
                <Coords points="450,1175 517,1155 584,1182 631,1170 740,1220 832,1190 892,1217 1008,1192 1058,1207 1053,1075 1028,1070 720,1078 683,1100 633,1066 579,1078 509,1053 450,1095"/>
                <Baseline points="462,1131 491,1133 521,1136 551,1140 581,1142 611,1144 641,1146 671,1146 701,1146 731,1146 761,1146 790,1146 820,1146 850,1146 880,1146 910,1146 940,1146 970,1146 1000,1146 1030,1148 1060,1149"/>
                <TextEquiv>
                    <Unicode>Stuck ist aus.-</Unicode>
                </TextEquiv>
            </TextLine>
            <TextLine id="tr_1_tl_6" custom="readingOrder {index:5;}">
                <Coords points="459,1331 785,1351 1436,1284 1724,1341 1960,1304 1960,1210 1773,1190 1565,1224 1252,1182 1088,1229 459,1197"/>
                <Baseline points="474,1278 548,1280 623,1281 697,1281 772,1281 846,1281 921,1278 995,1278 1070,1277 1144,1275 1219,1275 1294,1275 1368,1275 1443,1278 1517,1275 1592,1278 1666,1273 1741,1275 1815,1275 1890,1280 1965,1287"/>
                <TextEquiv>
                    <Unicode>Dregulein: So komm doch zur Besinnungs</Unicode>
                </TextEquiv>
            </TextLine>
            <TextLine id="tr_1_tl_7" custom="readingOrder {index:6;}">
                <Coords points="455,1446 810,1493 1028,1413 1195,1458 1349,1446 1349,1349 1252,1334 1133,1361 862,1329 638,1364 455,1326"/>
                <Baseline points="468,1409 512,1409 556,1409 601,1409 645,1409 689,1412 734,1415 778,1415 822,1410 867,1409 911,1409 955,1409 1000,1409 1044,1409 1088,1411 1133,1412 1177,1410 1221,1411 1266,1412 1310,1417 1355,1418"/>
                <TextEquiv>
                    <Unicode>Franzi: Ich hab genug.</Unicode>
                </TextEquiv>
            </TextLine>
            <TextLine id="tr_1_tl_8" custom="readingOrder {index:7;}">
                <Coords points="455,1580 1147,1622 2012,1552 2012,1470 1843,1438 1138,1493 455,1468"/>
                <Baseline points="468,1538 545,1543 623,1544 700,1544 778,1544 855,1544 933,1543 1010,1541 1088,1541 1165,1541 1243,1541 1320,1544 1398,1544 1475,1544 1553,1545 1630,1544 1708,1542 1785,1541 1863,1541 1940,1538 2018,1541"/>
                <TextEquiv>
                    <Unicode>Karl Bern:(tritt herzu) Was gibte denn?</Unicode>
                </TextEquiv>
            </TextLine>
            <TextLine id="tr_1_tl_9" custom="readingOrder {index:8;}">
                <Coords points="455,1726 929,1754 1026,1721 1100,1756 1354,1681 1480,1716 1659,1674 1659,1597 1532,1570 604,1632 455,1580"/>
                <Baseline points="468,1660 527,1672 587,1676 647,1675 707,1675 767,1675 827,1675 887,1678 947,1676 1007,1675 1067,1672 1126,1672 1186,1672 1246,1672 1306,1672 1366,1672 1426,1672 1486,1672 1546,1669 1606,1671 1666,1672"/>
                <TextEquiv>
                    <Unicode>tregulein: Nimm dich zusammen!</Unicode>
                </TextEquiv>
            </TextLine>
            <TextLine id="tr_1_tl_10" custom="readingOrder {index:9;}">
                <Coords points="457,1821 536,1811 705,1893 817,1840 1413,1845 1716,1858 1850,1915 2111,1845 2404,1840 2404,1724 2369,1716 2230,1756 1910,1704 1818,1744 1316,1758 1215,1704 1100,1756 991,1721 815,1761 457,1729"/>
                <Baseline points="471,1803 567,1806 664,1803 761,1806 858,1804 955,1806 1051,1805 1148,1806 1245,1803 1342,1803 1439,1805 1535,1803 1632,1803 1729,1803 1826,1800 1923,1802 2019,1801 2116,1803 2213,1803 2310,1800 2407,1800"/>
                <TextEquiv>
                    <Unicode>(Theaterarbeiter öffnet die Türe, Franzi aber rühe</Unicode>
                </TextEquiv>
            </TextLine>
            <TextLine id="tr_1_tl_11" custom="readingOrder {index:10;}">
                <Coords points="455,1967 544,1945 663,1965 753,1942 780,1962 1110,1947 1110,1868 1053,1848 879,1873 817,1838 710,1890 648,1858 554,1880 455,1855"/>
                <Baseline points="468,1944 500,1942 532,1940 565,1938 597,1938 630,1940 662,1940 694,1938 727,1938 759,1938 792,1938 824,1938 856,1938 889,1938 921,1938 954,1938 986,1938 1018,1938 1051,1938 1083,1942 1116,1944"/>
                <TextEquiv>
                    <Unicode>sich noch nicht)</Unicode>
                </TextEquiv>
            </TextLine>
            <TextLine id="tr_1_tl_12" custom="readingOrder {index:11;}">
                <Coords points="457,2126 661,2156 765,2109 825,2151 1021,2156 1152,2074 1374,2139 2168,2071 2337,2109 2337,1940 2153,1925 1590,1992 1468,1940 924,2027 457,1992"/>
                <Baseline points="471,2075 564,2072 658,2071 751,2071 845,2072 939,2072 1032,2069 1126,2067 1220,2069 1313,2069 1407,2069 1501,2070 1594,2072 1688,2071 1782,2069 1875,2072 1969,2072 2063,2075 2156,2070 2250,2069 2344,2072"/>
                <TextEquiv>
                    <Unicode>Inspizient: Um bottesmillen, traulein, so gehen s</Unicode>
                </TextEquiv>
            </TextLine>
            <TextLine id="tr_1_tl_13" custom="readingOrder {index:12;}">
                <Coords points="455,2248 554,2235 604,2260 705,2230 787,2265 979,2270 979,2158 842,2143 800,2158 700,2129 661,2156 589,2129 455,2156"/>
                <Baseline points="468,2201 493,2201 519,2201 545,2201 571,2201 597,2201 623,2201 648,2201 674,2201 700,2201 726,2201 752,2202 778,2204 804,2204 829,2204 855,2204 881,2204 907,2204 933,2205 959,2207 985,2207"/>
                <TextEquiv>
                    <Unicode>doch heraus..</Unicode>
                </TextEquiv>
            </TextLine>
            <TextLine id="tr_1_tl_14" custom="readingOrder {index:13;}">
                <Coords points="445,2389 899,2419 1364,2357 1647,2389 1855,2337 2300,2367 2300,2218 2022,2148 1590,2275 445,2253"/>
                <Baseline points="459,2329 551,2332 643,2332 735,2332 828,2335 920,2335 1012,2335 1105,2335 1197,2335 1289,2338 1382,2335 1474,2335 1566,2335 1658,2335 1751,2335 1843,2335 1935,2335 2028,2338 2120,2338 2212,2341 2305,2338"/>
                <TextEquiv>
                    <Unicode>Dregulein: Sie sind jetzt nicht die Franzt, di</Unicode>
                </TextEquiv>
            </TextLine>
            <TextLine id="tr_1_tl_15" custom="readingOrder {index:14;}">
                <Coords points="452,2494 584,2469 623,2499 931,2501 1023,2538 1118,2494 1344,2481 1344,2389 1237,2377 1021,2422 961,2394 869,2422 753,2384 690,2414 452,2392"/>
                <Baseline points="465,2463 509,2463 553,2463 597,2466 641,2466 686,2469 730,2469 774,2466 818,2466 862,2466 907,2469 951,2464 995,2465 1039,2466 1083,2466 1128,2466 1172,2466 1216,2468 1260,2467 1304,2468 1349,2472"/>
                <TextEquiv>
                    <Unicode>Fanni theren sind Sie.</Unicode>
                </TextEquiv>
            </TextLine>
            <TextLine id="tr_1_tl_16" custom="readingOrder {index:15;}">
                <Coords points="445,2610 797,2685 902,2645 1575,2675 1761,2640 1845,2680 2017,2653 2079,2710 2347,2707 2332,2511 1622,2556 1314,2501 1167,2546 931,2501 715,2548 445,2531"/>
                <Baseline points="459,2601 553,2598 648,2596 743,2598 837,2595 932,2595 1027,2596 1121,2600 1216,2598 1311,2598 1406,2598 1500,2598 1595,2598 1690,2598 1784,2598 1879,2598 1974,2598 2068,2598 2163,2598 2258,2599 2353,2601"/>
                <TextEquiv>
                    <Unicode>Franzl: (erhebt sich plötzlich, tritt auf die Aihr</Unicode>
                </TextEquiv>
            </TextLine>
            <TextLine id="tr_1_tl_17" custom="readingOrder {index:16;}">
                <Coords points="450,2797 1403,2769 1403,2655 1371,2643 1239,2677 897,2643 807,2682 450,2670"/>
                <Baseline points="462,2732 509,2729 556,2726 604,2726 651,2726 698,2726 746,2727 793,2728 840,2726 888,2726 935,2726 982,2726 1030,2726 1077,2726 1124,2728 1172,2729 1219,2729 1266,2732 1314,2729 1361,2732 1409,2738"/>
                <TextEquiv>
                    <Unicode>die Rüre schlieset sich!</Unicode>
                </TextEquiv>
            </TextLine>
            <TextLine id="tr_1_tl_18" custom="readingOrder {index:17;}">
                <Coords points="442,2923 668,2918 782,2861 1090,2936 1500,2896 1587,2926 1853,2861 2389,2928 2389,2697 2131,2757 1545,2740 1359,2802 1128,2774 966,2809 830,2769 733,2812 442,2804"/>
                <Baseline points="456,2861 558,2859 660,2861 762,2859 864,2861 966,2864 1068,2865 1170,2858 1272,2860 1374,2861 1476,2863 1578,2861 1680,2866 1782,2861 1884,2861 1986,2864 2088,2864 2190,2865 2292,2867 2395,2873"/>
                <TextEquiv>
                    <Unicode>dreguletn:lzu frau Menzel/ Wir scheint, wir haben</Unicode>
                </TextEquiv>
            </TextLine>
            <TextLine id="tr_1_tl_19" custom="readingOrder {index:18;}">
                <Coords points="445,3013 738,3013 867,3055 1192,3013 1267,3065 1326,3055 1326,2918 902,2951 445,2926"/>
                <Baseline points="459,2995 502,2995 546,2992 589,2992 633,2992 677,2992 720,2992 764,2992 808,2992 851,2992 895,2994 939,2997 982,2998 1026,2996 1070,2995 1113,2995 1157,2995 1201,2995 1244,2995 1288,2995 1332,3001"/>
                <TextEquiv>
                    <Unicode>was Dummes angestellt.</Unicode>
                </TextEquiv>
            </TextLine>
            <TextEquiv>
                <Unicode></Unicode>
            </TextEquiv>
        </TextRegion>
    </Page>
</PcGts>
