2824 3560
2096 312 2228 423 23
1512 432 2422 569 der ptlegt es nicht nur
1657 578 2353 723 auch manchmal an
1308 698 2443 848 sein. Und dann ist er nicht
619 839 1872 1010 nur ein Gentieman, sondern auch
617 996 1359 1156 Richard: Ein Harr.
638 1102 2108 1297 Sidon: Ein Idealist wollte ich sagen.
626 1204 2485 1414 Richard: Ich glaube, Sie überschätzen mich, Herr
624 1380 1206 1535 Kommerzialrat.
640 1465 2496 1659 (Jetzt treten Grade und Rutte zu den Beinen, un
626 1636 1974 1803 sich von Sidon zu verabschieden).
