2824 3512
657 469 2574 667 Pregulein: lepielt weiter und zählt) 27,28,29,30,
652 640 795 732 31.
645 730 2600 912 Dögelmann: Nieso einunddreiesig? Sobald ich mich
654 895 1910 1019 umdfrehe machen Sie eine Serie.
645 1009 2104 1158 Fregulein: Drehen Sie sich nicht un.
667 1134 2301 1294 John: Vierzehn, einunddrefassig, es stinnt.
652 1277 2262 1447 Degelmann: Ihr steckt unter einer Decke.
664 1421 2574 1571 Gregor: lkomntl, Junger Schauspieler, sehr gut aus-
649 1535 2182 1693 sehend, elegant, Pelz etc.) buten Abend.
642 1686 2588 1832 Egelmann: lhat eben wieder einen Stoss verfehlt.
649 1802 1975 1958 zu Gregor) Sohon aus die Komödier
640 1919 2462 2092 Grogor:Schont Die achtundsiebzigste haben wir
640 2048 2418 2228 heute gehabt. Da hat man doch allmählig eine
649 2189 1892 2357 Viertelstunde heruntergespielt.
654 2321 2501 2462 PPiocolo ist ihm beim Rockausziehen behiflich)
645 2450 2467 2625 Gresor: Wir konnt vor, als wenn ich mein Leben
632 2576 2535 2739 lang nichte anderes gesfelt hätte. Bei der Pre-
632 2703 2430 2909 miöre nar ioh ein Jüngling. Heut bin ich ein
628 2812 898 2953 creis.
637 2973 2325 3148 John: Menn'e das Publikum nur nicht merkt.
635 3104 2503 3313 Tregulein: Na bei den enenen Stück hat'e keine
