2856 3544
2295 304 2421 463 24
554 435 2451 629 Karl:(hrift zu Helene I Igebes Fräutein Neiene,
569 611 2494 778 fast hätte ich vergessen. Ich habe eine Loge für
554 735 747 871 sie.
556 810 2494 999 Helene: Das ist sehr nett von Ihnen. (wie scher-
566 964 2582 1147 zend) Darf ich fragen, was wirkihnen schuldig sind?
559 1115 1751 1271 Karl: Es ist die Autorenloge.
554 1243 1739 1407 Helene: Dar ist zu viel Ehre.
561 1339 2539 1525 Karl: HadxnabxeixhaexhxxEEX Für mich. Und
559 1475 2541 1656 ax überdies habe ich noch die Bitte, dass Sie mir
584 1605 2549 1769 selbst gelegentlich, wenn ich nicht gerade auf der
571 1776 2546 1910 Bühne bin,Gastrecht gewähren. Ich werde mich ge-
574 1880 2519 2066 borgener fühlen.Ja, Ja, lächeln Sie nicht. Und ich
569 2026 2471 2172 habe sogar noch eine Bitte - dass ich Ihnen die
569 2164 1590 2320 Loge selbst bringen darf.
569 2260 2587 2446 Helene: Bewilligt. Morgen nach Tisch zum Beispiel.
576 2401 2519 2582 Sie konnten den schwarzen kaftee bei uns nehmen.
569 2554 1485 2718 Papa wird sich freuen.
574 2677 1120 2821 Karl: Sicher?
566 2788 2471 2979 Helene: Und nebstbei habe ich auch mit Ihnen zu
584 2911 2587 3133 reden. Wegen Richerd. Sie sind ja jetzt so oft mit
579 3082 1112 3266 ihm zusannen.
