2856 3544
2263 381 2418 520 183
627 488 2468 705 Grad sind schöne rote Rosen zu Fraulein Freuzi
618 647 2540 832 in die Garderobe gekommen und die Handschuh hat
622 789 1544 954 sie oben liegen lassen.
618 936 2455 1096 Frau Menzel: Machen Sie sich nicht wichtig, Sie
622 1081 2430 1240 braucht ja gar keine Handschuh in diesem Akt.
610 1195 2505 1365 Mill1: (auf die Bühne lauschend) Wie ihre Stimme
622 1340 2375 1514 klingt,-ganz andere wie sonst. Bitt schön.
645 1449 2497 1586 Frau Wenzel, lassen Sie mich einen Augenblick da
622 1571 2500 1778 her. lechiebt sie fort, blickt durch einen Spalt
615 1728 1661 1902 im Prospekt auf die Bühnel
618 1863 2535 2034 Frau Wenzel: (zu Dregulein) für Ihr Kranene Frau-
615 1980 2450 2171 lein Friesel sind gaga Blunen in die Garderobe
615 2121 1001 2286 gekommen.
618 2231 2458 2453 Dregulein: Und ist ein Brief dabeir Schaun Sie
608 2393 2605 2567 nach, Frau Wenzed, es könnt vielleicht was Wichtiges
613 2525 847 2684 sein.
608 2659 1307 2854 Frau Menzel:(abl.
615 2734 2410 2968 Sohn: lin Frack, in stnas cherglerter Macke aie
610 2923 2468 3053 Agent Moriteki, von rechte gegen links, tritt zu
615 3083 979 3190 xöblein.)
