2872 3592
505 482 2315 711 Brktuerhaft (er reicht ihr ein blas Champegn
749 615 2480 793 (ihr durch den Diener gleichsei ihrem Kon-
512 690 649 834 das
502 778 1643 991 men hat dipschenten Lasren
518 886 2500 1100 Pr. Biderhof: In sichtst an Ende nichts anständig
518 1015 2457 1210 und nichts unsständig, es könnt immer darauf an.
528 1187 1465 1352 woran nen gerade denkt
525 1303 1867 1491 Hadel: Eben auf der Komntbe en.
530 1398 2433 1620 Fr. Eiderhof:strinkt) Ich zum Beispiel denke bei
546 1540 2001 1748 solchen Gelegenheiten an gar nichts.
541 1627 2614 1885 Gradel:(ihr zutrinkend) Auf die Gedanken, Gnädigste.
546 1833 1414 2003 die Sie nicht denkent
556 1936 2578 2142 Fr. Eiderhofi Pfull (gelächter, sie sprechen weiterl
574 2078 2549 2343 Antolnette: list zu Usthilde getreten) Jetzt musst
585 2269 1826 2472 du es mir aber bald nachmachen.
582 2387 2068 2619 Mathilde: Es ellt wohl nicht so sehr.
585 2490 2565 2737 AntoinettsEigentlich hätte ich inner gedacht, dass
587 2637 2606 2869 du die Erate von uns Dreien sein wirst. (Blick auf
595 2778 2529 3018 Helene, die jetzt bei Sidon und Fr.Feith steht)
595 2917 2624 3142 Nun, wenn du heiratest wird es wenigstens für inner
605 3144 837 3278 sein.
610 3144 2150 3414 vethilde: (sicht sie etwas erstaut aul
