2872 3448
2264 270 2428 436 154
645 486 2455 642 Logenschliesser: Dort -(zeigt auf die Stiege,
652 613 2460 761 besinnt sich gleichl -aber,xix der Eintritt
657 734 2019 888 auf die Bühne, ist; nicht gestattet.
645 858 2465 1042 Richard:denkt eine Sekunde nach) könnten Sie
642 1019 2381 1168 mir vielleicht rasch einen Brief bestellen?
640 1148 1622 1282 Zogenschliesser: (zögert)
640 1250 2386 1374 Hichard: (setzt sich auf die Bank,nimmt aus
642 1394 2458 1505 seiner Brieftasche eine Karte,schreibt einige
647 1530 2530 1674 Worte darauf und steckt sig in ein kleines Cou-
645 1652 2577 1793 vert. Dann) An Fräulein Franziska Friesel. Hier.
657 1771 2569 1972 lgibt ihm ein reichliches Frinkgeld.) Es ist sehr
637 1924 977 2056 wichtig.
637 2046 2482 2230 Jogenschliesser: (noch immer ein wenig zögerndl
627 2175 2220 2304 Hichard: Sie dürfen doch auf die Bühne?
645 2279 2530 2470 Zogenschliesser: Ich werd'e meiner Freu geben-
630 2440 1721 2584 unten, sie ist Garderobière.
637 2549 2512 2728 Hichard: Da haben Sie noch etwas für Ihre Frau.
627 2691 2428 2837 Logenschliesser: Ja, is aber nicht-notwendig'.
640 2802 1902 2921 (geht rasch die Stufen hinunter)
637 2976 2626 3145 In Righard: ltritt in die Loge Nr. 3 zurück. Stille.
