2888 3512
2297 206 2454 370 200
611 360 2593 604 Intendent: (zu Karl Bernl Sind die einverstehden.
611 564 1118 693 Herr Doktorz
626 618 2600 854 Karl Bern: Sehr Liebensmürdig, Fräulein. Aber Ihre
643 782 1835 929 Stimme ist doch etwas zu hell.
651 877 2558 1063 Intendant: Ist vielleicht Fräulein Friesel hier?
641 1061 1927 1190 Löblein: (ruft) Fräulein Friesel!
646 1140 2648 1329 Gregor: (ruft in den Zuschauerraum hinein) Friesell
651 1306 2446 1505 Franzis Stimme:(aus dem Zuschauerraum) ditte!
651 1460 2516 1605 Intendant: Fräulein Friesel, wollen Sie sich zu
666 1557 2581 1714 uns heraufbemühen. (zu ihr, während sie schon die
693 1696 2556 1893 reppe heraufkomnt) Sie werden die Freundlich-
668 1816 2489 2007 keit haben und die Rolle der Fannt lesen. Ich
673 1937 2461 2148 möchte gern den Schluss des Aktes hören. (zu
678 2089 2613 2307 Karl Bernl Geben Sie den Fraulein vielleicht Ihr
681 2233 2101 2412 Such. (zu Friesel) Sind Sie im Bildz
688 2345 2620 2563 Franzi: Natürlich, Herr Direktor. Ich kenn sa das
700 2496 1793 2677 Stück. (begrüsst Karl Dernl
693 2608 2623 2824 loblein: Also Pedor allein auf der Bühne. (Tiest
710 2735 2561 2946 aus seinem Buchl Wie können einen die Menschen
720 2926 1003 3085 quälen.
720 3000 2531 3224 Gregorifi.d.7./ Wie können einen die Menschen
