2824 3448
2074 206 2230 358 225.
667 348 2424 533 nich sprechen wollen - an besten bittef Vor-
665 514 1829 694 mittag zwischen zehn und elf.
670 653 2314 826 Richard:Die erlauben, Freu Baronin - (zum
667 775 2086 946 Ofen, wirft den Brief hineinl Adieu.
677 926 1442 1078 Leni:(komnt hereinl
679 1049 2400 1190 Baronin: Ces jeuns hommes, ils ne savent pas
689 1166 2434 1334 où chercher leur benheur.(zu Leni) Jetzt ma-
679 1279 2194 1433 chen 8' aber geschwind das Fenster zu.
682 1404 2244 1591 Leni: Ganz warm, wie im Krühling beinah.
689 1524 1776 1718 Baronin: Da hält ein Magen.
689 1692 1733 1846 Leni: Ein Herr steigt aus.
696 1771 2424 1966 Baronin: Das ist er schon. Gehen Sie in die
684 1918 2213 2088 Küche. Es ust doch alles vorgerichtet?
689 2066 1495 2246 Loni: (nioktund geht!
715 2174 2503 2323 (Draussen Klingel, Baronin ab, Bühne eine Weile
708 2347 2460 2441 leer, dann kax tritt ein Herr im Pelz ein.
701 2460 2539 2568 Baronin ihm nach. Der Herr sieht sieht sich im
706 2585 2510 2777 Zinner undann in den Kitoren, bliok kinter den
701 2729 1042 2878 vorhangt
698 2791 2558 3014 deronin: Ich hoffe. Herr Baron, werden zufrieden
703 2962 2383 3139 sein. (wieder Hingel. Baronin eb. Der Herr
708 3110 2640 3298 stobt an konster geradeso wie Richerd in Z.Sild,
