<?xml version="1.0" encoding="UTF-8" standalone="yes"?>
<PcGts xmlns="http://schema.primaresearch.org/PAGE/gts/pagecontent/2013-07-15" xmlns:xsi="http://www.w3.org/2001/XMLSchema-instance" xsi:schemaLocation="http://schema.primaresearch.org/PAGE/gts/pagecontent/2013-07-15 http://schema.primaresearch.org/PAGE/gts/pagecontent/2013-07-15/pagecontent.xsd">
    <Metadata>
        <Creator>prov=READ-COOP:name=PyLaia@TranskribusPlatform:version=2.7.0:model_id=50870:lm=none:date=22_01_2024_17:00</Creator>
        <Created>2023-09-27T14:32:52.109+02:00</Created>
        <LastChange>2024-01-22T17:00:15.165+01:00</LastChange>
        <TranskribusMetadata docId="1589029" pageId="60123345" pageNr="286" tsid="145626943" status="IN_PROGRESS" userId="40391" imgUrl="https://files.transkribus.eu/Get?id=ZQUEOWSWKAGNKAGNYUFQCVVP&amp;fileType=view" xmlUrl="https://files.transkribus.eu/Get?id=BRVXPPSUNZOXCLTHMASUGGIV" imageId="48548423"/>
    </Metadata>
    <Page imageFilename="1589029_0286.jpg" imageWidth="2856" imageHeight="3512">
        <ReadingOrder>
            <OrderedGroup id="ro_1711795311788" caption="Regions reading order">
                <RegionRefIndexed index="0" regionRef="tr_1"/>
            </OrderedGroup>
        </ReadingOrder>
        <TextRegion orientation="0.0" id="tr_1" custom="readingOrder {index:0;}">
            <Coords points="531,485 531,3065 2532,3065 2532,485"/>
            <TextLine id="tr_1_tl_1" custom="readingOrder {index:0;}">
                <Coords points="580,605 887,636 1310,568 2175,582 2172,492 2064,469 1848,519 1678,467 1357,514 949,492 762,430 578,472"/>
                <Baseline points="594,546 673,551 752,549 831,549 911,550 990,552 1069,552 1149,554 1228,558 1307,558 1387,560 1466,558 1545,559 1624,561 1704,564 1783,565 1862,568 1942,570 2021,570 2100,570 2180,573"/>
                <TextEquiv>
                    <Unicode>John: Du narst in der Redaktion bei itm.</Unicode>
                </TextEquiv>
            </TextLine>
            <TextLine id="tr_1_tl_2" custom="readingOrder {index:1;}">
                <Coords points="575,725 978,762 1258,700 1553,769 1833,703 2180,742 2489,718 2458,614 1855,641 1654,580 1433,636 1295,575 887,636 573,614"/>
                <Baseline points="585,674 680,674 776,675 871,680 967,683 1062,683 1158,683 1253,686 1349,689 1444,689 1540,693 1636,697 1731,695 1827,695 1922,698 2018,701 2113,704 2209,707 2304,706 2400,709 2496,701"/>
                <TextEquiv>
                    <Unicode>Pritzl: Marum denn nicht1 Er komnt übrigene die-</Unicode>
                </TextEquiv>
            </TextLine>
            <TextLine id="tr_1_tl_3" custom="readingOrder {index:2;}">
                <Coords points="565,833 602,823 627,848 664,826 1103,836 1101,772 998,745 978,759 949,732 872,752 826,737 794,754 563,750"/>
                <Baseline points="579,809 605,807 632,806 658,806 685,806 711,806 738,809 764,812 791,814 817,816 844,818 871,816 897,815 924,815 950,814 977,812 1003,813 1030,815 1056,817 1083,819 1110,821"/>
                <TextEquiv>
                    <Unicode>ser Tage her.</Unicode>
                </TextEquiv>
            </TextLine>
            <TextLine id="tr_1_tl_4" custom="readingOrder {index:3;}">
                <Coords points="558,1003 1005,1025 1364,951 1981,995 1978,848 1649,892 1492,848 1106,899 1035,863 555,872"/>
                <Baseline points="570,931 640,936 711,940 782,940 853,940 923,940 994,943 1065,943 1136,948 1206,949 1277,949 1348,949 1419,952 1489,954 1560,955 1631,955 1702,956 1772,958 1843,958 1914,961 1985,964"/>
                <TextEquiv>
                    <Unicode>Dbgelmen: Traut sich das der Kerll</Unicode>
                </TextEquiv>
            </TextLine>
            <TextLine id="tr_1_tl_5" custom="readingOrder {index:4;}">
                <Coords points="575,1130 1563,1116 1777,1170 1858,1123 2020,1160 2357,1135 2354,1017 2150,1000 1976,1044 1858,981 1005,1025 573,988"/>
                <Baseline points="585,1063 673,1069 762,1069 851,1069 940,1072 1029,1075 1118,1078 1206,1078 1295,1081 1384,1084 1473,1086 1562,1087 1651,1087 1740,1088 1828,1090 1917,1090 2006,1090 2095,1093 2184,1098 2273,1098 2362,1098"/>
                <TextEquiv>
                    <Unicode>Grogor:(lasst eben wieder einen Stoss aus, ist</Unicode>
                </TextEquiv>
            </TextLine>
            <TextLine id="tr_1_tl_6" custom="readingOrder {index:5;}">
                <Coords points="563,1246 673,1251 705,1271 762,1251 786,1268 858,1258 855,1108 730,1140 686,1140 661,1121 560,1140"/>
                <Baseline points="576,1200 602,1197 628,1194 654,1196 680,1197 706,1197 732,1197 758,1197 784,1199 810,1201 836,1202 863,1203"/>
                <TextEquiv>
                    <Unicode>mütena</Unicode>
                </TextEquiv>
            </TextLine>
            <TextLine id="tr_1_tl_7" custom="readingOrder {index:6;}">
                <Coords points="597,1386 1423,1376 1516,1413 1875,1354 2335,1416 2438,1384 2435,1229 2197,1298 2032,1246 1850,1305 1477,1256 754,1283 595,1239"/>
                <Baseline points="609,1328 700,1331 792,1334 883,1331 975,1332 1067,1337 1158,1339 1250,1341 1342,1340 1433,1343 1525,1343 1617,1346 1708,1349 1800,1352 1892,1352 1983,1353 2075,1355 2167,1360 2258,1361 2350,1361 2442,1361"/>
                <TextEquiv>
                    <Unicode>Pregulein: Man soll nichts zwingen wollen. Wenn</Unicode>
                </TextEquiv>
            </TextLine>
            <TextLine id="tr_1_tl_8" custom="readingOrder {index:7;}">
                <Coords points="553,1492 973,1489 1180,1546 1357,1536 1452,1482 1497,1514 2362,1521 2359,1403 2187,1440 1733,1384 1514,1416 1418,1376 941,1428 550,1376"/>
                <Baseline points="567,1454 657,1460 747,1460 837,1463 927,1463 1017,1466 1107,1469 1197,1469 1287,1472 1377,1475 1467,1475 1557,1478 1647,1478 1737,1478 1827,1481 1917,1484 2007,1487 2097,1487 2187,1490 2277,1490 2368,1490"/>
                <TextEquiv>
                    <Unicode>man nicht mehr auf der Höhe ist - ich spreche</Unicode>
                </TextEquiv>
            </TextLine>
            <TextLine id="tr_1_tl_9" custom="readingOrder {index:8;}">
                <Coords points="550,1605 961,1656 1177,1610 1266,1654 1381,1615 1465,1659 1710,1622 1895,1664 2015,1632 2492,1661 2514,1568 548,1521"/>
                <Baseline points="564,1591 661,1588 759,1591 857,1593 955,1596 1053,1600 1150,1600 1248,1601 1346,1604 1444,1606 1542,1606 1639,1615 1737,1609 1835,1612 1933,1615 2031,1617 2128,1623 2226,1624 2324,1624 2422,1625 2520,1633"/>
                <TextEquiv>
                    <Unicode>natürlich nur vom Billard - soll man resignieren.</Unicode>
                </TextEquiv>
            </TextLine>
            <TextLine id="tr_1_tl_10" custom="readingOrder {index:9;}">
                <Coords points="548,1740 2399,1762 2396,1676 2140,1706 1966,1661 1435,1698 1305,1647 1234,1681 548,1656"/>
                <Baseline points="561,1729 653,1720 745,1720 837,1723 929,1726 1021,1726 1113,1729 1206,1730 1298,1735 1390,1738 1482,1736 1574,1738 1666,1738 1758,1741 1851,1746 1943,1744 2035,1750 2127,1753 2219,1756 2311,1753 2404,1753"/>
                <TextEquiv>
                    <Unicode>(Richard kommt herein, am Sillard vorbei, grüsst</Unicode>
                </TextEquiv>
            </TextLine>
            <TextLine id="tr_1_tl_11" custom="readingOrder {index:10;}">
                <Coords points="553,1905 2494,1949 2507,1804 1730,1828 1578,1779 1474,1823 1234,1777 550,1772"/>
                <Baseline points="567,1848 664,1851 761,1852 859,1857 956,1857 1053,1863 1151,1866 1248,1863 1345,1866 1443,1866 1540,1868 1637,1872 1735,1872 1832,1875 1929,1875 2027,1878 2124,1880 2221,1881 2319,1884 2416,1884 2514,1884"/>
                <TextEquiv>
                    <Unicode>Gregor und Progulein, die sich weiter nicht stören</Unicode>
                </TextEquiv>
            </TextLine>
            <TextLine id="tr_1_tl_12" custom="readingOrder {index:11;}">
                <Coords points="553,2020 2391,2052 2521,2094 2529,1927 1821,1966 1497,1909 1273,1949 944,1941 890,1902 550,1917"/>
                <Baseline points="567,1982 665,1982 763,1985 861,1987 960,1991 1058,1994 1156,1994 1254,1995 1353,1997 1451,1999 1549,1997 1647,2000 1746,2006 1844,2006 1942,2006 2040,2006 2139,2009 2237,2009 2335,2012 2433,2015 2532,2021"/>
                <TextEquiv>
                    <Unicode>lessen. Er grüsst auch flüchtig nach dem Fisch hi-</Unicode>
                </TextEquiv>
            </TextLine>
            <TextLine id="tr_1_tl_13" custom="readingOrder {index:12;}">
                <Coords points="546,2138 1017,2204 1143,2163 1487,2219 1624,2165 1740,2212 2423,2207 2462,2192 2460,2077 1521,2054 1452,2094 1391,2047 1261,2069 1103,2025 973,2072 543,2052"/>
                <Baseline points="558,2117 653,2114 748,2117 844,2117 939,2119 1035,2122 1130,2126 1225,2126 1321,2126 1416,2126 1512,2130 1607,2132 1702,2134 1798,2132 1893,2137 1989,2138 2084,2141 2179,2142 2275,2144 2370,2144 2466,2147"/>
                <TextEquiv>
                    <Unicode>nüber. Setzt sich dann in eine Ponsternische und</Unicode>
                </TextEquiv>
            </TextLine>
            <TextLine id="tr_1_tl_14" custom="readingOrder {index:13;}">
                <Coords points="548,2293 885,2285 963,2322 1025,2295 1140,2300 1138,2180 1017,2204 831,2168 691,2199 546,2172"/>
                <Baseline points="558,2248 587,2246 616,2245 645,2245 675,2245 704,2245 733,2245 762,2247 792,2247 821,2245 850,2247 879,2248 909,2251 938,2251 967,2251 996,2253 1026,2254 1055,2254 1084,2256 1113,2256 1143,2254"/>
                <TextEquiv>
                    <Unicode>liest Zeitungl.</Unicode>
                </TextEquiv>
            </TextLine>
            <TextLine id="tr_1_tl_15" custom="readingOrder {index:14;}">
                <Coords points="550,2438 799,2443 919,2389 1071,2433 1330,2396 1755,2403 1964,2458 2052,2416 2256,2465 2492,2438 2489,2322 1629,2344 1519,2305 1349,2335 1175,2278 963,2322 548,2293"/>
                <Baseline points="561,2365 657,2371 754,2374 851,2377 948,2382 1045,2383 1142,2383 1239,2383 1336,2384 1433,2389 1530,2392 1626,2393 1723,2392 1820,2395 1917,2396 2014,2401 2111,2404 2208,2406 2305,2407 2402,2409 2499,2410"/>
                <TextEquiv>
                    <Unicode>Sohn: Und jetzt heben wir das Stück doch schtund-</Unicode>
                </TextEquiv>
            </TextLine>
            <TextLine id="tr_1_tl_16" custom="readingOrder {index:15;}">
                <Coords points="538,2556 632,2526 801,2578 1185,2561 1273,2600 1354,2566 1521,2615 2067,2539 2357,2602 2354,2438 2207,2472 1794,2435 1639,2465 1403,2418 1035,2462 536,2433"/>
                <Baseline points="552,2508 642,2502 732,2508 823,2514 913,2517 1003,2514 1094,2514 1184,2517 1274,2517 1365,2520 1455,2523 1545,2523 1636,2527 1726,2527 1816,2532 1907,2533 1997,2535 2087,2535 2178,2536 2268,2538 2359,2541"/>
                <TextEquiv>
                    <Unicode>siebrig kal gehabt. Die Kritik hat gar keinen</Unicode>
                </TextEquiv>
            </TextLine>
            <TextLine id="tr_1_tl_17" custom="readingOrder {index:16;}">
                <Coords points="538,2644 646,2659 735,2703 826,2659 845,2671 870,2671 895,2647 922,2659 919,2580 882,2583 838,2553 804,2578 705,2556 644,2580 587,2536 558,2558 533,2553"/>
                <Baseline points="549,2628 574,2630 599,2631 624,2631 650,2632 675,2635 700,2635 725,2634 751,2635 776,2636 801,2638 826,2639 852,2639 877,2641 902,2644 928,2648"/>
                <TextEquiv>
                    <Unicode>Einrluss.</Unicode>
                </TextEquiv>
            </TextLine>
            <TextLine id="tr_1_tl_18" custom="readingOrder {index:17;}">
                <Coords points="536,2816 1433,2841 1647,2797 1929,2836 1986,2799 2384,2833 2381,2686 2074,2735 1892,2693 1457,2728 1216,2657 949,2718 531,2681"/>
                <Baseline points="546,2756 638,2765 730,2768 822,2771 914,2772 1006,2774 1098,2775 1191,2780 1283,2780 1375,2782 1467,2783 1559,2787 1651,2789 1743,2789 1836,2792 1928,2795 2020,2798 2112,2798 2204,2798 2296,2801 2389,2804"/>
                <TextEquiv>
                    <Unicode>Eogelmanni Hent ner der Baron wieder plötzlich</Unicode>
                </TextEquiv>
            </TextLine>
            <TextLine id="tr_1_tl_19" custom="readingOrder {index:18;}">
                <Coords points="523,2949 1015,2912 1408,2981 1755,2988 1907,2942 2032,2988 2438,2983 2435,2863 1875,2816 1703,2863 1317,2816 521,2833"/>
                <Baseline points="534,2899 629,2902 724,2902 820,2902 915,2907 1011,2908 1106,2907 1201,2908 1297,2911 1392,2911 1488,2918 1583,2923 1678,2923 1774,2927 1869,2926 1965,2929 2060,2929 2155,2933 2251,2938 2346,2937 2442,2941"/>
                <TextEquiv>
                    <Unicode>drin bei der schtundsiebzigsten Vorstellung. Ne-</Unicode>
                </TextEquiv>
            </TextLine>
            <TextLine id="tr_1_tl_20" custom="readingOrder {index:19;}">
                <Coords points="519,3099 543,3101 573,3082 590,3082 602,3092 614,3082 646,3099 700,3074 700,2956 666,2964 614,2956 602,2947 585,2951 563,2942 541,2951 519,2944"/>
                <Baseline points="531,3034 556,3032 581,3031 606,3031 631,3031 656,3031 681,3032 707,3034"/>
                <TextEquiv>
                    <Unicode>ruat</Unicode>
                </TextEquiv>
            </TextLine>
            <TextEquiv>
                <Unicode></Unicode>
            </TextEquiv>
        </TextRegion>
    </Page>
</PcGts>
