<?xml version="1.0" encoding="UTF-8" standalone="yes"?>
<PcGts xmlns="http://schema.primaresearch.org/PAGE/gts/pagecontent/2013-07-15" xmlns:xsi="http://www.w3.org/2001/XMLSchema-instance" xsi:schemaLocation="http://schema.primaresearch.org/PAGE/gts/pagecontent/2013-07-15 http://schema.primaresearch.org/PAGE/gts/pagecontent/2013-07-15/pagecontent.xsd">
    <Metadata>
        <Creator>prov=READ-COOP:name=PyLaia@TranskribusPlatform:version=2.7.0:model_id=50870:lm=none:date=22_01_2024_17:00</Creator>
        <Created>2023-09-27T14:32:47.594+02:00</Created>
        <LastChange>2024-01-22T17:00:09.171+01:00</LastChange>
        <TranskribusMetadata docId="1589029" pageId="60123148" pageNr="255" tsid="145626905" status="IN_PROGRESS" userId="40391" imgUrl="https://files.transkribus.eu/Get?id=ABUALKNMJFSVIGKNXMNFFSLD&amp;fileType=view" xmlUrl="https://files.transkribus.eu/Get?id=MOOPFXKHIEYNGMOANOJDMHJB" imageId="48548226"/>
    </Metadata>
    <Page imageFilename="1589029_0255.jpg" imageWidth="2936" imageHeight="3512">
        <ReadingOrder>
            <OrderedGroup id="ro_1711795265031" caption="Regions reading order">
                <RegionRefIndexed index="0" regionRef="tr_1"/>
            </OrderedGroup>
        </ReadingOrder>
        <TextRegion orientation="0.0" id="tr_1" custom="readingOrder {index:0;}">
            <Coords points="561,496 561,3124 2663,3124 2663,496"/>
            <TextLine id="tr_1_tl_1" custom="readingOrder {index:0;}">
                <Coords points="2315,573 2333,568 2377,589 2395,581 2432,584 2450,563 2468,568 2463,483 2416,485 2395,509 2369,509 2364,503 2356,509 2338,503 2312,506"/>
                <Baseline points="2329,558 2358,560 2387,561 2416,561 2445,563 2475,570"/>
                <TextEquiv>
                    <Unicode>242</Unicode>
                </TextEquiv>
            </TextLine>
            <TextLine id="tr_1_tl_2" custom="readingOrder {index:1;}">
                <Coords points="573,714 812,766 911,698 1087,690 1391,732 1656,695 1728,740 1835,693 2143,745 2289,690 2400,732 2660,721 2660,607 2367,644 2242,584 2086,638 1731,623 1552,566 1482,602 1277,568 924,654 573,615"/>
                <Baseline points="588,689 691,686 795,688 899,689 1003,692 1106,690 1210,689 1314,689 1418,688 1521,692 1625,689 1729,692 1833,690 1936,689 2040,686 2144,689 2248,689 2351,689 2455,688 2559,686 2663,692"/>
                <TextEquiv>
                    <Unicode>ich käme mir noch lächerlicher und noch erbärnlicher</Unicode>
                </TextEquiv>
            </TextLine>
            <TextLine id="tr_1_tl_3" custom="readingOrder {index:2;}">
                <Coords points="579,890 817,903 947,830 1064,828 1274,862 1780,830 1876,898 2011,843 2621,864 2621,737 2509,711 2286,758 2099,721 1985,747 1835,693 1368,789 579,768"/>
                <Baseline points="594,824 695,828 797,829 899,830 1000,830 1102,828 1204,827 1305,830 1407,830 1509,828 1611,830 1712,830 1814,830 1916,833 2017,833 2119,833 2221,833 2322,833 2424,833 2526,833 2628,836"/>
                <TextEquiv>
                    <Unicode>vor als jetzt. Güte, Gnade gar -inxAxExEAx</Unicode>
                </TextEquiv>
            </TextLine>
            <TextLine id="tr_1_tl_4" custom="readingOrder {index:3;}">
                <Coords points="571,1030 984,1046 1253,973 1653,1007 2047,968 2393,1043 2613,1033 2613,926 2541,887 2403,924 2258,872 1993,937 1855,885 1534,929 1209,880 571,895"/>
                <Baseline points="585,964 686,964 788,966 890,965 991,967 1093,967 1195,964 1296,967 1398,967 1500,970 1602,965 1703,961 1805,961 1907,967 2008,969 2110,967 2212,970 2313,968 2415,970 2517,970 2619,967"/>
                <TextEquiv>
                    <Unicode>AxxxxxKxhkxk - geradenwegs von einem noch</Unicode>
                </TextEquiv>
            </TextLine>
            <TextLine id="tr_1_tl_5" custom="readingOrder {index:4;}">
                <Coords points="571,1113 937,1191 1022,1160 1152,1191 1362,1108 1505,1139 1837,1105 2014,1157 2128,1121 2195,1165 2325,1105 2502,1124 2502,1033 2260,1061 2112,991 1583,1059 571,1025"/>
                <Baseline points="585,1104 681,1101 777,1106 873,1106 969,1104 1065,1102 1161,1104 1258,1104 1354,1104 1450,1105 1546,1107 1642,1104 1738,1105 1834,1107 1931,1104 2027,1107 2123,1104 2219,1104 2315,1104 2411,1104 2508,1107"/>
                <TextEquiv>
                    <Unicode>nicht geschlossenen Sarg in die offenen Arme der</Unicode>
                </TextEquiv>
            </TextLine>
            <TextLine id="tr_1_tl_6" custom="readingOrder {index:5;}">
                <Coords points="579,1253 716,1310 1046,1292 1194,1235 1972,1246 2120,1305 2286,1235 2502,1261 2476,1124 2359,1173 2081,1126 1804,1201 579,1173"/>
                <Baseline points="592,1221 687,1230 783,1233 879,1235 975,1236 1071,1236 1166,1234 1262,1233 1358,1233 1454,1236 1550,1236 1645,1239 1741,1241 1837,1240 1933,1236 2029,1236 2124,1239 2220,1236 2316,1237 2412,1237 2508,1239"/>
                <TextEquiv>
                    <Unicode>Zartlichkeit - - es käme ein Augenblick, da würde</Unicode>
                </TextEquiv>
            </TextLine>
            <TextLine id="tr_1_tl_7" custom="readingOrder {index:6;}">
                <Coords points="571,1375 667,1417 1002,1412 1144,1448 1313,1430 1313,1331 1240,1303 924,1326 636,1295 571,1316"/>
                <Baseline points="585,1370 621,1368 658,1367 695,1368 731,1369 768,1367 805,1367 841,1367 878,1369 915,1370 952,1371 988,1373 1025,1373 1062,1371 1098,1370 1135,1370 1172,1370 1208,1367 1245,1369 1282,1370 1319,1370"/>
                <TextEquiv>
                    <Unicode>dir selber graben.</Unicode>
                </TextEquiv>
            </TextLine>
            <TextLine id="tr_1_tl_8" custom="readingOrder {index:7;}">
                <Coords points="561,1534 1020,1575 1201,1505 2400,1528 2400,1438 2294,1399 2115,1435 1806,1362 1580,1370 1368,1456 561,1419"/>
                <Baseline points="576,1490 667,1496 758,1499 850,1499 941,1505 1033,1499 1124,1501 1215,1500 1307,1499 1398,1499 1490,1499 1581,1499 1672,1499 1764,1499 1855,1499 1947,1503 2038,1502 2129,1501 2221,1502 2312,1500 2404,1502"/>
                <TextEquiv>
                    <Unicode>Mathilde: axxatsankxdaxtan Glaubst du</Unicode>
                </TextEquiv>
            </TextLine>
            <TextLine id="tr_1_tl_9" custom="readingOrder {index:8;}">
                <Coords points="571,1700 952,1676 1189,1713 1305,1640 2432,1648 2432,1541 2390,1528 2219,1554 2115,1518 2045,1557 1739,1518 1645,1586 1326,1591 898,1544 682,1588 571,1552"/>
                <Baseline points="585,1633 677,1630 770,1633 863,1631 955,1633 1048,1633 1141,1635 1233,1634 1326,1633 1419,1634 1512,1633 1604,1633 1697,1636 1790,1630 1882,1636 1975,1633 2068,1630 2160,1633 2253,1635 2346,1634 2439,1645"/>
                <TextEquiv>
                    <Unicode>wirklich, dass ich es mir so gedacht habe - ich</Unicode>
                </TextEquiv>
            </TextLine>
            <TextLine id="tr_1_tl_10" custom="readingOrder {index:9;}">
                <Coords points="561,1785 976,1845 1028,1809 1227,1842 1404,1770 2034,1811 2478,1780 2478,1702 2208,1695 2149,1650 1980,1687 1842,1637 1508,1723 561,1702"/>
                <Baseline points="576,1764 671,1764 766,1765 862,1764 957,1765 1053,1764 1148,1767 1243,1764 1339,1764 1434,1764 1530,1764 1625,1765 1720,1767 1816,1767 1911,1767 2007,1764 2102,1767 2197,1765 2293,1770 2388,1767 2484,1764"/>
                <TextEquiv>
                    <Unicode>denke nur, dass du doch nicht dein Leben lang als</Unicode>
                </TextEquiv>
            </TextLine>
            <TextLine id="tr_1_tl_11" custom="readingOrder {index:10;}">
                <Coords points="568,1918 973,1970 1105,1905 2175,1920 2175,1806 1887,1783 1611,1853 568,1827"/>
                <Baseline points="582,1893 661,1896 741,1901 821,1899 901,1899 981,1896 1061,1896 1141,1896 1221,1896 1301,1899 1381,1899 1460,1896 1540,1893 1620,1896 1700,1899 1780,1896 1860,1896 1940,1898 2020,1896 2100,1896 2180,1905"/>
                <TextEquiv>
                    <Unicode>Reuiger, als Verbrecher herumgehen wirst.</Unicode>
                </TextEquiv>
            </TextLine>
            <TextLine id="tr_1_tl_12" custom="readingOrder {index:11;}">
                <Coords points="555,2063 1222,2105 1349,2029 1630,2027 1767,2071 1902,2034 2027,2086 2146,2034 2302,2089 2452,2040 2452,1964 2385,1936 2229,1954 2099,1913 1518,1990 1261,1951 862,1983 555,1923"/>
                <Baseline points="570,2027 664,2027 759,2027 853,2029 948,2029 1042,2027 1137,2026 1231,2025 1326,2027 1420,2027 1515,2027 1609,2024 1704,2025 1798,2028 1893,2029 1987,2024 2082,2028 2176,2024 2271,2027 2365,2027 2460,2027"/>
                <TextEquiv>
                    <Unicode>Es gäbe vielleicht noch etwas, wie es im Märchen</Unicode>
                </TextEquiv>
            </TextLine>
            <TextLine id="tr_1_tl_13" custom="readingOrder {index:12;}">
                <Coords points="550,2177 1030,2229 1150,2167 2006,2201 2553,2162 2538,2089 2045,2092 1972,2055 1874,2107 1150,2110 1028,2073 939,2112 885,2071 550,2107"/>
                <Baseline points="564,2159 663,2159 763,2160 863,2159 963,2159 1062,2162 1162,2162 1262,2164 1362,2159 1461,2162 1561,2159 1661,2160 1761,2163 1860,2159 1960,2156 2060,2159 2160,2159 2259,2159 2359,2159 2459,2160 2559,2159"/>
                <TextEquiv>
                    <Unicode>manchmal zu lesen ist - dich Proben bestehen las-</Unicode>
                </TextEquiv>
            </TextLine>
            <TextLine id="tr_1_tl_14" custom="readingOrder {index:13;}">
                <Coords points="558,2359 753,2374 849,2336 973,2395 1064,2361 1227,2393 1368,2387 1536,2297 2494,2323 2478,2182 2081,2219 1967,2188 1855,2263 558,2229"/>
                <Baseline points="573,2308 669,2302 765,2299 861,2296 958,2299 1054,2296 1150,2299 1247,2296 1343,2297 1439,2298 1536,2296 1632,2296 1728,2297 1824,2296 1921,2299 2017,2296 2113,2296 2210,2298 2306,2296 2402,2301 2499,2305"/>
                <TextEquiv>
                    <Unicode>gen, ob du auch schon eines neuen Glückee würdig</Unicode>
                </TextEquiv>
            </TextLine>
            <TextLine id="tr_1_tl_15" custom="readingOrder {index:14;}">
                <Coords points="558,2468 620,2460 664,2481 706,2481 737,2463 768,2483 851,2486 846,2356 737,2380 675,2351 638,2369 581,2351 555,2364"/>
                <Baseline points="573,2436 598,2433 624,2430 649,2430 675,2430 700,2430 726,2430 751,2430 777,2437 802,2442 828,2440 854,2442"/>
                <TextEquiv>
                    <Unicode>bist.</Unicode>
                </TextEquiv>
            </TextLine>
            <TextLine id="tr_1_tl_16" custom="readingOrder {index:15;}">
                <Coords points="550,2616 1225,2637 1282,2579 1401,2561 2216,2566 2444,2611 2520,2572 2457,2494 2151,2473 1920,2473 1835,2515 1630,2481 1505,2528 1435,2489 991,2509 740,2463 550,2496"/>
                <Baseline points="564,2565 662,2565 760,2566 858,2562 956,2566 1054,2562 1152,2562 1250,2562 1348,2562 1446,2560 1545,2562 1643,2559 1741,2560 1839,2562 1937,2562 2035,2562 2133,2562 2231,2563 2329,2562 2427,2562 2526,2565"/>
                <TextEquiv>
                    <Unicode>Oder nur warten, dass du ein anderer Mensch wirst.</Unicode>
                </TextEquiv>
            </TextLine>
            <TextLine id="tr_1_tl_17" custom="readingOrder {index:16;}">
                <Coords points="553,2735 919,2694 1259,2764 1451,2699 1720,2696 1835,2738 1835,2644 1708,2631 553,2642"/>
                <Baseline points="567,2696 630,2698 694,2696 758,2695 822,2695 885,2693 949,2696 1013,2693 1077,2697 1140,2701 1204,2699 1268,2697 1332,2699 1395,2696 1459,2696 1523,2694 1587,2694 1650,2696 1714,2696 1778,2696 1842,2702"/>
                <TextEquiv>
                    <Unicode>Was doch völlig vergeblich wäre.</Unicode>
                </TextEquiv>
            </TextLine>
            <TextLine id="tr_1_tl_18" custom="readingOrder {index:17;}">
                <Coords points="550,2857 631,2867 659,2842 677,2857 755,2831 965,2860 1163,2826 1163,2756 1095,2735 976,2769 766,2748 688,2774 550,2735"/>
                <Baseline points="564,2828 594,2824 624,2823 654,2825 685,2825 715,2824 745,2822 776,2824 806,2824 836,2822 867,2824 897,2824 927,2822 957,2822 988,2823 1018,2825 1048,2823 1079,2824 1109,2825 1139,2825 1170,2828"/>
                <TextEquiv>
                    <Unicode>Eine Probezeit.</Unicode>
                </TextEquiv>
            </TextLine>
            <TextLine id="tr_1_tl_19" custom="readingOrder {index:18;}">
                <Coords points="553,3026 703,2971 1061,3008 1144,2958 1310,2997 1752,2951 2245,2979 2245,2875 2177,2857 1881,2909 1586,2867 1041,2912 553,2854"/>
                <Baseline points="567,2956 651,2956 735,2956 819,2958 903,2956 988,2956 1072,2955 1156,2956 1240,2953 1324,2953 1409,2955 1493,2953 1577,2950 1661,2953 1745,2950 1830,2955 1914,2953 1998,2953 2082,2953 2166,2953 2251,2959"/>
                <TextEquiv>
                    <Unicode>Wer weiss, ob du sie bestündest - oder ich.</Unicode>
                </TextEquiv>
            </TextLine>
            <TextLine id="tr_1_tl_20" custom="readingOrder {index:19;}">
                <Coords points="548,3127 1588,3093 2598,3124 2577,3028 2193,3036 2071,2987 1983,3031 1780,2989 1599,3039 976,2997 830,3044 734,3008 548,3034"/>
                <Baseline points="561,3093 663,3093 765,3091 867,3090 969,3093 1071,3091 1173,3093 1276,3090 1378,3090 1480,3090 1582,3087 1684,3087 1786,3089 1888,3089 1991,3090 2093,3087 2195,3088 2297,3089 2399,3090 2501,3090 2604,3093"/>
                <TextEquiv>
                    <Unicode>Es könnte dir in Laufe des nächsten Jahree wieder</Unicode>
                </TextEquiv>
            </TextLine>
            <TextEquiv>
                <Unicode></Unicode>
            </TextEquiv>
        </TextRegion>
    </Page>
</PcGts>
