2904 3592
2231 392 2659 573 o 882
533 528 1093 690 Löblein: Fangr
1415 528 1797 701 nalich an!
2058 625 2317 724 hinaus
520 651 1828 839 Gresor: (der vorher Lögelmann zur
1862 677 2568 805 Türe kiggeschoben
531 800 2550 965 hat, beginnt seine Rolle zu sprechen) Das ist wirk-
539 931 2618 1083 lich schön, dass du dich wieder einmal blicken lässt.
526 1059 2584 1247 Dögelmann: (triti jetzt auf) Wo ist denn der Diener?
533 1187 1674 1344 Löblein: Was für ein Diener?
528 1305 2463 1501 Dögedmann: Der mir die Tür öftnet, mir Winterrock
528 1457 1192 1613 und Rut abnimmt.
526 1561 2016 1747 Löplein: Sie haben draussen abgelegt.
523 1705 2584 1870 Oögelmann: Perdon, es mar so arrengiert,dass das Pu-
518 1838 2618 2008 blikum sieht, wie ich dem Diener den Winterrock über-
531 1987 1237 2108 gebene, Rut, Stock.
533 2061 847 2142 Megelen
528 2116 2568 2312 Grhuftg: (der den Diener spielt, erscheint plötzlich
518 2236 1551 2361 an der Rüre,grüegt privat.
1156 2330 1423 2414 eegnten
520 2348 2450 2547 Gregor: El, Herr Graling als xuxker Diener - ist
513 2495 2453 2639 doch nicht möglich? Hab ich denn drei Diener in
1310 2589 1611 2683 Desulein
510 2602 2589 2814 diesen Stückt Herr Gräfting kann doch nur den drit-
507 2733 1294 2910 ten Siener spielen.
667 2850 850 2963 selein
497 2892 2523 3057 Grädrtig. In einen Haus, wo Sie der Herr sind, spiel
497 3023 1864 3203 ich auch den zwölften, Herr Greger.
484 3159 2513 3345 Leblein: Wir brauchen den Siener absolut nicht. Es
