2872 3480
2289 209 2521 348 34 a
548 386 2019 586 nicht, wie sich jetzt die beiden Frau
2173 487 2304 671 en2
553 548 1873 724 Mutter mit ihrer winzigen Peisior
548 626 2438 853 mit ihrer lächerlichen Gage -freilich, das M-
560 782 2312 982 del ist eine Künstierin in dieser Beziehung
568 898 2491 1141 vielleicht noch mehr in dieser Beziehung wie als
573 1090 1199 1252 Schauspielerin.
570 1093 2544 1378 Rieherd: Nicht nett von Uür so über sie zu reden.
575 1282 2516 1519 ludnig: Es war ein Scherz natürlich. Ich bin ganz
575 1408 2476 1635 überzeugt von ihrem Talent. Schade, dass sich
588 1598 1562 1759 Hanburg zerschlagen hat.
586 1691 2491 1908 eherd: Wird vielleicht für die nächste Seigen
575 1799 2514 2022 was anderes und besseres kommen.(lebhafter) Aber
588 1933 2612 2145 ich versteh imner weniger - ich begyeife überhaupt
606 2100 1782 2256 nicht, wiego plötzlich heute
601 2211 2067 2413 Ludwigi Hehte war mein Ngchzeitstag.
613 2292 2589 2546 Richardi Aber du bigt doch -kachden Ihr vollkon-
616 2446 2456 2658 men im Guten geschleden seid - zu lächerlich!
618 2582 2393 2776 Da hätte gle doch nicht btsckenter gewartet.
613 2723 2430 2943 Ludnigf die Frauen sind manchmal sehr bizarr.
618 2857 2559 3071 naltes nicht für Eitelkeit. In Liebessachen ist
646 2998 2405 3182 altes mogtich. Ste konnte seither etwtatben
