3064 3528
2255 522 2426 651 nten.
834 512 2190 648 Entspreche tufe und Geräusche.Pass
824 683 2492 790 die das Theater verlassen, entsprechende Be
2562 681 2718 799 egun
812 901 2656 1062 Eine Autographensammlefin: (neben der Bühnentür
822 1072 2223 1230 Heut muss ich einen Gregor kriegen.
824 1208 2074 1364 Die Zweite: Hab ich schon lang.
827 1327 2277 1483 Erete: Bist du bei ihm oben gewesen?
827 1443 2378 1594 Ein junger Mensch: Wo bleiben sie denn?
819 1591 2737 1752 Ein »weiter: Esp ist doch grade erst aus worden.
812 1737 2656 1891 xxxex Sie müssen sich doch abschminken.
812 1849 2121 2032 Ein Theaterarbeiter: (zum Portiert
812 1953 2559 2151 Portier: (macht ein interessiertes Gesicht
809 2116 2802 2299 Theaterarbeiter: Der Vorhang hat sogar früher fal-
794 2257 1270 2401 len müssen.
812 2393 2572 2572 Ein junges Mädchen: Die Neue hat mir aber ga-
792 2544 1416 2663 nicht gefallen.
802 2651 2586 2834 Die Zweite: Ist denn das nicht die Roreda ger
804 2797 2624 2980 Ein junger Bursch:lmischt sich ine Gespräch) R
790 2920 1807 3109 man die vermechseln kenn.
861 3064 2225 3289 neiner anderen brappe jänger burse
