2808 3528
2272 266 2403 448 68
610 514 1315 688 gott noch einmall
613 654 2469 831 Dregulein: (epieländleib's auf! Man soll nichts
623 797 2391 962 forcieren. Du hast deine Höhe überschritten.
615 935 2422 1102 Richard: (ist eingetreten, grüsst zu den Schau-
618 1056 2498 1231 spieder hinüber, ninnt aber an einer Pensternt-
615 1216 1078 1361 sche Pietzl
625 1303 2422 1475 Dogelmann: (zu Dregulein) Still,vierter Lakal,
613 1454 2316 1618 dritter Verschworezer, achter Landsknecht!
613 1575 2345 1749 Pregulein: Du hättest auch die Kolle in dem
618 1708 2471 1890 neuen Stück zurückgeben sollen. Mer glaubt dir
608 1863 1953 1972 heute noch einen Frauenverführer.
625 1957 2403 2137 John: Wenn'e darauf anküm, dass man uns alles
610 2100 2553 2284 glaubt, dann müsste man bald alle Theater zusper-
620 2238 797 2386 ren.
620 2333 2432 2534 kerl Bern:ltritt ein, begrüest zuerst Richerd.
615 2510 2510 2679 der nah am Eingang sitzt, bleibt dort eine Weile
615 2641 1909 2793 stehen, grüsst an den Andern bifl
615 2774 2355 2931 Dogelmann: buten Abend, HexxxPaktex Meister.
618 2888 2432 3064 Karl Dern: Din keiner. (rasch zu Richard) Ich
623 3026 1834 3203 brenne auf eine Partie Schach.
