<?xml version="1.0" encoding="UTF-8" standalone="yes"?>
<PcGts xmlns="http://schema.primaresearch.org/PAGE/gts/pagecontent/2013-07-15" xmlns:xsi="http://www.w3.org/2001/XMLSchema-instance" xsi:schemaLocation="http://schema.primaresearch.org/PAGE/gts/pagecontent/2013-07-15 http://schema.primaresearch.org/PAGE/gts/pagecontent/2013-07-15/pagecontent.xsd">
    <Metadata>
        <Creator>prov=READ-COOP:name=PyLaia@TranskribusPlatform:version=2.7.0:model_id=50870:lm=none:date=22_01_2024_17:00</Creator>
        <Created>2023-09-27T14:32:56.147+02:00</Created>
        <LastChange>2024-01-22T17:00:20.100+01:00</LastChange>
        <TranskribusMetadata docId="1589029" pageId="60123493" pageNr="311" tsid="145626977" status="IN_PROGRESS" userId="40391" imgUrl="https://files.transkribus.eu/Get?id=VJLWTEQXMUYQCMSJFXGADGTV&amp;fileType=view" xmlUrl="https://files.transkribus.eu/Get?id=MGUEETJNLIVNSRVTEHPNEZWD" imageId="48548571"/>
    </Metadata>
    <Page imageFilename="1589029_0311.jpg" imageWidth="2808" imageHeight="3480">
        <ReadingOrder>
            <OrderedGroup id="ro_1711795350789" caption="Regions reading order">
                <RegionRefIndexed index="0" regionRef="tr_1"/>
            </OrderedGroup>
        </ReadingOrder>
        <TextRegion orientation="0.0" id="tr_1" custom="readingOrder {index:0;}">
            <Coords points="531,448 531,3152 2578,3152 2578,448"/>
            <TextLine id="tr_1_tl_1" custom="readingOrder {index:0;}">
                <Coords points="616,524 725,517 791,545 813,524 899,540 953,522 983,545 1166,535 1163,390 970,413 836,390 775,413 611,365"/>
                <Baseline points="629,510 656,510 683,510 710,510 737,511 764,513 791,513 819,514 846,516 873,516 900,516 927,516 954,517 981,519 1009,519 1036,519 1063,519 1090,521 1117,524 1144,525 1172,525"/>
                <TextEquiv>
                    <Unicode>auch ein ziel.</Unicode>
                </TextEquiv>
            </TextLine>
            <TextLine id="tr_1_tl_2" custom="readingOrder {index:1;}">
                <Coords points="603,646 1302,666 1432,735 1936,750 2166,715 2164,603 1966,618 1804,552 1660,608 1361,560 1062,613 598,535"/>
                <Baseline points="614,635 691,638 769,642 847,644 925,644 1003,646 1081,650 1159,653 1237,653 1315,656 1393,660 1470,659 1548,659 1626,664 1704,668 1782,668 1860,671 1938,671 2016,672 2094,674 2172,671"/>
                <TextEquiv>
                    <Unicode>Richard: So etwas sagen Sie, gerade die</Unicode>
                </TextEquiv>
            </TextLine>
            <TextLine id="tr_1_tl_3" custom="readingOrder {index:2;}">
                <Coords points="603,788 2255,841 2364,826 2361,725 1837,753 1660,715 1601,750 1320,740 1166,687 1011,735 813,682 600,694"/>
                <Baseline points="617,767 704,770 792,767 879,774 967,777 1055,778 1142,781 1230,783 1317,787 1405,789 1493,790 1580,790 1668,794 1755,796 1843,799 1931,802 2018,802 2106,805 2193,809 2281,811 2369,814"/>
                <TextEquiv>
                    <Unicode>Karl Bern: Ich spreche ja nicht für mieh. Ee</Unicode>
                </TextEquiv>
            </TextLine>
            <TextLine id="tr_1_tl_4" custom="readingOrder {index:3;}">
                <Coords points="593,935 1513,917 1718,975 1829,937 2113,983 2316,940 2506,965 2503,894 2247,854 2169,882 2088,829 1845,879 1756,844 1173,867 590,823"/>
                <Baseline points="608,901 703,901 798,901 893,904 988,907 1083,910 1178,913 1273,916 1368,916 1463,919 1559,920 1654,923 1749,925 1844,930 1939,931 2034,934 2129,934 2224,937 2319,938 2414,940 2510,934"/>
                <TextEquiv>
                    <Unicode>gibt Leute, die sich in Konflikten ganz wohl füh-</Unicode>
                </TextEquiv>
            </TextLine>
            <TextLine id="tr_1_tl_5" custom="readingOrder {index:4;}">
                <Coords points="590,1041 1350,1049 1475,1128 1649,1082 1875,1135 1951,1090 2384,1117 2382,991 2161,950 2108,986 1751,960 1563,996 1267,953 1001,993 917,948 811,981 588,943"/>
                <Baseline points="605,1029 694,1029 783,1029 872,1029 962,1035 1051,1038 1140,1041 1229,1044 1319,1047 1408,1047 1497,1050 1586,1050 1676,1053 1765,1053 1854,1056 1943,1059 2033,1062 2122,1065 2211,1068 2300,1065 2390,1071"/>
                <TextEquiv>
                    <Unicode>len und andere, für dießie. der Ruin sind. Sie</Unicode>
                </TextEquiv>
            </TextLine>
            <TextLine id="tr_1_tl_6" custom="readingOrder {index:5;}">
                <Coords points="585,1181 783,1176 854,1226 1178,1173 1563,1186 1708,1234 1867,1193 2047,1249 2501,1214 2470,1117 2166,1145 2065,1092 1905,1143 1198,1090 948,1128 583,1062"/>
                <Baseline points="599,1158 694,1158 789,1160 885,1161 980,1164 1076,1169 1171,1168 1266,1169 1362,1172 1457,1178 1553,1178 1648,1182 1743,1184 1839,1187 1934,1187 2030,1190 2125,1193 2220,1197 2316,1201 2411,1202 2507,1208"/>
                <TextEquiv>
                    <Unicode>sind ein durch und durch bürgerlicheMensch,Herr</Unicode>
                </TextEquiv>
            </TextLine>
            <TextLine id="tr_1_tl_7" custom="readingOrder {index:6;}">
                <Coords points="593,1358 1160,1310 1406,1376 1523,1345 1885,1388 2090,1348 2435,1394 2521,1368 2516,1239 1791,1214 1594,1252 1176,1214 1036,1259 968,1216 821,1244 585,1181"/>
                <Baseline points="605,1274 701,1283 797,1289 893,1292 989,1298 1085,1300 1181,1304 1277,1307 1373,1310 1469,1313 1566,1316 1662,1316 1758,1317 1854,1319 1950,1325 2046,1328 2142,1329 2238,1334 2334,1336 2430,1339 2527,1343"/>
                <TextEquiv>
                    <Unicode>Doktor. Das ist kein Vornarf. No etner hifgehört.</Unicode>
                </TextEquiv>
            </TextLine>
            <TextLine id="tr_1_tl_8" custom="readingOrder {index:7;}">
                <Coords points="585,1429 821,1485 1310,1495 1434,1444 1551,1490 1910,1447 2121,1500 2425,1487 2422,1376 2230,1358 1885,1391 1743,1356 1594,1396 1095,1340 1008,1373 583,1353"/>
                <Baseline points="599,1411 690,1414 782,1417 873,1420 965,1426 1057,1426 1148,1429 1240,1429 1332,1431 1423,1433 1515,1436 1607,1441 1698,1444 1790,1444 1882,1444 1973,1447 2065,1448 2157,1450 2248,1453 2340,1459 2432,1459"/>
                <TextEquiv>
                    <Unicode>da macht er sich imner ganz gut. Sie sind Herr</Unicode>
                </TextEquiv>
            </TextLine>
            <TextLine id="tr_1_tl_9" custom="readingOrder {index:8;}">
                <Coords points="580,1604 816,1558 910,1614 1039,1563 1196,1604 1513,1563 2045,1632 2263,1599 2544,1634 2539,1515 2443,1500 2108,1543 1832,1462 1619,1503 1497,1470 730,1497 578,1459"/>
                <Baseline points="593,1546 690,1546 788,1548 885,1550 983,1551 1081,1557 1178,1557 1276,1559 1373,1561 1471,1563 1569,1565 1666,1566 1764,1569 1861,1572 1959,1577 2057,1580 2154,1581 2252,1581 2349,1587 2447,1587 2545,1590"/>
                <TextEquiv>
                    <Unicode>xer Dostorn medieines Richard Fricke, ordinteren</Unicode>
                </TextEquiv>
            </TextLine>
            <TextLine id="tr_1_tl_10" custom="readingOrder {index:9;}">
                <Coords points="575,1695 859,1751 1024,1690 1196,1728 1685,1708 1771,1746 1827,1713 2192,1756 2405,1723 2402,1604 1690,1655 1510,1599 1254,1637 573,1601"/>
                <Baseline points="590,1674 680,1677 771,1677 862,1680 953,1683 1044,1683 1135,1686 1226,1692 1317,1692 1408,1694 1499,1695 1589,1696 1680,1698 1771,1701 1862,1707 1953,1707 2044,1707 2135,1708 2226,1713 2317,1713 2408,1710"/>
                <TextEquiv>
                    <Unicode>von drei bis vier, mit der Zeit werden auch Pa-</Unicode>
                </TextEquiv>
            </TextLine>
            <TextLine id="tr_1_tl_11" custom="readingOrder {index:10;}">
                <Coords points="565,1883 988,1822 1204,1860 1523,1834 1817,1900 1883,1847 2118,1840 2349,1888 2316,1731 1819,1758 1677,1723 1429,1774 1231,1763 1166,1715 562,1731"/>
                <Baseline points="576,1805 664,1805 753,1808 842,1811 931,1814 1020,1814 1109,1817 1198,1820 1287,1823 1376,1826 1465,1826 1553,1829 1642,1829 1731,1832 1820,1834 1909,1837 1998,1837 2087,1838 2176,1843 2265,1844 2354,1841"/>
                <TextEquiv>
                    <Unicode>tienten komnen, Ihr Neg lst so ziemlich vorge-</Unicode>
                </TextEquiv>
            </TextLine>
            <TextLine id="tr_1_tl_12" custom="readingOrder {index:11;}">
                <Coords points="562,1966 732,1997 1067,1961 1158,2009 1259,1964 1964,1969 2247,2017 2336,2012 2334,1893 2237,1916 2174,1867 1928,1928 1875,1888 1695,1918 1566,1872 1277,1921 1115,1867 560,1888"/>
                <Baseline points="576,1936 664,1936 752,1936 840,1939 928,1936 1016,1945 1104,1942 1193,1948 1281,1948 1369,1953 1457,1954 1545,1954 1633,1959 1721,1960 1810,1960 1898,1963 1986,1965 2074,1966 2162,1971 2250,1973 2339,1972"/>
                <TextEquiv>
                    <Unicode>reichnet, auch Ihr innerer, absolute Gerantlen</Unicode>
                </TextEquiv>
            </TextLine>
            <TextLine id="tr_1_tl_13" custom="readingOrder {index:12;}">
                <Coords points="562,2138 859,2085 950,2133 1186,2085 2486,2136 2460,2004 2179,2055 1639,2004 1523,2050 859,1981 677,2014 560,1971"/>
                <Baseline points="576,2068 671,2065 767,2066 862,2068 958,2071 1054,2074 1149,2077 1245,2080 1341,2083 1436,2084 1532,2087 1628,2091 1723,2092 1819,2094 1915,2095 2010,2098 2106,2099 2202,2101 2297,2105 2393,2109 2489,2116"/>
                <TextEquiv>
                    <Unicode>für die Zukunft gibt es selbstverständlich nicht,</Unicode>
                </TextEquiv>
            </TextLine>
            <TextLine id="tr_1_tl_14" custom="readingOrder {index:13;}">
                <Coords points="583,2209 1122,2265 1315,2222 1776,2222 1860,2273 2164,2242 2339,2260 2389,2306 2541,2291 2539,2128 583,2154"/>
                <Baseline points="596,2190 693,2196 791,2198 888,2201 986,2201 1084,2208 1181,2208 1279,2212 1376,2214 1474,2216 1572,2218 1669,2220 1767,2223 1864,2227 1962,2229 2060,2232 2157,2229 2255,2238 2352,2238 2450,2243 2548,2235"/>
                <TextEquiv>
                    <Unicode>-ader das ist sicher, dass Sie jetzt an einer Men-</Unicode>
                </TextEquiv>
            </TextLine>
            <TextLine id="tr_1_tl_15" custom="readingOrder {index:14;}">
                <Coords points="547,2405 927,2344 1082,2389 1206,2341 1495,2346 1791,2410 1855,2374 2344,2374 2341,2321 2004,2268 1655,2313 1543,2250 1368,2296 1300,2255 927,2288 542,2258"/>
                <Baseline points="558,2321 647,2324 737,2327 826,2330 916,2333 1005,2336 1095,2339 1184,2339 1274,2342 1363,2342 1453,2345 1542,2345 1632,2348 1721,2354 1811,2354 1900,2357 1990,2360 2079,2360 2169,2363 2258,2366 2348,2369"/>
                <TextEquiv>
                    <Unicode>de stehen. Jetzt müssen Sie sich entscheiden.</Unicode>
                </TextEquiv>
            </TextLine>
            <TextLine id="tr_1_tl_16" custom="readingOrder {index:15;}">
                <Coords points="547,2455 925,2511 1361,2488 1604,2549 2214,2508 2321,2557 2475,2531 2473,2458 1860,2372 1784,2420 1535,2427 1036,2356 545,2399"/>
                <Baseline points="558,2450 654,2453 750,2458 846,2460 942,2462 1038,2465 1134,2468 1230,2471 1326,2474 1422,2478 1519,2478 1615,2482 1711,2483 1807,2486 1903,2492 1999,2492 2095,2495 2191,2496 2287,2498 2383,2503 2480,2498"/>
                <TextEquiv>
                    <Unicode>Und - verzelhen Ste, nen weiss nie wie lange ein</Unicode>
                </TextEquiv>
            </TextLine>
            <TextLine id="tr_1_tl_17" custom="readingOrder {index:16;}">
                <Coords points="545,2658 666,2668 773,2605 894,2653 1328,2681 2151,2648 2311,2711 2407,2701 2402,2529 2123,2569 1832,2521 1120,2549 912,2506 783,2549 540,2501"/>
                <Baseline points="555,2569 647,2581 740,2584 832,2591 925,2593 1018,2594 1110,2599 1203,2602 1296,2605 1388,2607 1481,2606 1574,2610 1666,2614 1759,2614 1852,2623 1944,2626 2037,2629 2130,2631 2222,2629 2315,2631 2408,2626"/>
                <TextEquiv>
                    <Unicode>Hedel wartet und weise es unso neniger, se stol-</Unicode>
                </TextEquiv>
            </TextLine>
            <TextLine id="tr_1_tl_18" custom="readingOrder {index:17;}">
                <Coords points="542,2759 611,2729 773,2780 922,2736 1419,2757 1416,2663 1274,2681 993,2638 540,2668"/>
                <Baseline points="555,2715 598,2718 642,2718 685,2718 729,2721 772,2721 816,2724 859,2724 903,2724 946,2726 990,2729 1034,2728 1077,2729 1121,2732 1164,2735 1208,2734 1251,2735 1295,2736 1338,2736 1382,2737 1426,2739"/>
                <TextEquiv>
                    <Unicode>ze und reiner sie Ist.</Unicode>
                </TextEquiv>
            </TextLine>
            <TextLine id="tr_1_tl_19" custom="readingOrder {index:18;}">
                <Coords points="540,2886 1262,2911 1348,2871 1442,2914 1725,2916 1872,2876 2012,2932 2232,2904 2427,2954 2572,2916 2569,2838 2118,2835 1723,2726 1606,2792 1497,2736 1236,2749 1140,2800 535,2754"/>
                <Baseline points="552,2844 653,2845 754,2850 855,2850 957,2856 1058,2860 1159,2864 1261,2865 1362,2868 1463,2869 1565,2871 1666,2871 1767,2877 1868,2878 1970,2882 2071,2886 2172,2890 2274,2895 2375,2897 2476,2900 2578,2903"/>
                <TextEquiv>
                    <Unicode>Richerd: Es gibt also auch solche Madehenszemplare?</Unicode>
                </TextEquiv>
            </TextLine>
            <TextLine id="tr_1_tl_20" custom="readingOrder {index:19;}">
                <Coords points="519,3020 1181,2992 1252,3028 1675,3010 1842,3061 2283,3040 2280,2924 2227,2904 517,2921"/>
                <Baseline points="534,2972 621,2972 709,2975 797,2980 885,2984 972,2984 1060,2987 1148,2990 1236,2994 1323,2996 1411,2998 1499,3001 1587,3004 1674,3006 1762,3007 1850,3012 1938,3014 2025,3015 2113,3020 2201,3023 2289,3023"/>
                <TextEquiv>
                    <Unicode>Karl Bern: Ja. Aber nicht fur jeden. Schach.</Unicode>
                </TextEquiv>
            </TextLine>
            <TextLine id="tr_1_tl_21" custom="readingOrder {index:20;}">
                <Coords points="519,3157 661,3122 859,3162 894,3139 1130,3167 1300,3124 1300,3068 1052,3025 968,3058 872,3028 514,3025"/>
                <Baseline points="531,3097 569,3102 608,3103 647,3105 686,3107 725,3109 763,3110 802,3112 841,3112 880,3112 919,3114 957,3115 996,3116 1035,3118 1074,3118 1113,3121 1151,3121 1190,3121 1229,3119 1268,3118 1307,3118"/>
                <TextEquiv>
                    <Unicode>Richerdi Bn, Sohach</Unicode>
                </TextEquiv>
            </TextLine>
            <TextEquiv>
                <Unicode></Unicode>
            </TextEquiv>
        </TextRegion>
    </Page>
</PcGts>
