2856 3496
2398 265 2542 452 182
1990 465 2569 668 glauben wollen.
648 462 1958 630 Dregulein: Ihr habt es mir nicht
655 630 1904 764 Gregor: Ich hab's imner gewasst
655 742 1533 912 Dregusein: Gratuliere.
655 875 1530 1046 Gregor: Keine brrache.
650 1001 2285 1152 tregulein: Also sögar diekret dieses Mall
655 1135 2448 1298 Gresor: In manchen Momenten könnte ich es mir
658 1268 2562 1429 Ja einhilden. Aber dann spürt wan gleich wieder,
2304 1370 2477 1434 ment
650 1399 2559 1560 dase sie einen eigentlich gar nicht (gemeint hat,
633 1555 2369 1708 sondern diesen Fatzke, den man grad spielt.
650 1676 2416 1825 Dregulein: Seit wann nimmst du das so genau?
1849 1748 2203 1840 d. weren.
658 1785 1924 1956 Gresor: Seit ich - verliebt bin.
658 1929 2497 2124 repiaient:(zu bregorl Sie konnen gleich dren.
628 2069 1130 2191 Herr Gregor.
653 2171 2638 2376 lEine Sohausplelerin, die das Stubenmädchen spielt.
635 2339 2512 2492 komnt mit einem leeren Fablett durch die rück-
640 2485 2158 2621 wartige Türe und geht nach rechte abl.
640 2591 1409 2784 Gregof:lgeht auf di
1746 2608 2448 2784 Sette zu der Büre
633 2740 1417 2851 links, durch die er
1728 2742 2510 2927 auf die Binne hinene
640 2878 1157 3029 treten wiral.
626 2999 1516 3192 wiilt:(konnt von recht
