3064 3544
2452 363 2596 538 223
753 552 1690 700 schehen,Herr Dregulein?
750 669 2005 834 Bregulein: Ah, Sie, Herr Doktor-
760 801 2600 958 Richard: Doktor Fricke. Hat sich das Fraulein
760 927 1606 1102 Friesel schon erholte
758 1066 2598 1250 Dregulein: Ich glaube, das wird nicht so geschw
760 1221 1016 1369 gehen.
758 1314 1749 1499 Richard: Eine Ohnmacht -2
750 1453 2576 1637 Dregulein: (beginnt jetzt den Zusamnenhang zu v
748 1620 1965 1757 stehen) Es ist keine Ohnmacht.
758 1728 2600 1912 Richard: lldsst sich jetzt nicht mehr aufhalten.
748 1881 2192 2034 und stürzt rasch ins Theater hinein)
805 2010 1893 2180 U der Gruppe der Martenden:
750 2137 2302 2297 Ejner: Da muss doch was geschehen sein.
741 2263 2662 2435 Ein anderer: Ich hab'’e ganz deutlich gehört, Ret-
741 2414 1479 2550 tungsgesellschaft.
746 2524 2660 2710 (Einiges Bühnenpersonal durch die Bühnentüre he-
734 2674 966 2849 raus1
731 2758 2610 2940 Dregulein: (ist stehen geblieben und hat Richard
736 2937 1238 3107 nachgesehen?)
727 3071 1659 3205 Ludwig: (mit hochgeschla-
731 3231 1630 3391 Linke, nicht zur Bühnen:
