2904 3512
2284 293 2431 449 121
576 322 2257 605 Mutter: Ein ich sa geröhnt. (ab nach diefe
583 541 2569 734 Franzi: (offnet plötzlich den Brief, liest rasch, vei
568 673 2574 884 steht offenbar nichtf recht, macht grofse Augen, wird
581 810 810 956 starr
562 921 2162 1111 Gregor: (komnt hereinfron Mili gelehtet!
578 1072 2587 1241 Gregor: (sehr elegantstandschuhe, Phaml, etc.) Guten
568 1206 2688 1418 Abend. Komm ich zu frühe guten fbend, Fräulein Exanzt.
552 1333 903 1484 Friesel.
560 1404 2455 1626 Franzl: (wie ermachend) Guten fend, Herr Gregor-
539 1571 2553 1737 Mili: (nach einem leuchtenden flick ab ins Kabinet)
544 1724 2637 1906 Gregor: Sehr hübscheh haben Pie es du, Fräulein Frie-
549 1853 1729 2025 sel. Nicht jedes Mädchen hält)
546 1983 1882 2175 Franzi: (bleibt regungslos stften)
541 2120 2006 2289 Gregor: Darf ich vielleicht fbfegen?
546 2233 2513 2426 Franzl: Selbstverständlich, wittg sehr. Vielleicht
539 2387 834 2532 hieher.
528 2511 2556 2674 Gregor: (hängt seinen Ueberzieher süber einen Seesel
531 2653 2619 2830 nimnt das Chacliez ab, allmälstig aufh die Handscluhel
528 2785 1639 2952 Franzi:(steht imner beinate
1658 2767 2088 2917 hoch cterr.
533 2912 2622 3073 Gregor:lgeht zum Ofen und refbt sich dort die Händel
520 3033 2548 3250 dun, wie steht das werte Befiefdent Etrfer blass, mein
