3064 3512
2469 276 2615 466 235
1535 489 2676 658 zu, er begegnet den Beiden, sie
719 478 1131 658 selbet get
1479 637 2582 773 21 auf dem Weg links, der vom
855 773 1215 852 gan
745 757 1123 852 Bühnenausg
1558 755 2400 931 rottoir herunterführt)
755 896 1208 1006 (Richard und
1264 903 2523 1062 trebutetn vom Bühnenausgang nach
734 1021 1034 1123 rechts)
722 1141 1714 1251 Richard: (gragender Blick)
716 1295 2715 1415 Dregulein; Es war keine Möglichkeit mehr den Brief-
714 1418 2605 1576 an seine Adresse zu befördern. Ich halte es für
704 1558 2763 1735 meine Pflicht, ihn an dem Schreiber wieder zurückzu-
714 1704 1059 1789 stellen.
711 1781 2398 1965 Richard: Sie hat ihn nicht mehr gelesen -?
719 1963 2753 2154 Dregulein: Glauben die, es hätte an ihrem Entschlues
714 2098 1366 2180 etwas geändert?
696 2226 2316 2344 Richard: Nachher sieht alles anders aus.
709 2344 2707 2515 Ludwig: (der früher nach rechts gegangen und bereit
699 2485 2572 2664 schien überhaupt wegzugehen, tritt mit einem ra-
701 2610 2559 2748 schen Entschluss auf Beide zu;zu Richard) Du
709 2751 1896 2843 tust mir sehr leid, Richardk.
691 2886 2651 3083 pregulein: seieht sie beide an und entfernt sich1
693 3012 1796 3196 Richerd: (ruckt die Achselnl
