2824 3400
2227 278 2378 456 167
868 407 1079 532 sein
704 512 2438 715 (Türe Loge IV öffnet sich. Heiene tritt he-
694 669 1961 815 raus, verschwindet gleich wieder)
676 780 2540 961 Horeda: Ei sieh doch, man ist wohl eifersüchtig.
683 921 2484 1081 Geh. nur zu deinem Bräutchen. Ich will ihr den
669 1049 2489 1243 Ebend nicht verderben. Auf Morgenl (nimmt ihn
674 1158 2424 1338 plötzlich beim Kopt und gibt ihm einen Kurs.
694 1315 2384 1484 In diesem Eugenblick öffnet Helene die Türe
657 1442 2380 1614 der Lege, steht starrl Ja, Fräulein, das kommt
660 1535 1755 1734 vor. (in ihre Toge zurückl.
651 1720 2262 1877 Helene:(in die ihre, schliesst die Türel.
644 1822 2461 2000 Karl Bern:(nach kurzen Wögern öfinet die Rüre
653 1970 2509 2151 zu Zoge Ir und schliesst sie gleich wieder hin-
653 2100 1016 2243 ter sicht
644 2197 2479 2408 loritres Zeichen, verspätete Besucher durch den
669 2354 2433 2549 ogengang, Sichard von Links. In diesem Augen-
634 2484 2419 2595 blick, rasch über die Ptiege, Dr. Ludwig Gerold.
634 2611 2470 2780 Sankler Ueberzicher, hinaufgeschlagener Kregen)
632 2734 1130 2875 Eichard: Dur
618 2854 1521 3033 ludnig: Wie du siehet.
