2952 3544
245 163 770 393 20. 19.1818.
2323 356 2475 519 177
656 385 1165 641 dehtes erla.
664 606 2628 791 Die Bühne des Residenztheaters wie ln 4.8lld. Nur
662 754 2515 917 die Meifte ungefähr ist disponlbler Bühnenraun
651 873 2552 1068 dinke, die andere Nelzte rechts ist ein Feil der
656 1010 2620 1176 Dekoration, in der soeben das Stück Karl Berns ge-
654 1149 2518 1326 spielt wird. Der Ausbllck auf diese Dekoration
651 1260 2671 1447 ist fur den zuscheuer durch den heruntergelassenen
635 1395 2752 1598 Prospekt verdeckt. Auf dieser Rückselte lst mit gros-
638 1537 2686 1700 sen schwarzen Buchstaben zu iesen: "Gefallene, drit-
635 1671 2636 1837 ter At B 131", Der Prospekt ist nicht ganz sicht-
625 1798 2584 1977 der, udmer verliert sieh gegen rechte zu in,
609 1917 2555 2117 die Coulisse. In diese Rüchmend ist eine prahti-
625 2054 2671 2249 reble Rüre eingelessen, die also die Uintergrundstu-
614 2175 2623 2359 re der Dekoration der Bernschen Stückes vorstellt.
612 2299 2671 2502 In der linken Seitenwand der Dekoration gielchfalls
614 2444 2541 2597 eine Püre. Sie verbindet also kuhe die Dahne des
604 2576 2436 2742 Residenzthesters mit den Coulissonraun links.
609 2681 2668 2871 der dritto ut des Kerl Ders sohen Stuckes ist oben
606 2826 2681 3005 in Gang. Wenn in Lauz der Handlung die Hintergrunde-
601 2939 2533 3153 ture sich bfunet, sieht nan also die in den Stuck
