3048 3560
2614 472 2751 587 238
757 542 2681 720 Richard, Ja, du sprichst zu einem Andern, als du zu
745 702 2731 910 sprechen glaubst. (nihmt den Brief aus der Tasche!
740 845 2671 975 Diesen Brief habe vor einer,-zwei Stunden an sie
745 1027 2544 1117 geschrieben. Sie hat ihn nicht mehr erhalten.
732 1124 1512 1232 Mathilde: (wehrt ab)
730 1262 1897 1394 Richard: Du sollst ihn lesen.
722 1382 1734 1564 Mathilde: Ich will nicht.
735 1509 2589 1717 Aschard: Da solist ihn hören. (liest)“Ich liebe
722 1669 2539 1812 dich, verzeih mir - ich liebe nur dich allein.:
750 1794 2649 1997 Diesen Drief habe ich ihr geschrieben vor einer
700 1929 1012 2089 Stunde.
700 2079 2699 2234 Mathilde: Du hattest das Recht dazu. Ich hatie dir
705 2191 2631 2391 Ja. dein Wort zurückgegeben. Wir waren nicht ver-
692 2334 1472 2496 lobt, du warst frei.
700 2444 2606 2649 Richerd: Ich war iprer so wenig fert wie deiner.
690 2599 2651 2764 Uethilde: Mer ist jemals des Andern wert oder un-
682 2701 2549 2909 wertz Gehen Rechnungen so einfach auf zwischen
680 2854 1059 3011 Menschen?
682 2971 2671 3176 Richerd: Ich lasse dich ganz aus den Splel und sie
670 3116 2679 3288 auch. Auch menn sie noch lebte, es stünde nicht an-
