2888 3480
199 363 619 507 29. 4. 1919.
2208 356 2354 470 180
609 472 2511 604 (zu den Plenino rechts vor tritt jetzt der Kle-
604 609 2494 781 rierspieler, der Inspizient segt ihm leise etwas.
604 766 2494 915 der Hlarierspieler setzt sich nieder, Inepizient
597 883 1367 1047 wieder nach Linksl.
612 970 2551 1176 (rranzi konnt von rechts als. Fanni, bleibt bei der
607 1134 2519 1295 Türe im Prospekt, der auf die Bühne führt, stehen,
607 1248 2601 1412 der Theaterarbeiter, derndertrunf bietet ihr seinen
602 1392 2504 1551 dessel an, die lehnt ab, lauscht auf die Bühne, er-
604 1541 1499 1696 regt, aber beherracht).
597 1621 2479 1803 Dregulein: (auf den Zehenspitzen zu ihr hinl Fa-
599 1763 2511 1917 belhafte Stimmung. Von Ihnen sind alle entzückt,
612 1890 2506 2083 jetzt wissen Sie, nas das heisst - über Nacht be-
597 2034 1169 2183 rühnt werden.
599 2173 1343 2335 Franzt:(schneigtl.
634 2262 2362 2461 regulein: Was ist denn? Mas haben Sie denn?
599 2409 2479 2576 Gibts was NeuesMNein, nein, ich will jetzt nichts
604 2511 2596 2720 tregen. ext Nach Schluss der Vorstel-
614 2673 1673 2812 lung, wenn die Lust haben.
604 2780 1927 2971 Pranzi:(tonlos) Es ist alles aus.
597 2882 2536 3110 dregulein: Na sa, Gottseidenk, das wissen wir doch
