3128 3464
2479 379 2642 503 164
801 470 2672 656 Roredai Ich gestiere nächete Woche in Berlin-
796 600 2807 816 Maria Stuart, Reodora, Caneliendane. Diese Schniere
796 747 1770 915 sieht mich nicht wieder.
798 887 2265 1070 tregulein: Ich falle aus den Welken.
798 1002 1597 1180 Horeda: Liege weicht
803 1121 2276 1312 (Baron und Lyölein die Stiege herauf)
803 1276 2713 1472 Loblein: Pardon, Herr Intendant, die Stimnung ist
786 1409 964 1571 846.
793 1536 2634 1714 Baron: Sie können mir auch Baron sagen, ich bin
793 1668 2835 1846 von deutechem Adel, der ist vorläufig noch nicht ab-
781 1808 1192 1912 geschaftt.
781 1935 2693 2103 Loblein: Pardon. Die Stimmung ist ausgezeichnet.
783 2080 2693 2237 Baron: Eefst eine Berufskrankheit der Regisseure
768 2197 2804 2347 sich das einzubilden. Ich habe eben Doktor Falk ge-
778 2319 2751 2530 sprochen. Doktor Falk findet, ee fehlt an Entwicke-
773 2451 981 2619 Jung.
773 2591 2809 2784 Loblein: Nen, dem Stückt oder den Aator - oder unge-
770 2726 1335 2845 rem Repertoirz
765 2802 2474 3005 beron: Darüber hat er sich nicht gesuerert.
781 3005 1391 3089 (Neues Zeichen1
