2888 3496
665 386 2555 594 wird ja nicht so arg sein musst du schon mit in
660 528 2543 719 den Kauf nehmen. Und vielleicht bedeutet es so-
660 683 2697 864 gar noch ein Raffinement mehr in der Hochzeitsmacht
653 792 2624 988 zu denken, dass sich indess die einst Geliebte, der
660 919 2530 1102 die treulos Verlassene umgebracht hat - an Ende
648 1054 1862 1224 gar in den Arnen eines Andern?
648 1176 2527 1349 Ludwig: Alles komnt vor, Richard, alles, das weiss
650 1308 2416 1501 ich von mir her, Richard. Du wirst doch nicht
645 1445 2604 1633 zweifeln, dass ich Entoinette liebe, so sehr liebe,
643 1565 2497 1778 wie man eine Frau nur lieben kann. Und doch in
638 1694 2479 1920 diesem Egenblick, -wenn ich an Franzi denke -
632 1938 2512 2131 (sidon hat viel früher von Gradel und Rutte Ab-
627 2111 2664 2238 schied genommen, er kam schon während des Gespräches
630 2233 2530 2426 Licherd-Ludwig wieder in den Salon zurück, ging
627 2365 2624 2558 ins. anstossende Zinner, no Antoinette ihm entgegen-
620 2499 2604 2705 konnt.- Im Blick kicherds sicht Ludnig, dass Antol-
615 2629 1265 2779 nette sich nahtl
605 2723 2464 2924 Antolnetter(tritt hinzal Na habt Ihr fuch noch
615 2888 2459 3089 tüchtig miteinander ausgeplaudert? Jetzt istis
602 3005 1979 3175 ader Schluss mit den Geheinnissen.
