2888 3480
1251 392 2462 613 ana: heben Sie bemerkt, dass zur
1098 500 1249 616 ere.
1203 590 1907 746 Fraulein Friesel
1138 638 2515 869 en sie ruhig: Prauzl. Ohne serafiie
663 822 2520 1045 leritäten geht es nicht ab, in keiner Beziehung.
580 947 2560 1186 sogar wenn gar nichts krotisches aabei ist. Natur-
578 1095 2598 1294 gesetze. Ein Glück. In dieser Atmosphäre leben wir.
590 1339 2472 1515 dregulein:(tritt hinzu, will der Schachpartie kt.
595 1490 2543 1711 bitzenl ist's erlaubt: Mh, Sie halten noch bei der
590 1673 1002 1824 Bröfrnung?
595 1741 2437 1977 Richera: Es ist spät. Ich kann überkaupt nicht
606 1930 1214 2063 meiter spielen.
603 2025 2080 2191 dregulein: Ich übernehme Ihre Partie.
595 2095 2595 2347 Richardifsetzt sich daneben einen Brief schreiben)
613 2284 2163 2432 Karl dern und Dregulein an Schachbrett.
626 2430 2141 2585 Karl berüi Sie mögen mein Stuck nicht.
626 2530 2631 2731 breguleiu: Die Mehrneit zu sagen - nein. Sie werden
628 2641 2595 2857 bestere schreiben. Protzden - es wäre schade, nenn
633 2766 2658 3000 die Aoreda nicht splelte. Ee könnte zugründe gehen.
2487 2884 2701 3043 eilem
631 2899 2344 3103 rraulein friesel Ist noch nicht reff-dafür
