2856 3496
567 458 2326 668 ten, dass die Friesel die Fanni spielen kann.
554 634 1853 818 Dregulein: Möglicht marum nicht.
561 730 2528 900 Karl Bern: Es könnte nämlich bedeutungsvoll sein-
572 869 2414 1066 für Fraulein Friesel meine lch. Schicksalsvoll
585 1009 2458 1193 geradezu. Sie brauchen mich nicht so anzusehen.
572 1146 1946 1296 Nichts Egdistischee spielt da mit.
569 1224 2564 1452 Durch Zufall ist mir bekannt, dass das kleine Fräu-
582 1410 2585 1581 lein sich in einer sehr übeln Verfassung befindet.
593 1496 2588 1684 Genz unter uns, sie soll schon einen Selbstmordver-
582 1640 2593 1819 such unternommen haben. Ihr Geliebter hat nämlich
590 1778 2665 1964 geheiratet. Heute. Ich war bei der Hochzeit. Dadurch
598 1902 2600 2070 bin ich so informiert. Ich bin ganz aufrichtig mit
600 2021 2414 2217 Innen. Es wäre denkbar, dass diese neue Rolle
600 2163 2621 2365 tRettung für sie bedeutet. Ich täte vielleicht ein
603 2316 2613 2476 gutes Merk, ihr ganzes Leben könnte sich anders ge-
603 2466 952 2631 stalten.
603 2564 2585 2769 Dregulein: Sind Sie dazu da Schicksel zu spielen?
611 2668 2626 2870 Es könnte ja auch ein grosser Misserfolg sein. Das
608 2838 2259 3007 Ende ihrer Carridre. Man kann nie wissen.
605 2937 2629 3183 kerl Bernilsicht, wie Richerd einen Brief schreibt)
