3144 3480
880 458 2785 652 Zustknabe bist du,kein Autor, lass dir das gesagt
867 637 1084 739 sein.
872 716 2726 913 (püre Loge IV öffnet sich. Helene tritt heraus.
862 854 1949 1064 verschwindet gleich wieder)
864 1010 2729 1192 Roveda: Ei sieh doch, man ist wohl eifersüchtig.
857 1123 2655 1292 Geh nur zu deinem Bräutchen,ich will-ihr den
857 1253 2880 1435 Abend nicht verderben. Auf morgent (nimmt ihn plötz-
854 1386 2813 1637 Iich beim Kopf und gibt ihm einen Kuss. In diesem
854 1578 2749 1770 Augenblick öffnet Relene die Büre der Loge,steht
824 1698 2706 1926 starrl Ja, Fraulein, das konnt vor. (in ihre Loge
834 1834 1107 1926 zurück,
821 1962 2332 2082 Helhe: (in die ihre, schlieset die Türe)
1422 2056 1928 2151 zu Herl Fern)
821 2112 2343 2263 Richard: (kommt) Ich gratuliere Ihnen.
813 2230 2760 2381 Karl Bern: Zu früh. Aber was sagen Sie zu Franzi?
808 2366 1936 2478 Habe ich nicht recht gehabt?
806 2432 1765 2604 Richard: Wahrscheinlich.
793 2568 2849 2841 Korl Vern:löffnet die Nur zu loge Ir und schliesst
795 2777 1990 2928 sie gleich wieder hinter sicht
798 2867 2619 3100 (hetztes zeichen, verspätete Besucher durch den
795 3018 1248 3174 Zogengangl.
