2840 3512
593 499 1486 684 Gefahr, keine drei Mal.
583 621 2411 826 Dogelmann: Menn wir's überhaupt haben werden.
596 750 2532 961 sohn: Die Preniére ist doch fest für Sanstag an-
596 948 984 1095 gesetzt.
598 1042 2340 1247 Oogelmann: Deine Ergenahlin hat doch heute
598 1176 2540 1351 wieder einmal ihre Rolle hingehaut. (spielt und
593 1303 2446 1465 zähltl Funfzehn, sebhrehn. (ldest den nächsten
603 1447 1326 1562 Stoss wieder aus)
611 1559 2502 1739 ohn: No se, wenn man sich alles von Frau Rovede
603 1693 2507 1868 gefallen lasst. Ich möcht sie anders behandeln,
966 1807 1306 1889 Direktor
606 1871 1584 1998 wenn ich Zntendest wäre.
603 1939 2474 2134 Gregorthat sich an den Fisch zu John gesetzt?
603 2109 2140 2276 Oogelmenn: (verbessert ihnl Intendant!
629 2211 2644 2403 ohn: Nenn ich nur miest, was das eigentlich heiset-
621 2375 1027 2540 Entendent!
606 2487 2641 2664 Oygelmenn: Das ist einer, der noch weniger von Thee-
616 2626 1833 2804 ter versteht als ein Direktor.
613 2740 2502 2920 Dreguleinilsptelend) aber schon Gelegenheit ge-
613 2880 2401 3060 habt hat es an einem Hofthester zu beweisen.
616 2994 2570 3202 Dogelmann: lspielt und gicket wieder, zornigl Herr.
