2856 3496
248 319 410 496 8.3.
2130 363 2282 493 127
599 488 1850 702 Speiseziümer im Haur-e Pricke.
972 672 1139 761 gm 1
1134 616 2518 812 Mittagtisch mit seinen Kindern, Hele
589 670 1070 812 Dr. Fricke an
599 785 2454 928 ne und Kichard, Das Stubenmädchen hat eben den
604 908 2493 1023 schwerzen Kaftee hereingebracht, lielene schenkt
601 1050 1828 1153 ein. Dr. Fricke liest Zeitung.
596 1163 2525 1286 Hichard trinkt seinen schwerzen Kaftee rasch aus
609 1325 1300 1433 und erlebt sich.
596 1458 1210 1578 Richard: Adieu.
601 1580 2459 1730 Dr. Fricke: (von der Zeitung aufblickend) "chon?
604 1700 2488 1870 tichard: Es ist gleich drei Uhr. Ich ordiniere
613 1840 1740 1961 ja heute in Gerolds Wohnung.
606 1953 2427 2103 Dr. Fricke: da richtig. ExxuxxxdEx Eigentlich
613 2073 2542 2245 xxExh komisich einen Kollegen zu vertreteh,
613 2223 1990 2385 der selber noch nichts zu tün hat.
601 2351 2468 2510 Richard: Ich konnt ihm die kleine Gefälligkeit
606 2456 2478 2628 nicht abschlagen. Und ich selbst habe ja noch
1303 2591 1742 2670 Wartezimmer
606 2626 2513 2783 nicht einmal ein xxxxxEhier im Hau-
611 2768 763 2905 se.
618 2844 2589 3038 Dr. Fricke: Du weisst, dass dir der Salon von drei
874 3001 1080 3092 Immer
618 3018 2525 3190 bis fünf(zur Verfügung steht. Und vom nächsten
