2888 3416
2298 245 2451 376 167
665 423 2308 608 die Hand, meine Damen, auf Wiedersehen, Herr
662 544 2444 764 Foktor. (er klöpft an die Logentür Nr. II,öfI.
667 699 2444 833 net, tritt ein, Frau Roveda und ihre Mutter in
662 880 2269 1023 der Loge, Begrüssung, schliesst die Türel.
657 959 2387 1139 (Fricke und Frau Reith treten aus der Logel.
667 1102 2511 1258 Fr.Veith: Ich glaube, Herr Präsident, man sollte
655 1246 2414 1367 es so bald als möglich in die Zeitung geben.
652 1337 2140 1512 Fricke: Wie Sie glauben, gnädige Frau.
652 1488 2540 1629 Frau Veith: Ich bin ja sehr glücklich, Herr Pra-
643 1596 2325 1777 sident. Heute darf ichie ja sagen. Mir war
643 1725 1535 1898 manchmal beinahe bang.
630 1856 2536 2061 Fricke:Dazu war wohl keinnlass, ein Mädchen wie
628 2024 1134 2157 Mathilde --
625 2106 2209 2271 Helene: Es wer schon das erste Zeichen.
628 2236 2558 2427 Frau. Veith: Auf Wiedersehent Es bleibt also beim
620 2382 1243 2543 Hotel Imperial.
628 2513 2239 2691 Fricke: Wir fahren ja alle zusammen hin.
620 2644 2605 2830 Richerd: Imperial? Ichwill zu Fuse hingehen. Ich
613 2788 2553 2943 hab ein wenig Kopfschmerzen. Nach dem Thater geh-
615 2909 2115 3104 ich lieber ein parr Schritte zu Rust.
