2856 3464
2309 337 2475 513 194
577 475 2521 661 Urteil. Aber dividieren kann er auch nicht: (mei-
572 631 1236 804 ter nach rechtel
564 738 2584 932 treguleinittritt zu Karl Bern) Den Fodor hätte ich
557 878 2258 1057 spielen sollen. Wenn ich die Figur hätt:.
549 1004 2526 1200 Karl Bern: Der Baron hat da früher in seiner Ein-
557 1139 2418 1323 falt etwas ganz Vernünftiges gesagt. Die Fanni
557 1285 2605 1466 dürtte gar nicht in Ohnmacht fallen. Sie müsste dem
554 1433 2595 1578 Fedor irgend etwas Groseartiges ine Gesicht schleu-
547 1537 2089 1724 dern. Sie müsste die Siegerin bleiben.
559 1685 2577 1880 Tregulein: Reden Sie nichts. Der Akt ist von einem
547 1836 1297 1987 Dichter. Grad der.
557 1946 2592 2135 Inspizient:(zu den Schauspielern, die noch rückwärts
547 2089 2309 2258 stehen) Jetzt was reden bitte, nicht zu laut.
559 2219 1287 2388 leiniger Gemurmel)
557 2372 1897 2513 Inepizient: So, jetzt genug. Stii1)
554 2508 2469 2661 (detzt hort men von der Srene her Morte aus den
544 2623 1443 2796 Gespräch: Redox-kannt)
534 2674 2475 2927 Gregor: lals Fedorl Nun und an Pnae der Melt bist
529 2914 2406 3072 du dann eine Andere? bibt es dann keinen mehr
526 3008 2434 3205 der sich erinnetn darfI Ee ist am Ende der Melt
