2872 3464
514 337 2278 501 Mutter: Jetzt im letzten Moment kriegst-du.
541 486 2349 665 Franzl: Rs Samstag ist noch Zeit. Wird schon
541 614 1672 780 gehen. Die Kanni spiel' ich.
526 740 2427 919 Mutter: Fanni (oder Emmi - wird kein glosser Un-
539 876 1178 1037 terschied sein.
541 974 2505 1186 Franzi: Ielschon Ein Untersclied:Mfitter. Die Fan-
529 1143 2447 1314 ni, das ist nämlich die Hauptrötref. Was sagst du
539 1241 2480 1455 dazu? Die Kolle von der Roreda. sie grösste Polie.
544 1420 919 1543 im Stück.
541 1516 2429 1707 Mutter: (misstrauischlilie)kommft du. zu der Rolle
551 1674 1161 1830 von der Roveda?
554 1787 2437 1966 Franzi: Die Roveda ist krauf geworden. Oder sie
544 1896 2530 2092 will halt nicht. Jedes fallf(spiel ich ihre Rolle,
554 2052 2276 2231 die Hauptrolle in einer Sqnsdtionspremière.
551 2163 2319 2354 Mili: Das ist ja grossarfig.Frdulein Franzi.
546 2326 2540 2512 Mutter: Und da b-rauchsf du am Ehde wieder andere
544 2455 889 2601 Kleider!
554 2575 2575 2769 Mili: Frau Finanzrat, saarauf kommt's (ja jetzt nicht
559 2734 697 2870 an.
559 2832 2371 3011 Mutter: Sie haben leicht reden, Fräuleif Mili.
556 2951 2105 3157 Geben s' dir was dazu vom Theater aus?
