2840 3528
2170 361 2303 512 82
1621 492 2447 667 eor stohntt Nenn 81e
630 566 1485 680 der Patient unter dem
628 699 2560 833 nichts dagegen haben schneide ich weiter. Natür-
638 835 2513 974 lich haben Sie nie daran gedacht Fraulein Frie-
630 951 2597 1127 sel zu herraten, können ja gar nicht daran denken.
643 1082 2550 1241 Die Ihnen vorbestimmte Braut werden Sie sich aus
628 1213 1646 1337 einer anderen Welt holen.
633 1320 2550 1458 Richard: Ich dachte nichtk,dass Sie einen Unter-
625 1463 2491 1648 schied der Welten gelten lassen. Es soll auch
625 1606 2592 1802 unglückliche Ehen geben, wo die Verhältnisse voli-
625 1747 1241 1848 kommen stimmen.
618 1802 2602 2036 Karl Bern: Ihre Ehe mit Fraulein Veith wird glück-
615 1989 2484 2115 lich sein,nicht weil sie aus denselben Kreisen
628 2123 2392 2269 stammt, sondern weil sie die Richtige für Sie
618 2246 2427 2432 ist. Weil sie - aber soll ich Ihnen Einge er-
615 2382 2553 2568 zählen, die Sie so gut wissen wie ich selbst? Sie
620 2526 2511 2704 begehen nebstbei auch ein Verbrechen gegen Ma-
618 2664 2592 2832 thilde, vielleicht das grösste an sich, an Fraulein
615 2783 2498 2951 Friesel und an Mathilde. Sie fühlen das selbst.
615 2919 2565 3089 Daher ist Ihnen nicht wohl zumut. Was Ihnen Ver-
613 3064 2434 3218 antwortungsgefühl scheint ist in Wirklichkeit
