2824 3416
1357 255 1520 475 1i
723 343 1227 520 (pplaus hör
1856 366 2366 494 Dr. Pricke und
709 496 1373 669 Redene treten im
1579 520 1787 615 loge.
702 617 2357 775 Relene: Des mar ein echter spplaus, Pater.
704 726 2598 941 Fr. Fricke: Von meinen möeit ich des allerdings
709 896 1406 1035 nicht beschwören.
697 1002 2517 1175 Delene: Es het dir doch ganz gut gefellensge-
711 1139 1373 1305 steh es nur ein.
709 1284 2288 1444 Dr. Pricke: Zu viel Tsychologie, zu viel
697 1416 2179 1574 rederei und es ist alies nicht gar so
707 1522 2236 1695 eron Gradel und Rutte konnen von Zint
695 1662 915 1808 sungl
690 1787 1444 1960 Gredel: No, was sege
690 1896 2345 2075 Relene: Ee ist doch ein kolossdler Erfolg
690 2061 1733 2196 Tutre: Derstellungserfolg.
681 2172 2555 2350 Gridel: Dieses Fräulein Friesel finde ich f.bel-
683 2314 896 2472 hoft.
676 2435 2579 2605 Delene: Sehr hübsch ist sie. Die Rorede wire zu
669 2572 1744 2688 elt für die Folle gewesen.
676 2666 2508 2853 trodel: Sie sitzt dort in der loge, sie hut wie
667 2808 1600 2976 mehneinnig epplcudiert.
659 2943 1149 3123 Helene: S0.
1473 2950 2229 3075 in die loge zurück)
659 3087 1463 3260 Gredelibzu Dr. Pricke
1534 3106 2576 3241 wes sigen Sie, Herr Doktor.
