2840 3400
2366 239 2524 390 245
716 355 2554 548 reinen Stirn - so einfach ist das leben nicht.
703 491 1964 659 Mathilde: Ganz einfalh, Kichard.
698 642 2544 802 Richard: Glauben Sie? (etwas nervögl Was tele-
716 785 1838 935 foniert sie denn da so iang?
708 915 2638 1071 Mathilae: Das Vernünftigste wäre wohl, Sie gingen
708 1014 2522 1162 selbst ans teleton statt nervös im Zimmer hin
706 1152 1446 1300 und her zu reunen.
693 1278 2472 1443 Hichara: Mer Sagt Ihnen, dass ich nervös bin?
701 1414 2312 1572 Mathilde: Als wenn ich Sie nicht kennte.
708 1555 2522 1683 Hichard: Sie kennen mich? Wiesen Sie das ganz
708 1693 972 1806 genau?
698 1779 2635 1979 Mathilde: Sie halten sich wohl für sehr undurch-
706 1939 2480 2090 dringlich. Ganz im Gegenteil. Alles kann man
693 2095 1794 2218 Ihnen vom Gesicht ablesen.
696 2184 2514 2371 Sicherd: Also, wenn Sie jetzt etwas anderes in
679 2332 2665 2495 meinem besicht lesen als aie Freude wieder einmal
696 2472 2576 2638 mit Ihnen pläudern zu können, das Glück, dass Sie
693 2581 2389 2771 überhaupt da sind -(er ergreift ihre Naual
681 2722 2630 2860 Uathilde: Ich hab es gar nielt gern, Richera, menn
688 2857 1231 3042 Sie po reden.
