2872 3512
2393 301 2680 468 18430
689 417 2631 606 dernel: Ausgezeichnet. Ein Herr aus den Publitun.
681 546 2527 735 Pregulein: Und Sie selbst? Wie wollen Sie sich
679 681 2488 858 bezelohment (ihm gegenüber, schaut ihn anl zun
667 817 1050 955 Beisplel-
677 931 2241 1113 Aermel! Unterstehen Sie sich, Progulein.
679 1082 2551 1251 dregulein! Inniefern? Bitte, meine Herrschaften.
652 1200 2532 1375 habe ich das Nort Revolver überhaupt ausgespro-
657 1331 890 1470 chen?
667 1450 2418 1605 dermel:lerhebt sicht Auch trotino nar einer.
667 1598 2614 1778 (Pausel Also, beginnen wir. Das Thema ist gegeben.
667 1710 2534 1891 Es hat heute auf der Probe einen Krach gegeben.
650 1843 2415 2037 wie ich höre. Meine Exgemahlin hat die Kolie
640 1974 2495 2139 bingeschwissen. Nie lenge gedenkt man sich das
643 2115 2296 2287 noch in Euern Theater gefallen zu lessen?
645 2238 2083 2398 Gregeri Sie wird spielen, jede Nette.
689 2372 1038 2503 depirete
640 2440 2515 2641 kerl Bern: Sie ist eine Sente, man nuse ihr men-
635 2585 1254 2728 ches nechschen.
638 2714 2444 2895 Aermel: Leugne ich nicht. Aber vor allemeine
626 2835 1016 3005 Canaille.
628 2988 2512 3184 bregulein: Ein Sentiomen sollte jeder Frau eine
