<?xml version="1.0" encoding="UTF-8" standalone="yes"?>
<PcGts xmlns="http://schema.primaresearch.org/PAGE/gts/pagecontent/2013-07-15" xmlns:xsi="http://www.w3.org/2001/XMLSchema-instance" xsi:schemaLocation="http://schema.primaresearch.org/PAGE/gts/pagecontent/2013-07-15 http://schema.primaresearch.org/PAGE/gts/pagecontent/2013-07-15/pagecontent.xsd">
    <Metadata>
        <Creator>prov=READ-COOP:name=PyLaia@TranskribusPlatform:version=2.7.0:model_id=50870:lm=none:date=22_01_2024_16:59</Creator>
        <Created>2023-09-27T14:32:29.082+02:00</Created>
        <LastChange>2024-01-22T16:59:45.642+01:00</LastChange>
        <TranskribusMetadata docId="1589029" pageId="60122470" pageNr="118" tsid="145626761" status="IN_PROGRESS" userId="40391" imgUrl="https://files.transkribus.eu/Get?id=GGIFAFUZZNSNIOSLJCECHOCH&amp;fileType=view" xmlUrl="https://files.transkribus.eu/Get?id=JSIUYLDGVIFFNJVEFJMTLUNH" imageId="48547548"/>
    </Metadata>
    <Page imageFilename="1589029_0118.jpg" imageWidth="2920" imageHeight="3528">
        <ReadingOrder>
            <OrderedGroup id="ro_1711795061393" caption="Regions reading order">
                <RegionRefIndexed index="0" regionRef="tr_1"/>
            </OrderedGroup>
        </ReadingOrder>
        <TextRegion orientation="0.0" id="tr_1" custom="readingOrder {index:0;}">
            <Coords points="435,242 435,3170 2689,3170 2689,242"/>
            <TextLine id="tr_1_tl_1" custom="readingOrder {index:0;}">
                <Coords points="2177,318 2196,315 2210,326 2218,323 2231,334 2253,334 2263,342 2279,339 2290,328 2304,339 2323,342 2325,248 2306,240 2298,245 2282,229 2236,231 2220,245 2180,242"/>
                <Baseline points="2196,310 2222,308 2248,307 2275,307 2301,306 2328,304"/>
                <TextEquiv>
                    <Unicode>104</Unicode>
                </TextEquiv>
            </TextLine>
            <TextLine id="tr_1_tl_2" custom="readingOrder {index:1;}">
                <Coords points="417,541 700,554 853,522 902,541 937,514 1095,527 1101,390 1055,377 955,398 869,460 635,417 546,466 423,455"/>
                <Baseline points="435,519 468,519 501,519 534,518 568,516 601,516 634,516 668,515 701,513 734,511 768,508 801,506 834,504 867,504 901,504 934,502 967,498 1001,498 1034,498 1067,499 1101,501"/>
                <TextEquiv>
                    <Unicode>Spiel Franzis anf</Unicode>
                </TextEquiv>
            </TextLine>
            <TextLine id="tr_1_tl_3" custom="readingOrder {index:2;}">
                <Coords points="425,737 713,694 1165,708 1346,630 1561,667 1725,616 2419,638 2425,519 2134,492 2080,538 1905,501 1607,536 1429,498 1214,571 431,592"/>
                <Baseline points="444,647 543,647 642,647 741,641 840,638 939,636 1038,632 1137,625 1236,617 1335,614 1435,608 1534,605 1633,598 1732,595 1831,589 1930,585 2029,582 2128,578 2227,574 2326,571 2426,576"/>
                <TextEquiv>
                    <Unicode>Pratzi: (i. d..1 Ich aber werde Ihnen sagen, Peder,</Unicode>
                </TextEquiv>
            </TextLine>
            <TextLine id="tr_1_tl_4" custom="readingOrder {index:3;}">
                <Coords points="417,869 643,802 1157,775 1214,813 1480,762 1720,783 1776,743 1916,797 2094,767 2175,810 2336,737 2506,759 2546,616 425,737"/>
                <Baseline points="438,779 543,778 648,774 754,770 859,770 965,764 1070,758 1175,754 1281,747 1386,743 1492,737 1597,732 1702,725 1808,723 1913,719 2019,712 2124,705 2229,704 2335,698 2440,696 2546,686"/>
                <TextEquiv>
                    <Unicode>warum ich so ruhig destehe und nicht einmal die Kraft</Unicode>
                </TextEquiv>
            </TextLine>
            <TextLine id="tr_1_tl_5" custom="readingOrder {index:4;}">
                <Coords points="420,977 471,958 503,985 544,985 554,996 632,982 638,840 614,834 584,845 562,829 522,842 495,837 441,867 423,867"/>
                <Baseline points="438,910 463,913 488,913 513,912 538,911 563,910 588,910 613,909 638,907"/>
                <TextEquiv>
                    <Unicode>hobe</Unicode>
                </TextEquiv>
            </TextLine>
            <TextLine id="tr_1_tl_6" custom="readingOrder {index:5;}">
                <Coords points="466,1106 1467,1036 1596,1087 1787,1023 2255,1020 2371,977 2500,1023 2506,902 2269,877 2166,910 2086,869 2002,910 1634,885 937,974 471,974"/>
                <Baseline points="483,1038 584,1038 685,1034 787,1026 888,1024 989,1020 1091,1014 1192,1012 1293,1006 1395,999 1496,996 1597,993 1699,984 1800,981 1901,978 2003,974 2104,970 2205,965 2307,961 2408,955 2510,952"/>
                <TextEquiv>
                    <Unicode>oreda:lkam sich nicht länger beherrschen) Soll das</Unicode>
                </TextEquiv>
            </TextLine>
            <TextLine id="tr_1_tl_7" custom="readingOrder {index:6;}">
                <Coords points="444,1187 573,1222 770,1179 859,1216 1055,1171 1168,1211 1294,1149 1480,1173 1486,1071 447,1111"/>
                <Baseline points="459,1173 510,1172 562,1167 613,1164 665,1163 716,1162 768,1158 819,1158 871,1152 922,1152 974,1150 1025,1149 1077,1147 1128,1146 1180,1143 1231,1142 1283,1139 1334,1135 1386,1132 1437,1128 1489,1128"/>
                <TextEquiv>
                    <Unicode>nun Spass oder Ernst sein?</Unicode>
                </TextEquiv>
            </TextLine>
            <TextLine id="tr_1_tl_8" custom="readingOrder {index:7;}">
                <Coords points="455,1364 807,1362 1055,1303 1720,1303 1841,1262 1970,1286 2094,1241 2344,1262 2619,1219 2624,1136 2360,1176 1717,1149 1631,1195 1434,1173 1262,1222 791,1200 667,1249 463,1214"/>
                <Baseline points="474,1280 581,1298 689,1295 796,1289 904,1281 1012,1280 1119,1276 1227,1269 1334,1265 1442,1258 1550,1253 1657,1250 1765,1245 1872,1238 1980,1235 2088,1229 2195,1226 2303,1221 2410,1216 2518,1212 2626,1208"/>
                <TextEquiv>
                    <Unicode>Infendent: Ich bitte un Rute, Fräulein Roveda. Menn Sie</Unicode>
                </TextEquiv>
            </TextLine>
            <TextLine id="tr_1_tl_9" custom="readingOrder {index:8;}">
                <Coords points="455,1448 716,1472 1109,1413 1230,1451 1895,1381 2024,1416 2247,1364 2449,1378 2454,1257 2234,1243 2083,1319 1868,1335 1658,1278 1265,1311 1152,1362 458,1373"/>
                <Baseline points="471,1432 570,1430 669,1426 769,1419 868,1416 968,1412 1067,1408 1166,1402 1266,1396 1365,1394 1465,1388 1564,1387 1663,1383 1763,1377 1862,1372 1962,1367 2061,1364 2160,1354 2260,1354 2359,1350 2459,1346"/>
                <TextEquiv>
                    <Unicode>das Stück interessieren sollte, so benühen die sich</Unicode>
                </TextEquiv>
            </TextLine>
            <TextLine id="tr_1_tl_10" custom="readingOrder {index:9;}">
                <Coords points="466,1582 2110,1545 2293,1496 2296,1426 2105,1386 1970,1424 1168,1432 1039,1494 697,1510 471,1464"/>
                <Baseline points="480,1569 571,1562 662,1558 753,1552 844,1548 935,1545 1026,1540 1117,1537 1208,1534 1299,1528 1390,1521 1481,1517 1572,1516 1663,1514 1754,1508 1845,1502 1936,1498 2027,1495 2118,1489 2209,1486 2301,1483"/>
                <TextEquiv>
                    <Unicode>in den Zuschauerraun. Weiter, Fräulein Frieset!</Unicode>
                </TextEquiv>
            </TextLine>
            <TextLine id="tr_1_tl_11" custom="readingOrder {index:10;}">
                <Coords points="474,1701 2428,1626 2433,1534 2277,1510 1782,1545 1704,1599 1351,1547 850,1647 479,1615"/>
                <Baseline points="489,1695 586,1692 683,1692 780,1686 878,1682 975,1674 1072,1669 1170,1666 1267,1659 1364,1659 1462,1654 1559,1647 1656,1643 1753,1638 1851,1632 1948,1632 2045,1623 2143,1619 2240,1615 2337,1612 2435,1608"/>
                <TextEquiv>
                    <Unicode>Hochgespannte Stimmung auf der Bühne. Die Rosfeda</Unicode>
                </TextEquiv>
            </TextLine>
            <TextLine id="tr_1_tl_12" custom="readingOrder {index:11;}">
                <Coords points="468,1881 813,1892 990,1849 1276,1881 1491,1825 2503,1787 2495,1663 1997,1720 474,1771"/>
                <Baseline points="486,1829 587,1826 688,1819 789,1815 890,1810 992,1805 1093,1802 1194,1794 1295,1793 1396,1787 1498,1781 1599,1775 1700,1772 1801,1766 1902,1764 2004,1764 2105,1752 2206,1749 2307,1746 2408,1741 2510,1734"/>
                <TextEquiv>
                    <Unicode>entfernt sich von der Bühne und steht jetzt auf der</Unicode>
                </TextEquiv>
            </TextLine>
            <TextLine id="tr_1_tl_13" custom="readingOrder {index:12;}">
                <Coords points="471,1973 649,2040 880,1994 1117,2021 1260,1978 2072,1973 2056,1809 1965,1852 1852,1817 743,1913 476,1892"/>
                <Baseline points="489,1958 568,1954 648,1952 727,1950 807,1946 886,1940 966,1937 1045,1934 1125,1929 1204,1925 1284,1922 1364,1919 1443,1917 1523,1911 1602,1905 1682,1901 1761,1901 1841,1892 1920,1892 2000,1892 2080,1889"/>
                <TextEquiv>
                    <Unicode>Prücke zwischen Zuschauerraun und Bühne)</Unicode>
                </TextEquiv>
            </TextLine>
            <TextLine id="tr_1_tl_14" custom="readingOrder {index:13;}">
                <Coords points="490,2134 579,2164 1141,2064 1262,2102 1582,2059 1698,2099 1795,2051 1865,2080 2374,2021 2514,2053 2519,1957 2441,1924 1798,1992 1685,1962 1114,2021 1009,1989 659,2040 495,2016"/>
                <Baseline points="507,2077 607,2083 708,2082 809,2078 910,2074 1010,2068 1111,2065 1212,2057 1313,2050 1413,2046 1514,2043 1615,2033 1716,2032 1816,2029 1917,2025 2018,2020 2119,2014 2219,2010 2320,2007 2421,2002 2522,2005"/>
                <TextEquiv>
                    <Unicode>Franzi:(i.d.R.) Aus allemwas Sie sagen, aus eil den,</Unicode>
                </TextEquiv>
            </TextLine>
            <TextLine id="tr_1_tl_15" custom="readingOrder {index:14;}">
                <Coords points="487,2250 762,2277 1111,2212 1895,2250 2164,2158 2546,2191 2621,2161 2627,2070 2468,2094 2390,2053 2115,2105 2013,2059 1927,2110 1857,2075 1469,2094 1117,2121 1036,2166 859,2110 492,2137"/>
                <Baseline points="504,2217 610,2214 716,2209 823,2202 929,2202 1036,2195 1142,2192 1248,2187 1355,2178 1461,2181 1568,2171 1674,2167 1780,2163 1887,2159 1993,2155 2100,2151 2206,2146 2312,2135 2419,2133 2525,2131 2632,2116"/>
                <TextEquiv>
                    <Unicode>womit Sie mir so wehe tun moblen, höre ich nur ein tie-</Unicode>
                </TextEquiv>
            </TextLine>
            <TextLine id="tr_1_tl_16" custom="readingOrder {index:15;}">
                <Coords points="495,2395 694,2355 815,2382 982,2336 1098,2363 1128,2352 1133,2274 1039,2282 945,2247 805,2258 772,2282 611,2242 503,2258"/>
                <Baseline points="513,2349 544,2351 575,2349 606,2345 637,2343 668,2343 699,2342 730,2340 761,2338 792,2336 823,2334 854,2334 885,2333 916,2331 947,2331 978,2329 1009,2327 1040,2325 1071,2325 1102,2322 1134,2316"/>
                <TextEquiv>
                    <Unicode>fes Leid heraus</Unicode>
                </TextEquiv>
            </TextLine>
            <TextLine id="tr_1_tl_17" custom="readingOrder {index:16;}">
                <Coords points="498,2565 1340,2538 1658,2462 1695,2492 2131,2425 2312,2476 2589,2430 2594,2325 2384,2298 2293,2358 1981,2371 1593,2325 1445,2393 1160,2341 665,2425 506,2393"/>
                <Baseline points="519,2471 622,2471 726,2470 830,2465 934,2462 1038,2458 1142,2453 1245,2450 1349,2444 1453,2441 1557,2436 1661,2432 1765,2425 1869,2418 1972,2417 2076,2411 2180,2406 2284,2402 2388,2399 2492,2393 2596,2384"/>
                <TextEquiv>
                    <Unicode>logeda: (auf der Brückel Ich ersuche un meine soforti</Unicode>
                </TextEquiv>
            </TextLine>
            <TextLine id="tr_1_tl_18" custom="readingOrder {index:17;}">
                <Coords points="498,2651 754,2645 934,2675 966,2651 1009,2672 1071,2654 1074,2538 1039,2524 880,2554 783,2530 503,2565"/>
                <Baseline points="516,2617 544,2617 572,2613 600,2609 628,2606 657,2603 685,2601 713,2600 741,2598 769,2596 798,2596 826,2596 854,2596 882,2596 910,2595 939,2593 967,2593 995,2593 1023,2591 1051,2591 1080,2593"/>
                <TextEquiv>
                    <Unicode>ge Entlassung.</Unicode>
                </TextEquiv>
            </TextLine>
            <TextLine id="tr_1_tl_19" custom="readingOrder {index:18;}">
                <Coords points="514,2753 1093,2775 1609,2702 1661,2734 2247,2670 2336,2721 2551,2697 2554,2602 2398,2578 2355,2616 1951,2576 1844,2640 1779,2602 1607,2640 1171,2627 937,2683 519,2656"/>
                <Baseline points="528,2734 629,2734 730,2733 832,2728 933,2724 1035,2719 1136,2715 1238,2711 1339,2705 1441,2701 1542,2697 1643,2690 1745,2689 1846,2683 1948,2680 2049,2675 2151,2671 2252,2667 2354,2664 2455,2659 2557,2653"/>
                <TextEquiv>
                    <Unicode>Intendent: Schreiben Sie Ihr Gesuch,gnädige Frau,es</Unicode>
                </TextEquiv>
            </TextLine>
            <TextLine id="tr_1_tl_20" custom="readingOrder {index:19;}">
                <Coords points="519,2880 840,2909 1313,2855 1461,2888 1593,2853 1596,2799 1362,2756 1303,2796 1090,2772 985,2815 522,2810"/>
                <Baseline points="534,2874 587,2873 640,2869 694,2866 747,2865 801,2862 854,2859 907,2859 961,2855 1014,2853 1068,2850 1121,2846 1174,2844 1228,2844 1281,2842 1335,2835 1388,2834 1441,2832 1495,2830 1548,2827 1602,2820"/>
                <TextEquiv>
                    <Unicode>wird nichts im Wege stehen.</Unicode>
                </TextEquiv>
            </TextLine>
            <TextLine id="tr_1_tl_21" custom="readingOrder {index:20;}">
                <Coords points="517,3071 767,3071 1004,2995 2231,2977 2557,2917 2643,2958 2645,2861 2497,2845 2438,2882 2220,2820 2010,2882 1477,2874 775,2950 525,2904"/>
                <Baseline points="534,3005 645,2999 757,2996 868,2990 980,2985 1091,2981 1203,2976 1314,2969 1426,2961 1537,2957 1649,2954 1760,2951 1872,2943 1983,2940 2095,2934 2206,2928 2318,2922 2429,2925 2541,2916 2653,2907"/>
                <TextEquiv>
                    <Unicode>Rovedai(zuerst einen Schritt gegen die Bühne zu, dann</Unicode>
                </TextEquiv>
            </TextLine>
            <TextLine id="tr_1_tl_22" custom="readingOrder {index:21;}">
                <Coords points="525,3219 2586,3125 2683,3103 2689,2974 1733,3046 1101,3038 915,3090 530,3060"/>
                <Baseline points="543,3139 650,3136 757,3128 864,3125 972,3120 1079,3113 1186,3107 1294,3104 1401,3100 1508,3091 1616,3089 1723,3083 1830,3077 1937,3073 2045,3069 2152,3065 2259,3062 2367,3059 2474,3052 2581,3047 2689,3047"/>
                <TextEquiv>
                    <Unicode>zurück in den Zuschauerraun, wo sie aber stclen bieibt)</Unicode>
                </TextEquiv>
            </TextLine>
            <TextEquiv>
                <Unicode></Unicode>
            </TextEquiv>
        </TextRegion>
    </Page>
</PcGts>
