2888 3560
539 309 2442 560 Antornettekstritt zu ihnen, zu Richardl Aiso, Bie
531 526 2078 696 übernehmen wirklich indnigs Patienten?
534 620 2128 832 Eichard: So weit solche vorhanden sind!
550 793 1714 963 Antoinettei Und Petientinnen?
544 856 2565 1136 Rieherd: lanst sich bei einen Prauenerzt nicht ver-
544 1076 861 1220 meiden.
565 1149 2453 1364 Antpinette: Sie könnten glelche inige behalten.
560 1256 2526 1479 Richerd: (lacht, zu Helenel Also, Relene, wenn du aut
550 1416 2581 1615 nich warten willst,-ich möchte nur noch frau Reith
568 1570 2186 1746 una Mathilde Adieu sagen. (zu ihnen hin)
571 1670 2618 1908 Entoinette:(zu Holene, auf Mathilde blickenal Sofort
568 1819 2552 2013 fangt sie zu strahlen an,se ist geradezu rührend.
576 1926 2398 2149 Mann wird er sich denn endlich entschliessent
568 2076 2563 2290 Delens: Vielleicht bald, aber ich fürchte, sie wird
584 2241 1767 2424 ihn immer unglücklich lieben.
578 2322 2563 2570 entoinette: Iou glaube, man liebt die Wänner inner
586 2510 1086 2683 unglücklich.
581 2618 2612 2814 Relenei Sie uns auch. Aber sie sind zu eitel, un es
589 2775 1374 2921 sich einzugestehen.
610 2840 2293 3060 otoinstiei Wein, wie erfahren du sprichst.
615 2979 2717 3212 Kathildeilzu Richeral Ner hat Ihnen denn gesagt, dass
631 3167 1330 3282 wir auch da sind.
