2840 3464
2223 356 2379 481 195
2187 499 2418 595 genug
788 489 2064 650 hfer und es gibt keinen Kues keus
556 624 2449 793 nd keine Umarmung glühend genug und keine Liebe
525 705 2410 931 wig genug, um die alten Küsre und die alte Liebe
497 892 2426 1100 auszuloschen. Was war, ist, das ist der tiefe Sinn
489 1048 1139 1191 des Geschehenen.
489 1113 1492 1323 Frenzi: (als Fannil Redor!
494 1258 2436 1464 Inspialent: (eibt den Schauepielem rückwärte ein
497 1404 2371 1604 Zeichen.Ste murmeln.lachen lauter als vorker, se
494 1573 2457 1732 dase die nächeten Morte von Fedor und ranni darin
499 1698 2441 1789 untergehen. Dann gibt er wieder das Zeichen:Ruhe)
515 1825 2228 1997 in Theaterarbeiter: (zur Garderobière) Frau
494 1958 2272 2137 Henzl, Ihr Mann hat Sie überall gesucht. Den
502 2098 957 2239 drief da-
593 2220 2358 2387 an Garderohiere: lnimnt den Briek in Empfang.
497 2340 2496 2535 beste, dase sie jetzt nichts tun kann, Mheaterarbei-
489 2483 1092 2642 ter wieder wegl
494 2634 2254 2798 Dregulein:lder das bemerktl Was gibt's denne
494 2738 2376 2935 Nr. Nenzel: Da ist wieder ein Brieferl abgegeben
494 2896 1765 3050 worden für das Fraulein Friesel.
484 3013 2574 3185 Dregulein: Geben Sie ihn her. Ich geb ihn ihr gleich-
