2856 3528
589 348 1785 548 (die Anderen probieren weiterl
581 490 1523 675 Ixtendant: Herr Doktor?
579 605 2504 781 Karl Bern: Ich bin nicht Doktor. Es scheint, dass
592 724 2548 921 Fräulein Koreda es sich in den Zopf gesetzt hat-
602 895 1653 1059 Ixtendant: (höhnischl Kopf!
592 991 2629 1201 Karl Bern: Oder in irgend ein anderes Organ: Jedes-
602 1124 2652 1344 falls will sie die Fannni absolut nicht sptelen, wie
602 1303 1064 1448 es scheint.
618 1383 2489 1599 Intendant: Sie wird spielen oder ich werde von
599 1521 2175 1718 meinem Kündigungsrecht Gebrauch machen.
612 1648 2626 1866 Zerl Bern: Es tate mir leid, wenn gerade mein Stück
612 1793 2541 1967 den Mlass zu einem so bedauerlichen Verlust für
628 1910 2577 2123 Ihr Mester bieten sollte. Ich würde mir erlaiben
620 2063 1881 2211 eine Umbesetzung vorzuschlagen.
625 2177 2465 2387 Intendent: Aber - Sie wiesen ja, dass mir keine
628 2312 1645 2496 andere Möglichkeit haben.
618 2437 1728 2639 Berl Bern: Vielleicht doch.
638 2592 1308 2777 Intertacht: (821ck
636 2686 2720 2901 Kerl Bern: Die bisherige Darstellerin der Funi, Fräu-
638 2875 1163 3041 lein Friesel
649 2969 2406 3132 intendent: (beinate hähnisch) Aber, Herr Bern!
633 3111 2657 3319 Karl Bern: Ich halte Fraulein Friesel für eine tn-
