2840 3400
2245 408 2502 531 scheint
670 411 1993 579 Dregulein: Also, dein Entlassungsg
658 533 1083 684 bewilligt?
658 665 2497 807 Roveda: Ich habe überhaupt keines eingereicht.
670 780 2392 936 Neshalb auch? Ee war eine Differenz auf der
658 905 2029 1071 Probe, wie sie hundertmal vorkommt.
656 1035 2238 1196 tregulein: Du gehst nicht nach Berlin?
651 1165 2432 1335 Horeda: Eine Zeitungsente, mein Kind. In acht
1539 1261 1755 1345 meher
651 1289 2533 1477 Tagen spricht kein Menschfvon Fraulein Friesel.
639 1438 1806 1597 Karl Bern:lkomnt von rechtsl.
656 1549 2394 1731 Koveda: No stecken Sie denn, Poet? (zu Dreeu-
646 1681 2545 1847 leinl Dieser Mann hat wohl ein herrliches Stück
648 1830 1129 1947 geschrieben.
639 1921 1650 2111 Karl Bern: (verbeugt sich)
1001 2034 1719 2116 Geht gut, geht gut!
680 2077 2492 2243 regulein: Aektekt. (Auf Wiedersehen, Pval lab
636 2221 1292 2387 über die Ptiege
644 2339 2526 2519 Coredd:lzu Bernl den letzten Akt sehen Sie sich
634 2495 2027 2649 gefälligst von meiner Loge aus an.
634 2610 2459 2778 Karl Bern: Johglaube, in der Autorenloge falle.
636 2733 1292 2877 ich wenigèr auf.
644 2836 2550 3004 rRoreda: Er hält sich für einen Autor, köstlich!
622 2973 2553 3146 Ein Lustknabe bist du,kein Autor, lass dir das ge-
