2872 3480
754 324 2590 545 Ludnigi Hierdinge man schwört gar mancherlet.
756 454 2640 671 Dichard: Sehr richtig. Und du denket wohl nicht
766 604 2602 818 im Ernst, dass sie sich plötzlich - heute, nach-
766 728 2614 913 den sie sich wahrscheinlich geradeso getröstet
768 868 2562 1054 hat wie du - Ihr seid doch, so viel ich weiss,
766 990 2678 1206 schon im besten Einvernehmen geschiedend Freund-
785 1118 2272 1318 gardertrakterganzahtter
780 1285 1634 1413 schaftlich sozusagen?
790 1365 2626 1553 Ludwigi Man kann es beinche so nennen. Sie ist
792 1532 2521 1696 eine tapfere kleine Person. Nach dem ersten
802 1639 2517 1817 grossen Ausbruch im letzten Frühjahr gab es
799 1775 2640 1962 eigentlich keine Prene mehr. Zwel-oder dreimal
804 1927 2688 2089 habe ich sie dann noch gesehen - takrhahrnndte
804 2039 2533 2234 Ferdatenrrähtt im Mai zum letzten Male.
811 2169 2643 2360 ichard: Ja, ich weiss allerdings nicht warun.
816 2284 2541 2491 zudnig: Es handelte sich um gewisse äussere
814 2419 2662 2636 Dinge. Ich hatie begreiflichermeise das Bedürf
821 2562 2593 2769 nis, so meit es meine Mitiel x erlaubten, ihr
828 2690 2550 2878 wenigstens noch für die nächsten Monate ei
825 2835 2429 3007 nen keinen Betrag, eine Art Pasclengeld
825 2966 2272 3157 Richard: Das hat sie woll abgelehnt?
837 3100 2638 3278 Ludwig: Kindischer Weise. Ich weiss überhaupt
