2888 3512
569 445 2367 594 mein ausdrücklicher Nunsch, dass Sie die Kolle
559 541 2556 738 spielen. Nicht um ein paar Jahre mehr oder weniger
556 690 2454 882 handelt es sich, sondern darum, dass die Idee der
584 825 1850 991 Eigur herauskonnt, das Seolische.
584 946 2489 1128 Treggulein: Mit einem Wort: Sie sind zwar zu alt
559 1083 2486 1264 fur den Fedor, aber Sie haben so das Zuwidere, das
566 1220 1371 1383 zu der Kolie gehört.
569 1329 2412 1525 Karl Bern: Ist ihnen der Kerl auch so zuwider,
569 1470 1108 1617 dieser Fedor?
566 1592 2476 1791 Gregor: Still, neunter Verschworener, vierzehnter,
566 1749 1068 1903 Landskneckts
566 1843 2556 2034 Dregulein: Aber erster Nagel zu Ihrem Sarg. 36,18.
569 1999 1391 2166 lsie spielen weiterl
559 2111 2474 2317 Karl Bernilbegrüsst die Anderen, küsst Fritzi die
566 2270 785 2429 Handl
566 2377 2439 2563 Pritzl: Aber, Herr Doktor, ich bin doch nicht die
556 2494 2206 2687 Roreda, nicht einmal das Fraulein Friesel.
551 2645 2404 2841 Richerd: (en Nebentloch, bort den Nauen und wird
566 2792 1023 2896 aufmerksen)
554 2904 2439 3085 Karl Bern: (unbefangen) Ich küsse jeder Dane die
539 3033 2402 3239 Hand, auch kenn sie noch nicht Carrière genacht
