2888 3432
1922 393 2092 535 ger
660 408 2022 533 (Richard und Mathilde treten aus de
645 570 1001 715 den Gangl
655 692 2363 849 (Frau Veith ist in der loge sitzen geblieben
642 804 2049 939 (Präsident Dr. Fricke besucht sie das
478 946 2296 1133 Mäthilde: Z Du bist so schweigsam,Tichard.
620 1076 2497 1262 Richard: Nun ja, ih Theater pflege ich seiten ge-
620 1220 1307 1357 sprächig zu sein.
610 1337 2293 1506 Mathilde: Du bist so weit von mir, so weit.
608 1454 1830 1628 Richard: Und duEist ein Kind.
605 1589 2570 1775 Mathilde: Ich bin kein Kind. Soll ich dir was sa-
613 1733 1424 1845 gen? Es war zu früh.
595 1858 1235 2007 Richard: (Blickl
588 1935 2592 2166 Mathilde: Dass wir uns verlobt haben. Ich gebe dir
585 2129 1272 2266 dein Wort zurück.
590 2256 1882 2403 Hichard: Was fällt dir denn ein?
580 2378 2219 2557 Mathilde: Berührt dich das Stück so sehr?
583 2505 1272 2657 Kellner: (mit Eis.)
578 2622 1815 2811 Hichard: Darf ich dir anbieten?
570 2749 1736 2886 Mathilde:(schüttelt den Kopf)
563 2903 1927 3088 Relene:lkonnt von linke, Gradel und
