2856 3480
551 426 810 579 Rrug.1
559 516 2491 723 Lent: (zur Konnode, nimnt das Fablett mit den Krag
559 678 1519 833 und zuei Massergläsern)
561 781 2464 955 Baronin: Die leeren Gläser können Sie da stehen
574 948 870 1087 lassenf
571 1057 2571 1239 lrlingel draussen. Leni hinaus mit den Zrug.Baronin
559 1199 2531 1354 hat im Alkoven inspiziert, zieht die Portièren zu)
566 1319 2416 1491 Franzi: (tritt ein.KaExx Pelzjecke, Muff, Kappe)
556 1471 1608 1601 Bonsoir, Madame la baronne.
1327 1526 2092 1643 Früulein, Es stöbert
571 1589 2501 1763 daronin: Guten Abend, Präatintstert ja wieder ge¬
564 1733 828 1888 horig.
564 1828 2449 2057 Franzl: Ja, schaun Sie nich nur an, Frau Baronin.
561 1995 1097 2107 Regardez moi,
574 2122 1352 2284 Baronini Excellent.
576 2224 2382 2424 Franzi: Je laieseraig - ich werde die Sachen
571 2372 1945 2549 vielleicht lieber draussen lassen.
566 2511 1586 2676 Baronin: §’il vous plait.
576 2643 1736 2793 Franzk; (verschwindet wieder.)
576 2748 2494 2948 xehnr Jentiltriftt inder Türe mit ihr zusannen.
574 2908 2362 3077 stelit den neugerüllten Krug auf die Komnode
566 3032 2187 3202 Beronin: Sie müssen auch noch nachlegen.
579 3152 1566 3352 Lentitzun ogen, legt nacht
