2888 3592
600 443 1002 577 gordae
590 509 2544 725 Mathilde:lsieht sie etwas erstamnt aul Sonderbar
587 668 1263 819 Antoinetie: Was?
590 730 2611 957 Mathilde: - Sowas an seinem Hochzeitstag zu sagen.
595 887 2687 1096 Antolnette: Ja, wenn es auf nich allein ankäne - Aber
603 1054 2577 1218 verheiratet sein, das ist ja eine Angelegenheit zu
590 1179 1414 1351 Zneien - windestens.
582 1307 2340 1474 Mathilde: (Kopfschättelnd) Nein, Antoinette..
592 1435 2470 1625 Antoinette: (mit Blick auf Fr. Eiderhof, leise zu
595 1586 1852 1732 Mathilde) Das war seine letzte.
584 1706 2121 1889 Mathilde: Ach geh, man spricht so viel.
590 1850 2544 2030 Lndwig: (an Buffet) Da gehts ja hoch her, bin auch
597 1988 866 2131 dabei.
605 2090 2170 2267 Ptoner:(reicht ihm ein blas Champagnerl
595 2212 2632 2429 Ludnig: (anstossend zu Karl Bernl Auf Ihre Première,
587 2384 944 2517 Meister.
600 2491 1774 2664 Er adel: Er ist kein Keister.
595 2611 2650 2794 Indwig: Ach, das soll man wohl nicht. Ich versichere
595 2760 1067 2888 Sie, Doktor:
597 2854 1646 3013 bredet: Ist er auch nicht.
597 2990 2528 3159 LndwigiDas ist wirklich das Einzige, was mir leid
605 3130 2538 3284 tut, dass ich ih verhindert bin Ihrer Premidre be-
603 3311 1046 3423 zuwohnen.
