2888 3576
536 440 2654 684 harl Berni Richt gar so ehe sehr. Zureilen in Roffee-
544 631 1121 795 haue - nachts.
541 695 2635 928 delene: O, ich will Sie zu keinen Indiskretionen ver-
559 846 2195 1034 leiten, ee wäre auch vergeblich, ich weiss.
1204 960 1363 1047 mir
541 992 2601 1172 Karl Bern: Er hat nienale sein Herr aufgeschlossen.
559 1058 2503 1294 Ich bin nicht einmal überzeugt,dase ich ihm sehr
557 1222 2604 1432 sympethisch bin. Die Atmosphäre dieses Hefteehauses
559 1403 2529 1572 macht ihm offenbar Spass. Lt Dabei ist es ei-
554 1493 2601 1710 gentlich eine riemlich mässige Gesellschaft. Herab-
562 1633 2572 1851 gekommene und nicht Duporgekommene, Resignierte und
562 1803 1082 1954 Verbitterte.
565 1885 2649 2084 Defene: Was heben die eigentlioh dort unter den Leu-
581 2055 1167 2214 ten zu suchen?
573 2079 2627 2344 Karl Bern: Nehrscheinlich gehor ich hin. - Lber 81e
581 2291 1959 2492 woliten von Ihrem Frader sprechen.
589 2444 2574 2630 telene: Er macht mir Sorgen der - Bub. Ja. sa,menn
586 2524 2643 2733 ich auch un drei Jaure jänger bin, ich bin doch sei-
594 2630 2535 2871 ne ältere Schmester. Er muss einen Kunner haben.
583 2808 2622 3001 ob Sie ium spüpethisch sind, das weise ich wirklich
602 2914 2733 3147 selber nicht, aber die imponieren dm oder feseinteren
607 3070 2643 3261 ihn ein wenig,-was weiss leh.Und er ist sehr beein-
602 3192 2381 3386 Aussbar, den darf schon beinche gegen er ist
