2872 3480
2367 329 2496 463 108
570 431 2167 578 Wohnzimmer, kleinbürgerlich, aber nicht ge-
570 600 2447 717 ärmlich. Ein etwas erhöhter Erker gegen den Din-
570 746 1560 843 tergrund mit Nähmaschine.
561 858 2445 982 Links Türe in das Nebenzimmer. Reclts lauptein-
568 990 1721 1131 gang, der ins Vorzimmer führt.
566 1112 2396 1243 In der linken Ecke rückwirts ein bescheidenen
558 1260 2447 1377 weisser Kachelofen mit Nische,darin eine Casse-
1860 1350 2182 1441 Komnode.
558 1392 2325 1506 rol mit Deckel zugedeckt. Rechts Sakrank. In
546 1521 2394 1636 der Mitte mehr links Tisch,auf der einen Seite
548 1633 2350 1757 noch gedeckt mit Teller,Glas ete. Weiter nach
548 1765 2503 1913 rechts ein kleineres Tischchen, an dem Frau Frie-
539 1916 2350 2028 sel mit einer Handarbeit beschäftigt ist. Auf
534 2035 2428 2164 der Kommode Vesen und Photographien. Ueber der
536 2167 1199 2311 Komnode Spiegel.
