2824 3416
2267 232 2424 404 164
536 366 2393 556 Wili: Ja und sie sollen sich nicht aufregen in
536 502 2486 688 dritten Ikt, Frau Dimmzrat, lasst sie Inen sageur
536 644 2417 796 und sie lasst Ihnen die H채nd k체ssen. Aber jetzt
531 739 2375 938 muss ich wieder hinunter. Und soll ich ihr ger
531 884 1157 1046 nix ausrichten?
510 1020 2440 1193 Fr. Kriegel: Ich sag ihr dann schon selber alles.
523 1141 2414 1311 Sie weies je,sie weise ja. Sagen sie ihr nicht.
513 1247 1376 1456 laass ich gemeint heb.
544 1420 1870 1595 wili rechts und Matter linke abl
531 1541 2478 1711 Aetene ine ihrer Loge heraus, zu Methilde und Fi-
520 1677 799 1839 Oderal
528 1775 2128 1927 Relene: Es war schon des erste Zeichenk!
518 1906 2396 2138 Mathilde: (erhebt sichl tu tst je geredern Len-
523 2074 1206 2226 penfieber, telene.
515 2151 2584 2378 Relene: Jetzt kenn nichts mehr geseleten. Der Jetzte
508 2334 1255 2484 Art ist der beste.
500 2447 1724 2623 Uethilde: Du kennst die St체ckt
518 2579 2468 2754 Helene:(nicktl Ich hebe es im Menuscript gelesen.
528 2733 1659 2883 (in ihre loge zu Dr. Pricke.)
523 2867 2342 2963 (Richard mit Mathilde zu Frau Veith. Die T체ren
515 2970 1659 3171 der logen bieiben noch offent
