2920 3512
2504 256 2643 422 188
577 384 2336 601 karl dern: Harumd Er sah sehr orlgtnelt aus.
577 555 2123 737 Lovieln: Origivel1? Man hätte gebrällt
571 659 2713 852 Karl Der: Eigentlich war's far nicht so übel gewegen,
566 806 2499 983 wenn men den Publikum vor den beinehe tregischen
555 924 2659 1132 Sohlues ein wenig belegenkeit zur Leiterkeit gegeben
569 1084 849 1239 nette.
577 1210 2577 1367 Lobiein: Ihr Stück wäre im Gelächten des Publikume
563 1351 2619 1525 untorgegangen, abgeschen davon, dass der Schlues doch
558 1463 2024 1618 nicht tragischt genannt werden kann.
563 1583 2611 1762 Karl Vern: Sie halten offenbar nur den Tod für eine
571 1736 2131 1888 tragische Angelegenheit, Herr Regieseur.
563 1850 2563 2032 Preguleini (von rechte tritt wieder zu ihm) Ee geht
558 2008 1618 2152 gut, Herr Bern, es geht gut!
566 2136 2528 2291 Ansageri(zu Karl Bern) ich habe Sie gerade in der
555 2261 2504 2406 loge gesucht. Herr Doktor. but, dass Sie schon da
550 2366 2651 2542 sind. Nach dem zweiten Akt wär's auf ein Haar zu spät
550 2480 2483 2673 gewesen. Bitt sohbn, Herr Regiesenr, segen diesae
553 2630 2638 2798 Herrn Voktor, er soll an Schluss gleich herauskommen.
561 2750 2486 2932 Karl bern: In ich unter keiner Bedingung. indret
542 2886 2563 3057 windestens dreimal die Schauspieler allein. Es ist
537 3025 2563 3236 wir überhaupt sunlder genug. Beschnecklos, anwürdig
539 3145 929 3284 geredesul
