2856 3480
2270 258 2421 473 263
542 401 2584 624 ja, das Buch, wie ielfsehe. Mur wollen also vor(ellem
534 550 2474 757 einmal Ihren Auftritt im zweiten Akt. Ich gefahe
524 688 2377 854 stehe am Fenster, Sie kommen von dort, ich trefte
534 813 1874 976 Ihnen rasch entgegen. Also bitte.
532 971 746 1084 xxxXL
529 1051 2035 1209 Franzl: (in der Kolkze l S, ich bin's.
532 1181 1432 1345 Gregor: (I.d.R.1 Fanni!
527 1291 2467 1478 Frauzl: (I.d. R.) Wenn man Sie pehen willses blieb
516 1452 2296 1605 mir ja nichts übrig, da Sie nicht mehr lfmen.
524 1557 2464 1733 Gregor: Das lassen wir jetzt lleber,lfuter Kon-
516 1679 2495 1838 servation. (nimmt ihr das Buch auf def Hand, etwas
516 1833 2495 2009 zu nahe bei ihrl Machen wir vor alfey diese mich-
521 1958 2492 2127 tigeren, diese leidenschaftlicheren Stellen. Hier.
532 2048 2211 2273 Graus an, grausan... das ist schon derf fort-
521 2216 2566 2390 Franzi: (.I.d. R., aber teilnehmsloel/Erfusem. grausam,
524 2347 1449 2513 das ist schon das Wort.
524 2482 2495 2661 Gregor: (1.d.R.) Und doch was nay es, dde mich er-
524 2607 2531 2809 zittern machte, als ich mit einem Male alsiesmusste.
519 2728 2490 2922 Ich hab ja an Ihre Schuld nicht (geglaubt.) Ich en-
516 2873 2572 3047 pörte mich dagegen. Ich könnt ef nicht fasfen. Sind
524 3004 2566 3200 es die alten Vorurteile, die in pir lebendigwerden?
