2888 3560
336 289 507 522 182
583 480 2443 740 Zudwig-frasch nach rückwärts, Richard sieht sim
590 647 1460 806 Stmas betrendet nacht
595 715 2524 919 Antoinette: (die beide beobachtet hat, tritt rasch
605 853 2572 1058 zu Richard) Mas habt denn Ihr Zwei? Geheinnisse?
605 987 2501 1186 Richard: Nicht im geringsten. Er will mich noch
612 1100 2492 1316 einen Moment sprechen. Ich vertrete ihn ja wäh-
615 1276 2198 1416 rend seiner Abwesenheit.(kleine Pause).
617 1352 2528 1588 Antoinette) Wollen Sie mir etwas versprechen, Ri-
617 1570 887 1708 chard?
625 1688 1078 1798 Richard: -7
627 1762 2281 1987 Antginette: Dass Sie sein Freund bleiben.
635 1906 2438 2124 Richard: Das soll ich Ihnen erst versprechen?
637 2034 2408 2222 Wir sind Freunde seit unserer Gymnasialzeit.
639 2168 2553 2362 Anteinette: Es komnt vor, dass Freundschaften in
639 2305 2609 2497 die Brüche gehen, wenn einer der Freunde heiratet.
637 2433 2381 2602 Meist ist allerdings die Frau daran Schuld.
637 2582 2531 2764 Richard: (konversationelll Dann hinge es sa nur
652 2734 1722 2893 von Ihnen ab,gnädige Frau.
662 2840 2401 3031 Antoinettei Sie sollen mir doch Antoinette
662 3006 936 3148 segen.
662 3107 1796 3300 Richerdilleichte Verneigung)
