2872 3400
2114 231 2269 407 185
930 370 2564 553 eine Vorgängerin hatte. Ich bin ein Hle-
974 528 2484 679 stehe allein auf dem Himmelszelt. Was
640 645 2513 816 aber diese kleine - wie heisst sie doch - anbe-
643 765 2484 950 langt, sie wird es zweifellos meit bringen. Nur
640 908 2513 1088 noch etwas sprechen lernen, etwas ruhigere Bewe-
643 1025 2491 1205 gungen, weniger mit den Augendeckeln Hlappern.
648 1159 2479 1320 etwas mehr Natürlichkeit, mehrkstil und vor al-
597 1298 2554 1483 tem - sie soll sich nichts draus machen, wenn die
636 1412 2540 1588 Zeitungen sie morgen vernichten. Sie hat es red-
633 1561 1841 1700 lich verdient,da sei Gott vor.
636 1678 2537 1873 Baron: lbemerkt jetzt erst Dregulein) Ich dachte,
626 1848 2433 1967 ie sind im Stück beschäftigt,Herr Dregulein?
626 1931 2510 2111 Dregulein: Als gibt keine ohne mich, Herr Baron.
631 2070 2540 2248 Baron: kennen ie nicht Paragraph Sieben der Be-
628 2216 2469 2391 triebsordnung? Schauspieler, die in; einem Stück
631 2335 2437 2496 beschäftigt sind, haben während der Aufführung
626 2462 1999 2605 im Zuschauerraum nichts zu suchen.
616 2571 2513 2759 Dregulein: Herr Baron sind der Einzige, der mich
621 2739 1203 2873 erkennt haben.
621 2839 1461 3024 Beron:1i1 seine Zogel
