2872 3416
2248 301 2393 404 767
726 406 1104 564 sagt sein.
730 545 895 686 (Tür.
998 519 2454 705 ogs IV öffnet sich. Heibne tritt he-
700 691 1975 831 raus, verschwindet gleich wieder)
700 794 2586 923 Hoveda: Ei sieh doch man ist wohl eifersüchtig.
698 914 2513 1064 Geh nur zu deinem Bräutchen. Ich will ihr den
698 1059 2506 1193 bend nicht verderben. Auf Morgenl (nimmt ihn
688 1179 2438 1343 plötzlich beim kopf und gibt ihm einen Kuss.
707 1311 2393 1482 In diesem Eugenblick öffnet Helene die Türe
676 1447 2403 1602 der Loge, steht starrl Ja, Fraulein, das kommt
674 1553 1771 1729 vor. (in ihre Toge zurückl.
665 1684 2255 1820 Helene: (in die ihre, schliesst die Türel.
655 1846 2469 2025 Karl Bern:(nach kurzen Zögern öftnet die Büre
658 1971 2527 2100 zu Loge IV und schlies-t sie gleich wieder hin-
655 2076 1036 2250 ter sicht
655 2215 2499 2356 (Drittes Zeichen,verspätete Besucher durch den
658 2342 2457 2530 Zogengang,licherd von Links. In diesem Augen-
634 2476 2426 2619 blick, rasch über die Ptiege,Dr. Ludwig Gerold.
641 2619 2356 2743 lunkler Ueberzieher, hinaufgeschlagener Krae
641 2739 1134 2877 Eicherd: Dur
632 2833 1524 3018 Lndnig: Vie du siehst.
