2936 3592
580 362 2516 633 Sidonidan, gnädige Frau, genz leicht wird es Ihnen
588 542 1866 761 heute auch nicht uns Herz sein.-
603 620 2544 927 Fr. Eiderhof: (undurchdringlicht Wiesor Mas wisren
605 819 1914 1007 Sie überhaupt von meinem Herzen?
613 989 1477 1158 idon: Leider, leider.
630 1030 2597 1283 Pr. Eiderhof: Von meinen Herzen hat mahrscheinlich
640 1175 2544 1414 noch niemend etwas gemusst. Adieu und auf baldi-
643 1361 1301 1534 ges Wiederschen.
645 1424 2536 1715 siden: Das segt sich so, bald ist einmeiter Be-
673 1652 922 1803 griff.
665 1703 2323 1919 Eiderhof: Rufen Sie mich gelegentlich an.
671 1808 2692 2059 sidon: belegentlich ist ein noch weiterer Begriff.
691 1959 2499 2167 Fr. Eiderhof:(lachtl dum Aiso dann - in einer
688 2162 1246 2313 Stunde etwa-
711 2255 1886 2443 sudon: Sie sprechen in Ernstz
726 2366 2541 2561 pr. Eiderkof. Mar konnte zusamnen ausgetengte
726 2441 2692 2715 Eovitton rott es ein perrreirende sanssehe Rär
741 2594 2669 2838 rerinnen geben. Da ersperen wir unr hedte Beide
738 2762 2662 2958 des Hartdenken. In Parilion sollen zwei reizen-
753 2878 2572 3099 de spenigate ranzerinnen auftreten, man könnte
753 2993 2737 3234 den Bend nohteeen Es wäre viel-
