2856 3480
451 362 2504 566 Ein Versucht Ihr ganzes Stück, über dessen Schwächen
448 539 2582 714 Sie sich wohl keinen Tllusionen hingeben, könnte dabei
454 649 2456 832 kaput gehen. Und wer hät das Bad auszugiessen, -die
464 794 1629 974 Intendanz selbstverständlich.
448 899 2515 1100 Karl Bern: dürfte ich mir einen Vorschlagerlauben?
454 1055 2593 1229 der Sie nach keiner Richtung verpflichtet, Herr Inten-
462 1149 2488 1358 dant. Lassen wir heute die Rolle von Fräulein Frie-
454 1318 2386 1500 sel einfach lesen. Danit ist ja nichte riekiert.
451 1444 2367 1621 Sie darf natürlich gar nicht wissen,dass sie für
462 1570 2520 1763 die Darstellerin der Fanni ernstlich in Betrecht ge-
464 1704 2515 1879 zogen wird oder werden könnte. Das würde ihr natür-
462 1841 1747 2010 lich alle Unbefangenheit nehmen.
472 1959 2501 2123 Intendant: Die Frage, ob sie überhaupt im lause ist?
462 2083 2474 2284 Karl Bern: Selbstverständlich. Im dritten Akt käme
454 2238 2480 2407 sie in jedem Falle dran. Uebrigene ist sie während
451 2364 2273 2536 aller Proben bisher im Zuschauerraum gewesen.
454 2485 2611 2686 Intendent: (nachdenklich, setzt sich an den Regietisch,
459 2635 1248 2732 wo früher Karl sass
451 2743 2595 2939 Karl Bern:(bleibt stehen, die Probe ist indese weiter-
464 2901 2018 3049 gegangen, man hört nun wieder Folgendesl
451 3011 2440 3194 dögelmann:(iesend in seiner Kollel Einen feuchten
451 3156 2515 3309 Blick eine Stunde zu früh,ein frivoles Wort,während
