2904 3528
2256 335 2397 426 183
2040 379 2637 493 trum udustin
627 449 2494 587 Lobiein: Aber ich bitt diel Entweder oder. Von
640 533 2632 754 solchen diegen kenn des Schlcksal einer Stacke ab-
630 677 932 848 hengen.
635 786 2556 996 Agrl. 66 ich horeuskonn oder nicht. Und wenn ich
637 934 1220 1101 sohen tor werd
640 1083 2603 1259 Loblein: Einen Roten verzeiht wen alles, auch dass
640 1210 1398 1363 er nicht erscheint.
625 1316 2080 1495 Dregulein: Es gel denn als Gespenst.
627 1470 1772 1616 Anseger-Wanserlstill seinel
637 1576 2593 1780 (Eine heirlang volikonnene Stille, nur das beranne
627 1713 2513 1857 von der bühne her. Plötzlich Heiterkeit auf der
617 1829 1475 2000 Dahne, eusn araussemi)
620 1951 1983 2159 teri dern: Mas iat den plötrlicht
632 2134 1549 2248 Man hört applanaieren)
635 2228 2095 2377 Ieri dem wdehst erstanates besicht!
627 2394 1780 2536 4oblein: Das wer ja der Witz.
615 2489 2548 2650 Karl Vern:Witzl A, der Witz, den Sie hinsingedicht
610 2620 1393 2781 haben, Herr Loblein.
612 2741 2521 2947 Aobletn: xtet Nar nichte geschedet, wie Sie
610 2942 882 3061 sehen.
600 3014 2561 3208 karl dern: Da hätte an Ende auch der Herr John in
