2808 3416
565 377 2377 612 Ihrem Ralent. Sie dürken Ihren Stück nieht un-
570 570 2429 763 treu werden. Das ist hägslich. Es ist Melt be-
550 724 1775 877 scheigenkeit, sondern Arroganz.
548 791 2447 1011 Karl Fern: Es wäre eine gube Vat,wein auch mein
578 922 2355 1138 Stück derunterblitte. Schicksal spielen reizt
555 1123 979 1242 mich mehr.
565 1205 2325 1410 Dregulein: Sis sind nicht der liebe Gotz, Sie
568 1319 2335 1524 sind ein Dichter: Dazu haben Sie gewiss doch
565 1462 2424 1653 noch mehr Talent. In den Lugenblick, wo Sie der
578 1586 2486 1790 lieben bott spielen wollen, sind Sie ein Literat.
573 1750 999 1889 Karzeax
580 1832 2531 2050 Hichard:(tritt wieder zu ihnen hin,hat indess den
575 1993 2553 2171 Brief zu Ende geschrieben) Ich sehe, Sie sind auch
573 2164 1676 2293 nicht viel weiter gekommen.
612 2238 2466 2419 regulein: Es ist spät, auf ein nächstes Mal, auf
583 2412 1445 2583 morgen bei der Probe.
583 2590 2471 2823 Kerl vern:bzu Richerdl Sie haben einen Prief ge-
590 2756 2526 2930 schrieben, Abschiedstriet wahrscheinlicht Ueberle-
592 2868 2585 3116 gen Sie siche. Ich übernehme nicht die Verentnor-
