2808 3416
2214 235 2368 375 174
606 340 2427 527 Richard: Da brauchst dich nicht so zu beeilen.
615 475 1651 653 sie tritt erst später auf.
608 613 2518 781 Ludwig: Woher weisst du das so genaut Ach so, du-
610 741 2451 914 konnst das Stuckt (lacht) So, so. (einfachl Aiee
613 872 2384 1038 au. Ich hab es ja vermutet. Übbrigens hast du
888 974 1183 1059 Konödie
615 1002 2442 1171 vorzüglichfaundt gespielt. Narum eigentlicht
606 1142 2437 1290 Ich hätte es dir so wenig übel genommen wie du
608 1271 808 1420 mir.
587 1368 1606 1530 Richardi Welche Grosenatl
919 1492 1112 1572 Harun
606 1513 2425 1686 Ludwig: Han dieser Ton,Richerdt Du hast wahr-
598 1658 2460 1834 haftig keinen Mlass und keinesfalls ein Recht.
594 1779 2392 1921 Dase du nebstbei sentimental bist, macht deine
594 1890 2494 2085 moralische Entrüstung nicht gerade geschmeckvoi-
584 2035 779 2185 1er.
594 2154 2463 2356 Dichard: lanbeherracht) Ich werde Franzi vor die
606 2306 1370 2458 zu schützen wissen.
601 2432 2439 2620 indnig: Ioh denke wohl, dass sie das selber tun
598 2572 1912 2719 wird, wenn es ihr belieben sollte.
596 2688 2425 2864 Richerd: Du hest kein Recht mehr an sie. Milist
587 2852 1522 2971 au das nicht verstehen?
594 2959 1872 3164 lnenig: Und daf, der docknan mit
