2808 3432
2256 401 2393 565 Ro
590 386 2191 570 dohni Ihr werdets dock nöch andere für d
600 533 1519 700 haben als die Roveda.
600 660 2478 854 Richard! Wie stellen Sie sich das vor vier Tage
603 804 1427 969 vor der Prenidrer.
598 889 2525 1096 Dogelmenn: Es ist doch überhaupt keine da. Konnt
600 1076 1932 1215 keine in Betracht von den Andern.
598 1155 2216 1345 Richard: Ich wüsste auch absolut keine.
605 1305 2495 1464 John: Schon aus prinzipiellen Gründen müsst man
613 1432 1965 1611 in einem solchen Fall unbesetzen.
600 1556 2602 1748 Harl Bern: (zu Fraunl Macken Sie sie gesund, Doktor.
622 1696 2492 1860 Dregulein: Abèr ein Thesterarzt ist doch nicht
622 1830 2515 2002 zum Geundmachen da, sondern nur wegen Krankheits-
622 1957 1073 2124 zeugnissen.
605 2087 2520 2241 John: Es wär sicher manche da und noch dazu jün-
620 2196 2129 2385 gere als meine Ergepahlin. Die Bauer-
622 2348 1270 2515 Tregulein: Aber.
615 2473 1526 2634 John: Oder die Friesel.
613 2619 1611 2791 xichera:lnira autmerksan)
613 2709 2527 2916 Dregulein: Das wir vielleicht die Einzige, die in
603 2896 1175 3035 Betracht käme.
