2840 3432
2283 259 2436 427 165
633 366 2237 572 dregulein: (tritt aus der loge der Rorede
628 539 2497 704 KaradaxLAdienrlieher (In der Tage ist auch die
623 661 2484 791 Mutter der Rorede, eine kleine dicke Frau sicht-
631 826 1683 903 ber, die jetzt Lonbons iect
631 938 2535 1096 Roreda: Adieu, lieber Tregulein und bestellen Sie
623 1030 2387 1231 der beganten kleinen Fure meine herzlichsten
633 1187 1170 1340 Glückmünsche.
625 1309 1948 1467 Dregulein: Werde nicht ermangeln.
633 1429 2494 1622 Rorede: Sie wird es meit bringen,fur noch etwes
623 1571 2476 1749 sprechen lernen, etwas spielen und etwas weniger
620 1678 2530 1864 mit den Augendeckeln klappern, etwas mehr Natür-
620 1828 2665 2003 lichkeit und sie soll nich nichts draus machen, wenn
620 1960 2647 2128 die Zeitungen morgen über sie herfellen. Sie hat es
623 2090 1320 2245 redlich verdient.
628 2209 2512 2400 dregulein: Adieu, (zu der lutterl kürs die Rend,
633 2354 1164 2507 gnädige frau.
631 2464 2598 2639 Rorede: Adieu, dregulein, und fells mir uns nie wie-
631 2576 2657 2771 der sehen sollten, behalte mich in guten ingedenken.
618 2728 2548 2914 bregulein: Angedenken? Was heisst dasz du willet
610 2853 1518 3028 doch nicht wirklich-2
