2840 3432
514 530 661 666 1Die
923 550 1990 712 der Aoge ökinet eict wieder
504 651 753 753 hersus
496 797 2258 949 Rorede: Ei sieh doch, man ist wohl eifersucht
499 910 1023 995 Heiene: (bleih
1098 939 2522 1070 wider ihren Willen stetenl, wieder zu
527 993 674 1085 ruck
501 1070 717 1208 Lored
1062 1034 2528 1183 zu Kurl Bern) Geh nur zu deinem Bräut
504 1144 2417 1322 chen. Ich will ihr aen lbend nicht verderben, bin
496 1278 2561 1471 doch ein gutes Ding. (leuter) luf morgen! (sie gibt
514 1417 1530 1563 ium plötzlich einen Kuse
504 1532 2512 1720 (in diesem Augenblick öfinet Relene wieder die Füre
499 1692 1319 1856 der loge, steht starr
2008 1800 2188 1934 itre
494 1790 1820 1952 Rorede: Ja, Fräulein, des konnt vor
1833 1952 2309 2070 chlieset wie
486 1918 1566 2036 Helene:(gleichfalls in ihre
486 2090 1530 2186 Karl Benn: (zögert ein weni
491 2193 1342 2309 die loge von Relenel.
540 2322 1985 2507 (der dritie lut het begonien, sin ler
494 2471 1430 2623 resch durch den logenget
1476 2474 2157 2610 von rechts unten
483 2584 2425 2754 stille. Richerd, der eine Neile fort wer, komnt mit
494 2718 2420 2893 einen Brief in der Rand. Er sieht den Logenschlie
486 2844 2150 3014 ser, der sich wieder auf den Diren gesetzt)
481 2960 2530 3168 Diefera: Ich nöchte Sie un eine Gefälligkeit bieten.
