2856 3480
542 364 2425 593 Bühne leer Durch des Fenster rechts fällt licht
545 529 2560 649 von gegenüberliegender Strassenlaterne und von dem
1140 641 1433 723 weissen
542 677 2397 858 Atchtfallenden meizen Schnee. Die Kuckucksuhr
540 814 1077 965 schlägt neun.
547 929 2593 1107 Mahrend der letzten Schläge tritt die Baronin Duna-
550 1079 2530 1242 noit ein,äitere stattlich aussehende Dane, in ein-
552 1189 2532 1382 fachem bequenen, aber ordentlichem Hauskleid.Schal.
547 1331 2257 1476 tet das Licht ein. Bescheidene Deckenlämpe.
542 1474 2507 1570 Bald nach ihr das Dienstmädchen Leni; zum Alkoven,
552 1593 2441 1710 stegkt zwei Kerzen in die auf dem Nachtkättchen
550 1738 1438 1896 befindlichen Zeuchter.
534 1835 2367 2033 Daronin(zun Fenster, spricht mit französischen
547 1988 2446 2107 Akzent, zu Leni), ohne Schärfe): Wieder haben Ste
547 2095 2492 2293 vergessen herunterzulassen. (lässt die Roulettih
537 2250 947 2425 herunterl
580 2369 2499 2494 Teni: (zum Fenster, als wollte sie der Baronin be-
552 2520 1122 2688 wiiglich seint
550 2621 2509 2807 Baronin: C’est fait. Richten Sie draussen her wie
552 2774 2410 2960 gewöhnlich, Schüsseln, Feller, danit Sie gleich
550 2901 2362 3064 hoden können aus dem Restarrent. (zur Komnodel
545 3031 2494 3219 Dae Wasser ist nicht mehr frisch.lreicht ihr den
