2840 3416
192 228 456 395 28. 2.29
602 410 2370 619 Richerd: Sie haben Schwierigkeiten mit Ihren
597 580 852 713 Stück?
607 689 2497 878 karl bern: Sie perden zu beheben sein. Die Idee-
602 813 2436 1009 mit Fräulein kriesel ist nicht übei. Sie wie-
604 966 2341 1135 sen doch, dass Fraulein friesel die Geliebte
619 1072 2290 1242 Ihres Freundes, Doktor verold ist oder war?
609 1191 1099 1351 Richärd: 507
614 1334 2455 1512 Karl vern: Sie, treiben die Diskretion zu weit.
614 1512 1805 1677 Er ist doch ihr bester Freuna.
658 1592 2191 1781 ichard: Nug. ja:- Freilich weise ichs.
624 1715 2290 1926 Karl Bern: Ich habe den Kindruck, dass ihr.
611 1871 1582 2023 seine Untreue nahe geht.
619 1980 2572 2191 Richard:Ach, sie wird sich sehon getröstet. haben.
619 2094 2509 2312 Karl dern: ie meinen, weil sie jetzt verüutlich
619 2264 2453 2429 einen onnern Flöshader hat? Das schliesst sich
602 2380 2480 2565 nicht aus. Jedenfallgiebt sie noch unter einen
619 2482 2535 2681 Druck. Sie konnt känstlerisch nicht weiter. Eine
607 2654 2501 2783 neué Holle in einem neuen Stück würde etwas für-
624 2783 2504 2936 sie bedeüten. Es bedeutet eine neuen Liebhaber,
626 2880 2499 3081 eine neue Sensation, ein neues Glück vielleicht.
