2888 3592
2279 330 2501 489 10,11
513 481 2436 709 Da hofientlich hebe ich bei meiner Rückkehr Ge-
523 662 997 806 legenheit-
513 738 2080 963 Kerl Dern: Garentieren kenn ich nicht.
534 850 2621 1054 Rutteilzu Karl Bernl Auf die hundertste Vorstellung
531 1067 1290 1183 Das darf men doch?
547 1135 2480 1347 (Gradel, Ratte, Karl Bern nebensinander, ludnig und
542 1329 1745 1483 Frau Eiderhof etwas lsoliertl
539 1444 2496 1627 Fr, Eiderhof: Also ehe wir scheiden - viel Gluek.
549 1599 1057 1740 lstossen anl
552 1643 2624 1863 Indrigi Bei dir bin ich überzeugt, dass das ehrlich
552 1850 850 1981 meinst.
562 1936 2595 2135 Ex. Eiderhof: Aber loh rate dir, gib Aeht, Antoinette
570 2106 1593 2260 ist kein einfaches Wesen.
568 2187 2669 2407 Indrig: Mnscht ich wir gar nicht.Ich bin auch nicht
562 2378 908 2525 einfach.
565 2488 1711 2669 Fr. Eiderhof: Das meiss Gott.
581 2601 1829 2739 Sidon:(ist ens buffet getreten)
597 2703 2245 2810 Fr. Veith,Mathilde und Antoinette zusammen
591 2758 2475 2904 Rutte: Es lebe der Frautvstert tuan sthest an)
620 2849 1876 2941 stdonr Danke, denke, meine Herren.
589 2904 2663 3011 Gradel: Wie ein Brautvater sehen Sie wirklich nicht
594 2988 2441 3100 aus Herr Komnerzlalrat, eher wie ein Brautigen.
583 3045 1834 3129 Entte: Mit Nachsicht der Braut.
599 3058 2574 3208 THelene hat Frau Veith und mathilde Adien gesagt,
591 3181 1287 3357 tritt zu Foharat
