2952 3656
2292 474 2443 599 188
482 617 2428 834 Insptzient:(gibt den Klarierspieler ein Zeichen.
479 787 1717 969 der sofort zu spieden authört.
495 896 1964 1099 Franzi:lnach Zögern, öfinet den Friefl
500 1042 1878 1183 (borderobière und Mili nach rechte
500 1154 2415 1360 Tregulein: (tritt zu Franzi) Rote, glühende Rosen.
511 1287 2376 1495 Etxexxtek Er hat sich's doch lieber überlegt?
503 1417 2516 1612 Franzi: Was fällt Innen denn ein? Sie glauben dach
511 1555 1844 1732 nicht, dass der Brief von ihm iste
867 1678 995 1751 vn
508 1730 1571 1876 Sregulein: Ist mir Lieber.
521 1810 2483 2011 Franzi: Die Biunen und der Brief, die sind von i
524 1883 2506 2149 nem andern - von einem andern Schuften. Von einem
529 2133 974 2295 grösseren.
539 2149 2295 2412 Dregulein: Ich kenn mich da nicht recht aus.
531 2324 2464 2548 Franzl: Aber er ist auch im Thester.- Jetzt grad
531 2423 2569 2681 heb ich ihn entdeckt.(Sollte men's für möglich hal-
542 2636 1480 2819 ten -)mit seiner traut.
542 2652 2438 2923 dregulein: das kenn Ihnen doch jetzt egal sein.
555 2834 2516 3069 Franzl: Was wollen sie denn alle von mirder eitzt
547 2964 2639 3202 de oben in der Loge mit seiner Fraut und ich spiele
555 3110 2277 3342 ihm Theater vor. Mein, ich will nicht nehr.
