2872 3512
800 453 1253 599 zu brechen.
805 573 2327 717 Eogelmenn! Aber geniss, es gebe mancke.
793 696 2384 885 Greger: Es laufen ein halbes Dutzend Mät
793 864 1385 965 bei uns herum.
795 953 2575 1138 Sohn: Nur eine kln wirklich in Betracht, -die
788 1102 1145 1246 Friesel.
791 1208 2082 1395 Karl Bern: Sie glauben wirklicht
795 1352 2681 1527 Aermel- Friesel? Ich habe den Nanen nie gehört.
791 1482 2681 1638 Fritzi: Jetzt spielt ein Stubenmädel im Freund
786 1635 1281 1789 der Frauen.
795 1746 2374 1909 Aermel: Mit wen hat sie ein Verhältnis?
812 1879 2570 2032 Fritzi: Neulich war sie zwei Stunden lang im
791 2006 1576 2157 Dursau beim Baron.
793 2124 2683 2294 dermel: Sonas nend ich kein Verhältnis,so wenig
767 2266 2601 2426 Masern eine Krankheft sind. Wer hält sie aus?
786 2393 2570 2572 de Der zahlt ihr den Schunck, die Tol-
774 2504 1097 2679 Lettent
781 2657 2679 2792 Dregulein: Schmuck hat sie keinen. Aber für ein
772 2773 2636 2964 dakresebonnement auf die Toklisse wirde noch
772 2912 1116 3049 reichen.
784 2992 2150 3236 Aemol: Nelse vienafd nas auf siel
