2872 3496
2180 193 2341 355 10
595 427 2445 588 kommen. Die meisten sungen Kunstlertenen wären
595 553 2123 744 oder sind sa auch im Ernstfall bereit.
627 702 1694 868 Eichard: Ernstfall ist gut.
608 813 2443 985 karl Bern: Sie verlieren das Rössel. Bitte, Sie
610 977 1629 1123 haben noch nicht gezogen.
608 1071 2599 1257 Righard: (macht einen anderen Zugl Traurige Zustän-
610 1245 1193 1374 de eigentlich.
610 1337 2525 1490 Karl Bern: Wiesol Wir wollen doch die Sogenannte
610 1478 2450 1642 Tugendhaftigkeit nicht überschätzen. Ich nohm
618 1587 2455 1788 es keiner übel. Menn eine dadurch reschet rok-
1371 1721 1503 1798 mit
613 1691 2564 1915 nartskannt, dass sie einem Direktor oder Regisseur
618 1865 2527 2031 oder eenst nem besonders liebenswürdig ist oder
610 1996 1962 2143 sich kunstlerisch erfüllen kann-
630 2120 2577 2296 Hiohard: Sie stellen sich zmischer als Sie sind.
618 2252 2482 2413 Karl Bern: Das ist kein Lynismus, das ist Sinn
630 2373 2500 2567 fur das Heöentliche. Oder halten 1e Tagend für
620 2507 1300 2681 das Regentlichet
625 2621 2584 2822 Richerd: Richt gerade Ragend, obnohl ioh in Prin-
630 2783 2158 2921 edp nichts gegen sie einzuwenden habe.
630 2902 2115 3073 Karl bern: Ich auch nicht im Prinzip.
