3112 3464
2522 314 2678 520 262
807 510 2359 688 (Fricke und Frau Veith treten zu ihnen
842 668 2797 792 Fricke: Also, es bleibt dabei, ich habe einen Tisch
832 770 2750 933 im Grand Hotel reservieren lassen,-wir können ja
824 921 2109 1044 alle in meinem Magen hinfahren.
822 1052 2646 1198 Richard: Ich werde ldeber zu Fuse nachkommen.
829 1195 2624 1344 Nach dem Theater habe ich gern etwas frische
807 1317 1106 1455 Luft.
832 1426 2794 1619 (Eretee zeichen zum Deginn des neuen Aktee ertont;
819 1564 2369 1750 Helene: Schof das erste Zeichen, Vater.
827 1703 2695 1891 (Frau Veith spricht ein paar Morte mit Richaral
824 1854 2814 2022 Helene: (zu Mathilde) Was hast du? Was gibt's denn?
804 1985 1930 2131 Mathilde: Nichte besonderes.
809 2163 1624 2279 Helene: Sprich doch.
807 2237 1643 2398 Mathilde: Ee ist aus.
807 2344 2722 2554 Helene: Aedelkeinen Unsinn. Es hat ja noch nicht
802 2527 1534 2673 einmal angefangen.
802 2633 1990 2802 Mathilde: Die da unten ist es.
799 2757 1893 2888 Helene: Wieso die da unten?
780 2896 2069 3052 Mathilde: Die die Franzi spielt.
794 3002 2356 3188 Helene: Wie könnst du nur auf die Ideez
