2808 3400
2212 220 2359 392 137
630 436 919 571 liebst.
626 523 2364 697 kranzi: Die Worte werden aber wohl genügen?
635 660 2442 837 Gregor: Wie Sie meinenf. (i.d.F.1, ohne Gestel
635 795 2448 970 Komm, sag mir noch einmal, dass du mich liebst.
628 933 2451 1087 Franzi; (i.d.H.) u selbst bittest mich darum?
640 1068 2480 1220 Du selbst? Jetzt kann ich es nicht mehr sagen.
656 1194 2368 1334 Oder doch - (näher zu ihm, an seinem Herzen)
653 1327 2407 1492 Nun ja - ich liebe dich für alle Awigkeit.
663 1463 1763 1570 Gregor: (reisst sie an sich)
665 1566 2345 1712 Franzi: (reisst sich plötzlich von ihm los)
658 1724 2389 1887 Gregor:Machen wir die Szene vielleicht noch
663 1894 949 1988 einmal.
663 1992 1547 2150 Franzi: Nur die Worte.
667 2084 2306 2306 Gregor: Selbstverständlich nur die Worte.
