2824 3432
2292 313 2526 442 166 a
539 392 2537 584 Roreda: Des deutsche Thester in Berlin het telegra-
534 545 2460 718 phiert. Ich gastiere dort schon nächste Woche als
516 676 2634 845 Maria Stuart, Feodora und Cemeliendeme. Diese Schmiere
529 795 1489 958 sieht mich nicht wieder.
518 937 1958 1121 tregulein: Ich fälle aus den Wolten.
510 1068 1318 1208 Rodeda: Liege weicht
529 1205 2131 1302 (Hermel kommt vorüber, will wieder zurückt
526 1305 2539 1495 Roreda: Was fleibst du bei meinem inblick, Exgemal1?
516 1439 2529 1634 Aermel: Es sieht dir ähnlich, dass du heute im The--
510 1579 892 1689 ter bist.
510 1708 2576 1897 Roreda: Mir sieht alles ähnlich. Auch menn ich nicht
505 1850 1618 2002 da wäre sähe es mir ähülich.
510 1944 2576 2139 Iregulein: Du bist doch das genialste leib unter dem
505 2087 1031 2216 Deckenluster.
505 2231 2415 2389 Roreda: Und SieiHerr Tregulein, der talentloseste
495 2352 2521 2510 Schluspieler unter dem Mars. Wir sollten uns zusam-
497 2460 1584 2642 nen photogrephieren leeren.
492 2613 2558 2789 Hermel: Was sagt men übrigens zu dieser Vorstellung!
487 2726 2552 2884 dieses Stück, diese ufführung! Ein alter Seck,dieser
516 2855 2542 3068 bregor. Dieser Iffe dögelmenn! Und diese Debutentin,
484 2994 2502 3158 von der men kein Wort versteht, und etwas vermech-
645 3105 1171 3279 ist sie auchi
