2808 3432
688 366 2109 520 Momit haben wir es denn bei Ilnen ve-
676 496 2092 652 Hermel: Men könnte siel vielleiclte
684 625 1465 793 spreclen, Herr Beron.
684 776 2524 952 Baronilslick comotil auf die Rorede ais auf dem
679 898 1328 1025 Eine Versöhnung?
684 994 2029 1189 Ropede: Nicht doch. Aber innerlin.
684 1143 2588 1279 Bargn: Jddesfalls, gnädige Frau, ist es ein vorneh-
671 1267 2590 1435 mer Zug von ihnen dem Triumph Ihrer Nachfolgerin
681 1396 1850 1516 beizuwohnen. (ab. in seine logel
686 1511 2178 1702 Rorede: Nachfolgerin?-Ist er verrückt?
679 1684 2641 1782 Aermel: Dein Entlassungsgesuch ist also bewilligt?
674 1819 2495 1970 Roveda: Ich habe überhaupt keines eingereicht.
669 1921 2558 2073 ES war eine Differenz auf der Probe, wie das hun-
666 2038 2576 2229 dertmal vorkommt. Dieser übuckligen Dilettantin
669 2178 2615 2363 des Feld räumen? Wir wollen doch sehen, ob es noch
662 2305 2012 2495 eine Gerechtigkeit auf Erden gibt?
666 2410 1765 2549 Karl sernilkonnt von rechtsl
662 2576 2458 2724 Rorede: Wo stechen Sie denn Joet? den letzten
662 2688 2595 2842 Art sehen Sie sich gefälligst von meiner loge en.
662 2812 2168 2998 oder gestattet es des kräutchen nicht?
662 2932 2514 3132 Karl Bern: In der lutorenloge kin falle ich me-
666 3108 1067 3232 niger auf.
