2856 3400
2269 288 2434 418 168
775 395 1837 551 krrtaxtuhaxterXX
770 521 2468 688 Ludwig: Wie du siehst. Ich habe einen ganz
772 663 2536 816 versteckten Platz,Galerie,kein Bekannter hat
759 775 2486 923 mich gesehen. War mir auch ziemlich gleich-
763 905 2518 1074 gültig. Was sagst, du zu Franzi - wundervoll,
752 1033 2523 1218 nicht wahr? Warum hast du mir übrigene nicht
761 1168 1337 1323 telegraphiert?
749 1286 2189 1462 Hichard: Ich habe dir telegraphiert.
752 1426 2479 1595 Ludwig:Ja, dass mein Schwiegervater tot ist,
733 1558 1883 1705 aber nicht, dass Franzi lebt.
731 1691 2548 1842 Richard: Ee verletzt dich hoffentlich nicht zu
722 1830 2466 1970 sehr., dass - sie sich nicht umgebracht hat?
731 1940 2498 2127 Ludwig: Ichsin stolz, dass der Schmerz sie zu
736 2072 2440 2235 einer Künstlerin gemacht hat. Nie hätte ich
722 2214 1076 2340 geahnt-
711 2310 2493 2498 Richard: Weiss Antoinette, dass du in Theater
722 2482 937 2616 bistr
717 2603 2468 2737 Ludwig: Selbstverständlich.Sie war es ja, die
701 2708 2536 2875 mich gestem auf die Notiz in der Zeitung auf-
690 2829 2440 3007 merksan gemacht hat, eine Stunde, ehe der Zug-
695 2966 1472 3119 im Bahnhof einfuhr.
