2872 3480
597 408 1668 603 Dr. Pricke: Loge Una aerzi
2379 392 2547 605 seh
600 550 953 718 dis bin?
600 700 2613 866 Karl Bern: (abwehrend) Es ist die Autorenloge -gra-
605 816 1526 974 tis, auch unverkäuflich.
595 916 2521 1124 Fr.Fricke: Das ist ja veinche zu viel Ehre. Also
595 1079 2518 1218 besten Dank nochmals und auf Wiedersehen. Adieu,
1652 1179 1916 1274 Stir
571 1210 2158 1402 Retens- ler hüsel sie auf diesand geht)
592 1463 1295 1645 Kerl Bern, Relene.
582 1597 2558 1771 Karl Bern: Wie schaag, dase ich deinem Vgter nicht
574 1731 1560 1894 Exx Sympathischxx bin.
2000 1802 2371 1944 igentlich
576 1858 2437 2018 Helehe: Du irrst dich: Er wünschtptur, dass du
568 1973 2471 2160 ihm feniger sympathisch wärst. Er iet nur theo-
571 2121 1347 2292 retisch gegen dich.
568 2234 1700 2408 Karl dern: Una du prartisen.
558 2389 1381 2529 Defene: Es mechselt.
553 2494 2608 2687 Karl Bern: Uebrigens guten Tag. (er küest siel Ach.
545 2647 868 2802 Helene
547 2752 2658 2942 Heiens:lanneurend) Dies später. Du hast aiso gesterd
553 2894 2373 3094 mit Richerd gesprochen. Was gibts eigentlicht
