<?xml version="1.0" encoding="UTF-8" standalone="yes"?>
<PcGts xmlns="http://schema.primaresearch.org/PAGE/gts/pagecontent/2013-07-15" xmlns:xsi="http://www.w3.org/2001/XMLSchema-instance" xsi:schemaLocation="http://schema.primaresearch.org/PAGE/gts/pagecontent/2013-07-15 http://schema.primaresearch.org/PAGE/gts/pagecontent/2013-07-15/pagecontent.xsd">
    <Metadata>
        <Creator>prov=READ-COOP:name=PyLaia@TranskribusPlatform:version=2.7.0:model_id=50870:lm=none:date=22_01_2024_16:59</Creator>
        <Created>2023-09-27T14:32:29.238+02:00</Created>
        <LastChange>2024-01-22T16:59:45.777+01:00</LastChange>
        <TranskribusMetadata docId="1589029" pageId="60122478" pageNr="119" tsid="145626762" status="IN_PROGRESS" userId="40391" imgUrl="https://files.transkribus.eu/Get?id=DRZPSCXOSLFAJDKCJGCLYVRZ&amp;fileType=view" xmlUrl="https://files.transkribus.eu/Get?id=TQWQAAALBQRQYCKIVPJEBZVW" imageId="48547556"/>
    </Metadata>
    <Page imageFilename="1589029_0119.jpg" imageWidth="2824" imageHeight="3464">
        <ReadingOrder>
            <OrderedGroup id="ro_1711795062850" caption="Regions reading order">
                <RegionRefIndexed index="0" regionRef="tr_1"/>
            </OrderedGroup>
        </ReadingOrder>
        <TextRegion orientation="0.0" id="tr_1" custom="readingOrder {index:0;}">
            <Coords points="501,233 501,3271 2675,3271 2675,233"/>
            <TextLine id="tr_1_tl_1" custom="readingOrder {index:0;}">
                <Coords points="2216,323 2237,315 2264,342 2272,336 2298,347 2309,339 2332,352 2348,339 2364,339 2372,204 2346,207 2325,196 2317,201 2293,180 2258,209 2250,204 2242,212 2224,212"/>
                <Baseline points="2230,307 2258,301 2287,298 2316,298 2345,297 2374,295"/>
                <TextEquiv>
                    <Unicode>105</Unicode>
                </TextEquiv>
            </TextLine>
            <TextLine id="tr_1_tl_2" custom="readingOrder {index:1;}">
                <Coords points="490,537 903,561 1125,498 1303,543 1581,530 1911,445 2364,466 2367,339 1776,389 1665,347 1528,405 1387,376 1165,421 972,368 712,424 667,384 495,381"/>
                <Baseline points="504,492 597,482 690,482 784,478 877,474 970,471 1064,471 1157,468 1250,462 1344,459 1437,456 1530,453 1624,452 1717,449 1810,444 1904,442 1997,439 2090,438 2184,435 2277,433 2371,433"/>
                <TextEquiv>
                    <Unicode>Inten ant: Bitte fortzufahren, Präulein Friesel.</Unicode>
                </TextEquiv>
            </TextLine>
            <TextLine id="tr_1_tl_3" custom="readingOrder {index:2;}">
                <Coords points="487,627 1136,598 1300,649 1506,596 1824,657 2354,622 2356,516 2287,487 1864,527 1737,479 1628,535 1303,543 1144,498 490,572"/>
                <Baseline points="501,618 593,615 686,614 779,616 872,610 965,606 1058,603 1151,597 1244,597 1337,593 1430,590 1522,587 1615,582 1708,581 1801,577 1894,574 1987,570 2080,567 2173,564 2266,561 2359,558"/>
                <TextEquiv>
                    <Unicode>Franzi: (i.d.H.) Aber ich werde dieses Leid von</Unicode>
                </TextEquiv>
            </TextLine>
            <TextLine id="tr_1_tl_4" custom="readingOrder {index:3;}">
                <Coords points="492,770 974,792 1046,736 1379,797 1615,723 1811,715 1869,752 1988,702 2330,747 2507,691 2510,625 1721,630 1414,691 1226,620 1003,691 495,672"/>
                <Baseline points="507,737 607,740 707,741 808,737 908,734 1008,734 1109,731 1209,731 1309,725 1410,728 1510,717 1610,714 1711,707 1811,704 1911,704 2012,699 2112,698 2212,693 2313,689 2413,686 2514,689"/>
                <TextEquiv>
                    <Unicode>Ihnen nehmen(weide es, ich kann es, denn ich liebe</Unicode>
                </TextEquiv>
            </TextLine>
            <TextLine id="tr_1_tl_5" custom="readingOrder {index:4;}">
                <Coords points="495,900 757,940 823,895 1281,900 1329,858 1543,916 1951,842 2359,903 2505,876 2510,765 1845,773 1731,731 1533,815 1258,770 855,813 498,770"/>
                <Baseline points="510,871 610,871 710,871 810,868 910,866 1011,863 1111,861 1211,857 1311,854 1411,853 1512,846 1612,845 1712,842 1812,836 1912,833 2013,833 2113,830 2213,824 2313,819 2413,819 2514,821"/>
                <TextEquiv>
                    <Unicode>Sietund ich mage nicht an der Echtheit Ihrer Liebe</Unicode>
                </TextEquiv>
            </TextLine>
            <TextLine id="tr_1_tl_6" custom="readingOrder {index:5;}">
                <Coords points="503,1051 702,1078 1001,1017 1477,1059 1660,974 1851,1030 2012,972 2295,1022 2491,972 2494,884 2428,876 1657,937 1588,903 1099,932 821,898 720,958 508,956"/>
                <Baseline points="519,1012 617,1009 716,1003 815,999 914,997 1013,994 1112,994 1210,988 1309,985 1408,988 1507,985 1606,976 1705,973 1804,970 1902,968 2001,964 2100,958 2199,955 2298,953 2397,950 2496,952"/>
                <TextEquiv>
                    <Unicode>zu zweifeln mit der Frage, ob ich nicht auch einen</Unicode>
                </TextEquiv>
            </TextLine>
            <TextLine id="tr_1_tl_7" custom="readingOrder {index:6;}">
                <Coords points="503,1186 1340,1123 1713,1154 1716,1027 1334,1064 1064,1033 874,1083 508,1054"/>
                <Baseline points="519,1143 579,1135 639,1134 699,1130 759,1128 819,1131 879,1128 939,1128 999,1123 1059,1121 1119,1117 1179,1116 1239,1116 1299,1114 1359,1113 1419,1112 1479,1110 1539,1107 1599,1107 1659,1105 1720,1107"/>
                <TextEquiv>
                    <Unicode>Irrtum in Ihrem Leben bedeute.</Unicode>
                </TextEquiv>
            </TextLine>
            <TextLine id="tr_1_tl_8" custom="readingOrder {index:7;}">
                <Coords points="524,1284 2505,1218 2491,1123 2438,1157 2385,1123 1774,1181 1453,1146 1337,1202 927,1175 773,1210 691,1170 527,1207"/>
                <Baseline points="540,1275 638,1265 737,1262 835,1259 934,1261 1032,1254 1131,1248 1229,1248 1328,1246 1426,1245 1525,1242 1624,1239 1722,1235 1821,1228 1919,1225 2018,1224 2116,1220 2215,1218 2313,1215 2412,1213 2511,1206"/>
                <TextEquiv>
                    <Unicode>(Branaturg komnt mit der Korrektur des Theaterzet-</Unicode>
                </TextEquiv>
            </TextLine>
            <TextLine id="tr_1_tl_9" custom="readingOrder {index:8;}">
                <Coords points="522,1424 2044,1377 2047,1292 948,1313 707,1358 524,1324"/>
                <Baseline points="540,1397 615,1400 691,1400 766,1400 842,1400 917,1392 993,1387 1068,1385 1144,1380 1219,1379 1295,1379 1371,1376 1446,1373 1522,1370 1597,1370 1673,1365 1748,1363 1824,1358 1899,1358 1975,1358 2051,1358"/>
                <TextEquiv>
                    <Unicode>tels, legt sie vor den Intendanten hin)</Unicode>
                </TextEquiv>
            </TextLine>
            <TextLine id="tr_1_tl_10" custom="readingOrder {index:9;}">
                <Coords points="532,1581 929,1586 1099,1517 2624,1491 2626,1398 2550,1393 2346,1432 1816,1414 1649,1459 535,1443"/>
                <Baseline points="546,1528 650,1522 754,1522 858,1520 962,1519 1066,1516 1170,1514 1274,1511 1378,1505 1482,1503 1586,1503 1690,1499 1794,1493 1898,1491 2002,1490 2106,1487 2210,1485 2314,1478 2418,1474 2522,1473 2627,1472"/>
                <TextEquiv>
                    <Unicode>Intendent:(auf eine unausgesprochene Frage erwidernd</Unicode>
                </TextEquiv>
            </TextLine>
            <TextLine id="tr_1_tl_11" custom="readingOrder {index:10;}">
                <Coords points="532,1671 1025,1694 1083,1649 1371,1657 1530,1700 2168,1631 2171,1554 1395,1567 1316,1607 1213,1570 535,1578"/>
                <Baseline points="546,1657 627,1655 709,1654 790,1654 872,1654 953,1651 1035,1649 1116,1644 1198,1642 1279,1642 1361,1639 1442,1634 1524,1632 1605,1629 1687,1624 1768,1624 1850,1623 1931,1622 2013,1617 2094,1612 2176,1612"/>
                <TextEquiv>
                    <Unicode>Jawohl, die Première findet Samstag statt!</Unicode>
                </TextEquiv>
            </TextLine>
            <TextLine id="tr_1_tl_12" custom="readingOrder {index:11;}">
                <Coords points="535,1782 1898,1784 1901,1692 1795,1673 1652,1716 1313,1689 1115,1729 924,1673 762,1708 540,1671"/>
                <Baseline points="552,1779 619,1783 687,1785 754,1785 822,1785 890,1784 957,1779 1025,1776 1093,1776 1160,1773 1228,1770 1296,1769 1363,1767 1431,1764 1499,1761 1566,1760 1634,1755 1702,1756 1769,1758 1837,1754 1905,1752"/>
                <TextEquiv>
                    <Unicode>Hoveda: (aus. dem Zuschauerraum) Hal</Unicode>
                </TextEquiv>
            </TextLine>
            <TextLine id="tr_1_tl_13" custom="readingOrder {index:12;}">
                <Coords points="559,1930 1213,1909 1411,1943 1697,1896 1784,1959 1919,1901 2256,1941 2505,1877 2505,1811 2399,1784 2232,1819 2092,1763 1819,1840 995,1829 736,1869 561,1832"/>
                <Baseline points="573,1929 669,1917 766,1917 863,1914 960,1913 1057,1908 1154,1903 1251,1905 1348,1899 1445,1893 1542,1895 1638,1894 1735,1886 1832,1884 1929,1881 2026,1878 2123,1877 2220,1875 2317,1872 2414,1869 2511,1872"/>
                <TextEquiv>
                    <Unicode>ntendant: Ales in Ordnung. Nur diese Korrektur.</Unicode>
                </TextEquiv>
            </TextLine>
            <TextLine id="tr_1_tl_14" custom="readingOrder {index:13;}">
                <Coords points="543,2089 686,2049 911,2086 1300,2068 1414,2028 1938,2060 2187,2009 2367,2070 2438,2015 2669,2015 2671,1930 2110,1909 1755,1964 1342,1943 778,2002 545,1972"/>
                <Baseline points="558,2051 663,2048 769,2044 875,2042 981,2038 1087,2036 1193,2033 1298,2033 1404,2028 1510,2024 1616,2020 1722,2015 1828,2015 1934,2012 2039,2007 2145,2006 2251,2001 2357,2000 2463,1997 2569,1994 2675,1994"/>
                <TextEquiv>
                    <Unicode>ler ändert an Zettel) Fanri Theren-Fräulein Franzicke</Unicode>
                </TextEquiv>
            </TextLine>
            <TextLine id="tr_1_tl_15" custom="readingOrder {index:14;}">
                <Coords points="537,2195 739,2224 969,2174 1157,2205 1464,2158 1573,2195 1840,2144 2158,2184 2245,2142 2362,2179 2454,2134 2595,2142 2597,2054 2550,2049 2070,2092 1896,2049 1697,2089 1530,2047 1133,2084 1022,2047 911,2089 686,2049 543,2089"/>
                <Baseline points="555,2173 657,2176 759,2176 861,2179 964,2173 1066,2167 1168,2165 1270,2167 1373,2163 1475,2156 1577,2159 1679,2153 1782,2148 1884,2147 1986,2144 2088,2138 2191,2133 2293,2132 2395,2132 2497,2131 2600,2129"/>
                <TextEquiv>
                    <Unicode>Friesel. (zu Karl) Sie sind doch einverstanden,ler</Unicode>
                </TextEquiv>
            </TextLine>
            <TextLine id="tr_1_tl_16" custom="readingOrder {index:15;}">
                <Coords points="545,2359 585,2367 667,2330 696,2330 786,2362 842,2367 845,2248 776,2245 715,2205 657,2234 548,2242"/>
                <Baseline points="561,2317 587,2311 613,2311 639,2310 665,2308 691,2308 717,2308 743,2306 769,2306 795,2307 821,2308 848,2308"/>
                <TextEquiv>
                    <Unicode>Doktor?</Unicode>
                </TextEquiv>
            </TextLine>
            <TextLine id="tr_1_tl_17" custom="readingOrder {index:16;}">
                <Coords points="551,2518 1178,2454 1440,2478 1506,2438 1636,2470 1874,2412 2115,2415 2213,2470 2444,2441 2446,2319 2385,2298 1967,2362 1856,2327 1718,2354 1641,2311 1393,2375 556,2362"/>
                <Baseline points="567,2445 661,2439 755,2442 849,2436 943,2433 1038,2432 1132,2428 1226,2427 1320,2424 1414,2421 1509,2418 1603,2415 1697,2415 1791,2411 1885,2408 1980,2405 2074,2403 2168,2401 2262,2400 2356,2397 2451,2397"/>
                <TextEquiv>
                    <Unicode>Karl Dern: Doktor bin ich noch imner nicht, aber</Unicode>
                </TextEquiv>
            </TextLine>
            <TextLine id="tr_1_tl_18" custom="readingOrder {index:17;}">
                <Coords points="548,2621 614,2634 810,2573 1130,2579 1133,2483 998,2486 956,2512 839,2486 773,2523 551,2518"/>
                <Baseline points="564,2577 592,2575 621,2573 649,2571 678,2571 707,2571 735,2571 764,2571 793,2570 821,2568 850,2566 879,2564 907,2562 936,2562 965,2562 993,2562 1022,2562 1051,2562 1079,2564 1108,2565 1137,2565"/>
                <TextEquiv>
                    <Unicode>einverstanden.</Unicode>
                </TextEquiv>
            </TextLine>
            <TextLine id="tr_1_tl_19" custom="readingOrder {index:18;}">
                <Coords points="551,2780 752,2745 868,2772 919,2743 1390,2753 1427,2743 1430,2618 1281,2642 1138,2618 1093,2645 1006,2605 837,2648 749,2613 553,2626"/>
                <Baseline points="567,2708 610,2706 653,2705 697,2703 740,2702 784,2702 827,2702 871,2702 914,2701 958,2699 1001,2698 1044,2695 1088,2693 1131,2693 1175,2692 1218,2690 1262,2693 1305,2690 1349,2687 1392,2690 1436,2690"/>
                <TextEquiv>
                    <Unicode>Franzi: (grosse Augen.</Unicode>
                </TextEquiv>
            </TextLine>
            <TextLine id="tr_1_tl_20" custom="readingOrder {index:19;}">
                <Coords points="575,2880 990,2867 1175,2907 1239,2870 1289,2894 1292,2751 1083,2772 1022,2740 913,2743 882,2772 577,2753"/>
                <Baseline points="588,2839 623,2839 658,2834 694,2833 729,2833 765,2833 800,2836 835,2832 871,2830 906,2831 942,2833 977,2830 1012,2826 1048,2824 1083,2824 1119,2824 1154,2827 1189,2823 1225,2821 1260,2822 1296,2827"/>
                <TextEquiv>
                    <Unicode>(Gewegung ringsun)</Unicode>
                </TextEquiv>
            </TextLine>
            <TextLine id="tr_1_tl_21" custom="readingOrder {index:20;}">
                <Coords points="564,3013 980,3029 1435,2955 1517,3005 1750,3002 1930,2936 2044,2981 2332,2963 2460,3002 2462,2843 2274,2878 1321,2867 1175,2907 993,2867 900,2910 567,2880"/>
                <Baseline points="582,2965 676,2965 770,2962 864,2961 958,2959 1053,2956 1147,2953 1241,2954 1335,2950 1429,2947 1524,2947 1618,2938 1712,2935 1806,2935 1900,2932 1995,2932 2089,2929 2183,2929 2277,2926 2371,2926 2466,2935"/>
                <TextEquiv>
                    <Unicode>Intendent: Aiso weiter. Bitte, Fraulein Priesel!</Unicode>
                </TextEquiv>
            </TextLine>
            <TextLine id="tr_1_tl_22" custom="readingOrder {index:21;}">
                <Coords points="575,3116 1702,3071 1941,3108 2057,3071 2057,3002 1930,2978 1808,3013 1700,2981 1363,3026 577,3029"/>
                <Baseline points="588,3102 661,3100 735,3099 809,3096 883,3094 956,3090 1030,3087 1104,3087 1178,3084 1251,3081 1325,3081 1399,3079 1473,3079 1546,3077 1620,3072 1694,3072 1768,3072 1841,3069 1915,3064 1989,3062 2063,3066"/>
                <TextEquiv>
                    <Unicode>(in den Zuschauerraum gewendet) Ruhe!</Unicode>
                </TextEquiv>
            </TextLine>
            <TextLine id="tr_1_tl_23" custom="readingOrder {index:22;}">
                <Coords points="561,3272 778,3301 1025,3225 2655,3206 2661,3079 2507,3061 2054,3061 1726,3161 1626,3129 567,3166"/>
                <Baseline points="579,3240 683,3236 787,3228 892,3225 996,3227 1100,3225 1205,3218 1309,3216 1413,3213 1518,3210 1622,3207 1726,3207 1831,3198 1935,3196 2039,3192 2144,3189 2248,3192 2352,3189 2457,3185 2561,3181 2666,3183"/>
                <TextEquiv>
                    <Unicode>Dregulein: (applaudiert leise aus der Koulisse Bränzi</Unicode>
                </TextEquiv>
            </TextLine>
            <TextEquiv>
                <Unicode></Unicode>
            </TextEquiv>
        </TextRegion>
    </Page>
</PcGts>
