2840 3480
2277 286 2439 455 130
583 424 2400 679 Welene: Ich kann diese müsige Fristenz nicht
602 638 1006 782 vertragen.
597 693 2333 859 Dr. Fricke: Expracken Du könntest dich in
592 879 2350 1028 Sprachen, im Klavierspielen weiter ausbilden
585 1018 2316 1163 Helene: Iu ich ja auch. Aber ich will einen
587 1129 1690 1302 Beruf haben, Geld verdienen.
590 1242 2364 1447 Dr. Fricke: Das hast du doch wahrhaftig nicht
595 1416 1011 1572 notwendig.
595 1469 2446 1700 Helene: Darauf komntig nicht aur Ich will eine
595 1666 2314 1772 regelmässige Arbeit haben - die mich freut.
595 1806 2268 1952 Dr. Fricke: Und eine andere gübeg es nicht?
590 1924 1757 2078 Helene: Die bietet sich eben.
595 2068 2475 2222 Dr. Fricke: (steht auf,geht auf und ab) Du däch-
604 2191 2432 2357 test doch nicht dran, wenn es sich nicht gerade
602 2326 1529 2465 um Herrn Bern handelte.
585 2434 2480 2550 Helene: Jedenfalls fände ich diese Stellung in-
607 2540 2446 2761 teressanter als beispielsweise bei Kuch in der
602 2713 814 2867 Bank.
602 2747 2533 3009 Pricke:lauf eine ldee komnend) Wenn ich dich zu
595 2940 2453 3130 meiner Privatsekretärin machte? Ich würde auch
