2904 3496
193 285 501 501 6.3.79
2283 407 2451 536 110
539 503 1848 664 So eine Rolle. Anderthalb Bogen.
1696 610 2420 758 werden. Die Roveda
506 664 1642 763 Mill1: Das wird schon anders
508 753 2370 943 hat im Anfang auch nur Stubenmädeln gespielt.
521 847 2489 1020 Mutier: (legt die Handarbeit fort, zu Milif, besich-
521 1040 2423 1185 tigt ihre Arbeit) Tragt man jetzt wieder solche
531 1187 864 1314 Volants?
524 1269 1716 1424 Mili: Sind wieder ganz modern.
531 1358 2545 1592 Mutter: für so eine Schmarnrolle gleich zwei Klei-
539 1599 720 1696 der.
524 1642 2560 1831 Mil1: Das erste ist nur ein bisl hergerichtet,wird
534 1805 1322 1958 nicht teuer kommen.
529 1930 2525 2070 Mutter: (bei der Ofennische, setzt einen Augenblick
539 2087 2441 2227 die Kasserole ab) Jeden Tag muss ich das Essen
547 2248 966 2377 aufwärmen.
542 2258 2581 2527 Mili: Ja, das ist ja nicht anders beim Thester, Frau
549 2499 979 2659 Finanzrat.
554 2598 2593 2766 Mutier: Sagen ie mir doch nicht immer Frau Fjnanz-
559 2726 2525 2888 rat. Zwölf Jahr lang istrmein Mann tot. Wär man-
562 2837 2497 3015 obes anders geworden, wenn er am lenen geblieben
567 2967 2540 3153 wär: (Blick auf die Wanduhr) Um sechs muss sie wi
