<?xml version="1.0" encoding="UTF-8" standalone="yes"?>
<PcGts xmlns="http://schema.primaresearch.org/PAGE/gts/pagecontent/2013-07-15" xmlns:xsi="http://www.w3.org/2001/XMLSchema-instance" xsi:schemaLocation="http://schema.primaresearch.org/PAGE/gts/pagecontent/2013-07-15 http://schema.primaresearch.org/PAGE/gts/pagecontent/2013-07-15/pagecontent.xsd">
    <Metadata>
        <Creator>prov=READ-COOP:name=PyLaia@TranskribusPlatform:version=2.7.0:model_id=50870:lm=none:date=22_01_2024_17:00</Creator>
        <Created>2023-09-27T14:32:57.107+02:00</Created>
        <LastChange>2024-01-22T17:00:20.670+01:00</LastChange>
        <TranskribusMetadata docId="1589029" pageId="60123519" pageNr="315" tsid="145626981" status="IN_PROGRESS" userId="40391" imgUrl="https://files.transkribus.eu/Get?id=TCZCWNVRWBBKAYZBOYCVCXJO&amp;fileType=view" xmlUrl="https://files.transkribus.eu/Get?id=AYTYQBBWZHPGLGVZIDCVQUUG" imageId="48548597"/>
    </Metadata>
    <Page imageFilename="1589029_0315.jpg" imageWidth="3112" imageHeight="3464">
        <ReadingOrder>
            <OrderedGroup id="ro_1711795356489" caption="Regions reading order">
                <RegionRefIndexed index="0" regionRef="tr_1"/>
            </OrderedGroup>
        </ReadingOrder>
        <TextRegion orientation="0.0" id="tr_1" custom="readingOrder {index:0;}">
            <Coords points="755,408 755,3048 2827,3048 2827,408"/>
            <TextLine id="tr_1_tl_1" custom="readingOrder {index:0;}">
                <Coords points="2267,554 2288,554 2306,567 2360,554 2391,536 2424,544 2427,384 2404,392 2393,384 2370,404 2352,389 2334,394 2321,381 2298,389 2270,384"/>
                <Baseline points="2281,474 2310,473 2340,471 2370,471 2400,471 2430,471"/>
                <TextEquiv>
                    <Unicode>253</Unicode>
                </TextEquiv>
            </TextLine>
            <TextLine id="tr_1_tl_2" custom="readingOrder {index:1;}">
                <Coords points="765,665 1991,657 1989,531 1231,572 1182,538 832,567 765,528"/>
                <Baseline points="779,624 839,624 900,625 961,624 1022,623 1083,623 1144,624 1205,620 1266,616 1327,612 1388,612 1448,612 1509,612 1570,613 1631,613 1692,612 1753,610 1814,612 1875,610 1936,612 1997,618"/>
                <TextEquiv>
                    <Unicode>Zogengang des Residenztheaters.</Unicode>
                </TextEquiv>
            </TextLine>
            <TextLine id="tr_1_tl_3" custom="readingOrder {index:2;}">
                <Coords points="765,804 2017,809 2118,773 2187,812 2589,801 2674,845 2677,665 2550,641 1986,693 1878,654 1721,701 1126,665 982,719 768,680"/>
                <Baseline points="782,749 877,751 972,752 1067,749 1162,749 1257,749 1352,748 1447,748 1542,744 1637,745 1733,744 1828,740 1923,737 2018,737 2113,737 2208,740 2303,739 2398,735 2493,731 2588,731 2684,728"/>
                <TextEquiv>
                    <Unicode>Vier Zogentüren, jetzt geschlossen. Loge I Dirck-</Unicode>
                </TextEquiv>
            </TextLine>
            <TextLine id="tr_1_tl_4" custom="readingOrder {index:3;}">
                <Coords points="760,945 2471,915 2471,809 2422,799 1816,791 1523,832 1309,791 1051,837 760,804"/>
                <Baseline points="773,880 858,880 943,880 1028,884 1113,886 1198,883 1283,882 1368,879 1453,877 1538,877 1624,874 1709,874 1794,874 1879,871 1964,870 2049,871 2134,871 2219,871 2304,871 2389,871 2475,868"/>
                <TextEquiv>
                    <Unicode>tionslege (Intendant und Dr. Braunl, Zoge II</Unicode>
                </TextEquiv>
            </TextLine>
            <TextLine id="tr_1_tl_5" custom="readingOrder {index:4;}">
                <Coords points="757,1051 1095,1090 1219,1046 1520,1087 1816,1020 2017,1056 2692,1046 2695,927 2594,897 2450,945 2156,902 1909,951 1824,899 1553,961 1324,917 1162,966 1002,922 760,945"/>
                <Baseline points="773,1021 869,1012 965,1015 1062,1013 1158,1012 1255,1012 1351,1012 1448,1003 1544,1003 1641,1007 1737,1009 1833,1005 1930,1002 2026,1003 2123,1000 2219,1000 2316,997 2412,994 2509,994 2605,997 2702,1003"/>
                <TextEquiv>
                    <Unicode>IRoreda und ihre Mutterl, klage IIl (Frau Veith,</Unicode>
                </TextEquiv>
            </TextLine>
            <TextLine id="tr_1_tl_6" custom="readingOrder {index:5;}">
                <Coords points="752,1219 2659,1198 2661,1059 2550,1038 1852,1103 755,1067"/>
                <Baseline points="767,1146 866,1146 966,1149 1066,1151 1166,1147 1266,1146 1366,1143 1466,1144 1566,1147 1666,1143 1766,1143 1866,1143 1966,1137 2066,1137 2166,1137 2266,1134 2366,1136 2466,1134 2566,1134 2666,1143"/>
                <TextEquiv>
                    <Unicode>Mathilde und Richardl, Joge IV. Präsident Fricke,</Unicode>
                </TextEquiv>
            </TextLine>
            <TextLine id="tr_1_tl_7" custom="readingOrder {index:6;}">
                <Coords points="752,1360 1865,1355 2110,1396 2182,1355 2491,1401 2728,1363 2713,1206 755,1219"/>
                <Baseline points="767,1287 865,1283 964,1284 1062,1285 1161,1282 1259,1284 1358,1281 1456,1283 1555,1281 1653,1281 1752,1278 1851,1277 1949,1278 2048,1276 2146,1278 2245,1275 2343,1272 2442,1270 2540,1270 2639,1269 2738,1263"/>
                <TextEquiv>
                    <Unicode>Relene und Karl Vern. Alle vorlaufts natürlich un-</Unicode>
                </TextEquiv>
            </TextLine>
            <TextLine id="tr_1_tl_8" custom="readingOrder {index:7;}">
                <Coords points="745,1461 809,1466 845,1489 971,1453 1059,1507 1079,1489 1141,1505 1141,1365 1087,1376 1015,1347 868,1381 827,1360 745,1378"/>
                <Baseline points="758,1427 783,1424 809,1421 835,1421 861,1421 887,1421 913,1421 939,1421 964,1423 990,1424 1016,1424 1042,1424 1068,1424 1094,1426 1120,1427 1146,1430"/>
                <TextEquiv>
                    <Unicode>sichtbar.</Unicode>
                </TextEquiv>
            </TextLine>
            <TextLine id="tr_1_tl_9" custom="readingOrder {index:8;}">
                <Coords points="750,1613 1430,1631 1772,1587 2012,1641 2138,1579 2630,1590 2630,1505 2553,1468 1435,1445 1164,1510 982,1456 752,1468"/>
                <Baseline points="767,1552 860,1555 953,1555 1046,1560 1140,1555 1233,1554 1326,1553 1420,1558 1513,1555 1606,1552 1700,1549 1793,1546 1886,1545 1979,1546 2073,1546 2166,1545 2259,1544 2353,1541 2446,1543 2539,1543 2633,1549"/>
                <TextEquiv>
                    <Unicode>Rechte vom Stiege, die ine Parterre hinabführt.</Unicode>
                </TextEquiv>
            </TextLine>
            <TextLine id="tr_1_tl_10" custom="readingOrder {index:9;}">
                <Coords points="765,1752 2713,1736 2713,1605 2360,1646 2275,1595 2004,1641 1770,1587 1566,1646 1468,1610 873,1644 765,1608"/>
                <Baseline points="779,1687 876,1696 973,1693 1070,1693 1167,1692 1264,1688 1361,1690 1458,1690 1555,1687 1652,1687 1749,1686 1846,1684 1943,1686 2040,1685 2137,1681 2234,1678 2331,1679 2428,1679 2525,1678 2622,1678 2720,1681"/>
                <TextEquiv>
                    <Unicode>Zogengang setzt sich links fort. Rechte seitlich</Unicode>
                </TextEquiv>
            </TextLine>
            <TextLine id="tr_1_tl_11" custom="readingOrder {index:10;}">
                <Coords points="752,1881 1298,1904 1414,1868 1754,1896 2198,1860 2360,1896 2824,1839 2826,1736 2355,1767 2125,1718 1615,1778 1224,1747 1000,1796 755,1765"/>
                <Baseline points="767,1830 870,1830 973,1832 1076,1833 1179,1833 1282,1833 1385,1836 1488,1827 1591,1822 1694,1824 1797,1821 1900,1818 2003,1818 2106,1818 2209,1818 2312,1821 2415,1821 2518,1818 2621,1818 2724,1816 2827,1818"/>
                <TextEquiv>
                    <Unicode>neben der Stiege Bank mit roten Plüsch, Logenschlies-</Unicode>
                </TextEquiv>
            </TextLine>
            <TextLine id="tr_1_tl_12" custom="readingOrder {index:11;}">
                <Coords points="755,2007 2504,2012 2504,1922 2388,1873 2151,1868 2082,1912 755,1876"/>
                <Baseline points="770,1970 857,1964 944,1964 1031,1961 1118,1961 1205,1961 1292,1963 1379,1961 1466,1961 1553,1959 1640,1958 1727,1960 1814,1957 1901,1955 1988,1955 2075,1954 2162,1955 2249,1955 2336,1955 2423,1955 2511,1955"/>
                <TextEquiv>
                    <Unicode>ser ist eben eingenickt. Vollkommene Stilie.</Unicode>
                </TextEquiv>
            </TextLine>
            <TextLine id="tr_1_tl_13" custom="readingOrder {index:12;}">
                <Coords points="747,2138 1389,2133 1476,2177 1860,2125 2414,2125 2520,2172 2633,2143 2633,2025 2520,1991 2337,2028 1894,1997 747,2025"/>
                <Baseline points="761,2099 854,2099 948,2097 1042,2098 1136,2096 1230,2094 1324,2096 1418,2096 1512,2093 1606,2093 1700,2096 1793,2093 1887,2095 1981,2090 2075,2090 2169,2088 2263,2086 2357,2087 2451,2090 2545,2085 2639,2087"/>
                <TextEquiv>
                    <Unicode>Toge III öffnet sich leise. An der Grüstung, den</Unicode>
                </TextEquiv>
            </TextLine>
            <TextLine id="tr_1_tl_14" custom="readingOrder {index:13;}">
                <Coords points="778,2275 879,2308 1033,2272 1461,2303 1535,2262 1590,2303 1775,2259 2746,2288 2746,2167 2489,2182 2424,2136 2192,2177 2046,2136 1966,2172 1618,2141 1481,2177 778,2141"/>
                <Baseline points="791,2221 889,2225 987,2227 1085,2224 1183,2222 1281,2224 1379,2224 1477,2227 1575,2224 1673,2221 1772,2224 1870,2221 1968,2221 2066,2220 2164,2218 2262,2218 2360,2215 2458,2215 2556,2219 2654,2221 2753,2230"/>
                <TextEquiv>
                    <Unicode>Iick der Bühne zugewandt, Frau Reith und Havailde.</Unicode>
                </TextEquiv>
            </TextLine>
            <TextLine id="tr_1_tl_15" custom="readingOrder {index:14;}">
                <Coords points="806,2417 2076,2380 2494,2427 2633,2388 2636,2275 809,2290"/>
                <Baseline points="824,2355 914,2356 1005,2357 1096,2359 1187,2357 1277,2356 1368,2358 1459,2361 1550,2360 1640,2356 1731,2356 1822,2356 1913,2356 2003,2353 2094,2353 2185,2353 2276,2353 2366,2353 2457,2350 2548,2353 2639,2350"/>
                <TextEquiv>
                    <Unicode>ichard vorsichtig, leise tritt heraus, schliesst</Unicode>
                </TextEquiv>
            </TextLine>
            <TextLine id="tr_1_tl_16" custom="readingOrder {index:15;}">
                <Coords points="763,2535 912,2525 1033,2558 1123,2527 1206,2566 1610,2540 1610,2458 1399,2404 1293,2391 1100,2442 976,2401 886,2435 763,2422"/>
                <Baseline points="776,2490 820,2493 864,2490 908,2490 952,2490 996,2485 1040,2487 1085,2487 1129,2484 1173,2487 1217,2487 1261,2487 1305,2487 1350,2489 1394,2488 1438,2487 1482,2487 1526,2489 1570,2490 1615,2493"/>
                <TextEquiv>
                    <Unicode>die Jüre hinter sich.</Unicode>
                </TextEquiv>
            </TextLine>
            <TextLine id="tr_1_tl_17" custom="readingOrder {index:16;}">
                <Coords points="742,2682 1512,2713 1821,2679 2089,2718 2226,2664 2342,2695 2422,2664 2597,2700 2597,2543 2556,2535 2350,2532 2293,2574 1386,2532 1203,2563 1123,2527 958,2569 742,2532"/>
                <Baseline points="755,2612 847,2615 939,2621 1032,2619 1124,2621 1217,2617 1309,2619 1401,2620 1494,2616 1586,2616 1679,2615 1771,2618 1863,2620 1956,2620 2048,2616 2141,2615 2233,2615 2325,2615 2418,2615 2510,2613 2603,2618"/>
                <TextEquiv>
                    <Unicode>Richard: (zun Logenschliesser, tupft ihm auf die</Unicode>
                </TextEquiv>
            </TextLine>
            <TextLine id="tr_1_tl_18" custom="readingOrder {index:17;}">
                <Coords points="752,2793 848,2798 948,2775 1018,2788 1128,2764 1126,2669 974,2700 915,2672 886,2690 750,2677"/>
                <Baseline points="767,2753 793,2750 819,2747 845,2747 871,2748 898,2750 924,2750 950,2750 976,2750 1002,2750 1029,2750 1055,2750 1081,2750 1107,2754 1134,2756"/>
                <TextEquiv>
                    <Unicode>Schulterl</Unicode>
                </TextEquiv>
            </TextLine>
            <TextLine id="tr_1_tl_19" custom="readingOrder {index:18;}">
                <Coords points="755,2909 1739,2945 1739,2798 1476,2821 1105,2788 948,2826 755,2790"/>
                <Baseline points="770,2881 818,2878 867,2881 916,2881 965,2880 1014,2878 1062,2878 1111,2878 1160,2878 1209,2880 1258,2878 1306,2878 1355,2881 1404,2881 1453,2878 1502,2878 1550,2878 1599,2878 1648,2876 1697,2879 1746,2884"/>
                <TextEquiv>
                    <Unicode>Logenschliesser: lernacht)</Unicode>
                </TextEquiv>
            </TextLine>
            <TextLine id="tr_1_tl_20" custom="readingOrder {index:19;}">
                <Coords points="755,3068 1069,3058 1188,3112 1613,3073 2143,3107 2123,2906 1538,2960 1182,2914 1097,2960 974,2919 755,2942"/>
                <Baseline points="770,3013 839,3010 908,3013 977,3010 1046,3010 1115,3014 1184,3017 1253,3010 1322,3010 1391,3010 1460,3011 1529,3013 1598,3010 1667,3010 1736,3008 1805,3010 1874,3010 1943,3008 2012,3010 2081,3010 2150,3013"/>
                <TextEquiv>
                    <Unicode>Richerd: Wo geht's denn da auf die</Unicode>
                </TextEquiv>
            </TextLine>
            <TextEquiv>
                <Unicode></Unicode>
            </TextEquiv>
        </TextRegion>
    </Page>
</PcGts>
