2824 3432
250 203 572 366 20/9.1928.
2157 191 2540 425 28 141
619 380 2476 607 Eleherdilkonnt die Treppe herauf mit den Logen-
631 565 2521 735 schliesser! Also, ich kann mich darauf verlassen?
628 711 2490 865 Jogenschliesseri Ganz bestimmt: Es ist uns zwar
617 789 2478 1025 Metrerfelttnmntnrhatet eigentlich ver-
619 964 914 1127 boten-
614 1139 2483 1325 Richard: (61bt. ihm ein Geldstückl Nie werden sie
621 1280 1273 1432 denn das machen?
638 1389 2445 1576 Logenschliesser: Ich geb das Brieferl der Ger-
628 1514 2100 1694 derobiöre, das ist nämlich meine Frau.
638 1642 2268 1810 Richard: Da haben Sie auch für Ihre Frau.
631 1779 2466 1954 Zogenschliesser: Is ja nicht notwendig. können
631 1923 1977 2065 sich verlassen. (ninnt und geht abl
633 2034 2528 2197 Richard: (will in seine loge (Wr. 21. plötzlich er-
638 2178 2518 2339 scheint von linke Indnig in dunklem Veberzieher.
626 2315 1746 2464 den kragen hinaufgeschlagen)
633 2452 1512 2599 Richerd: Du bist biert
636 2580 1510 2726 Ludnigi Wie du siehst.
628 2660 2466 2882 Rleberd: Neute Prah hat man detaht den Vater
631 2852 1481 2967 deiner Frau begraben.
628 2944 2500 3133 Indrig: Ich kan noch zurecht, wir haben einender
650 3097 1498 3277 se die Hand gedrückt.
