2824 3416
738 339 1424 494 ihre Annesenheit.
745 462 1569 635 Gridel: In Gegenteil.
757 605 2370 766 Rutie: Wenn man bedenkt, dese wir Sonnteg
736 727 1682 886 auf der Hochzeit waren.
748 826 1740 1006 Gradel: So ist der Leben!
755 969 2282 1098 (Gradel und kutte ab noch rechts untent
743 1128 2575 1230 Richard: (zu Helene, die in der Loge eben aufge-
736 1255 2469 1391 stunden ist) Durf ich dich zu einem Eis ein-
743 1380 1276 1523 Jeden, tielene?
729 1502 2423 1673 Helene: (zu ihm teraus) Dankend angenommen.
757 1624 2469 1744 (Sie nehmen beide ein Eis, Diener, wieder eb.
738 1756 2421 1901 Helene: Werum idest du eigentlich Mathiloe
736 1894 1315 2044 wieder allein?
736 2010 2088 2174 Richerd: Du bist so streng,Melene.
734 2130 2441 2314 Helene: Ehr seid doch nun wirklich verlobt.
748 2264 2365 2430 Richurd: Ja, aber des ist noch kein Grund
734 2409 2416 2603 dregulein:(konnt von rechts unten, begrüset
736 2543 2158 2691 Hichar-d) Habe die Ehre, Herr Doktor,
743 2658 1629 2827 richerd: buten Abeno.
743 2778 2130 2951 bregulein: Schöner Erfolg - biener.
734 2898 2584 3090 richerd: Spielen Sie denn nicht mit Nerr Dregu-
