2872 3544
2278 426 2436 592 284
544 432 2053 723 Loblein: leicht ihn faet erschrecht au!
557 656 2349 789 ohn: Sie erkennen mich nicht? Moritzky, allas
547 781 748 901 Sohn.
539 912 2444 1116 Loblein: Sie sind sa verrückt. Die Mecke nar ie
521 1034 2569 1272 genau festgestellt. Was ist Ihnen denn eingefallent
511 1167 2337 1348 Sie sehen nicht aus wie ein Theateragent. Sie
511 1308 2370 1463 sehen aus wie ein Cibuk, wie ein Uuschik, wollt
503 1440 937 1581 ich segen.
508 1553 1765 1747 John: Ich kenne keinen Muschik.
508 1701 2472 1959 Loblein: Fort mit diesem idiotischen Sohnarrbart.
490 1844 2288 2020 Andere Rerücke. Wir spieden hier keine Rosse.
488 1964 2515 2194 Oogelmann:ltriti hinzu, schon in Zivil, Deberzicher.
488 2122 2406 2326 chachnez) Mer ist denn dest John? Ausgereichnet.
488 2227 2370 2459 Lsblein: Rasch in die Gerderobe. Ist denn über-
480 2375 1144 2536 haupt noch Zeitz
485 2503 2480 2692 Inepizient: In drei Winuten ist lhr Auftreten, Herr
460 2635 692 2776 John.
457 2745 2357 2942 Sonn: Bis dahin kann ieß nich handertmal tr von
444 2899 2388 3093 einen Auschik in einen Pibuk verwendeln oder mas
483 3039 1627 3248 die sonst wollen. Trasch abl.
