2840 3432
634 530 2384 739 Beron: (auf die Rihne Lauschend/ kein Wort ve
637 676 1752 843 steht man von diesem Madel.
634 790 2474 953 Karl Bern: Die Sachen muss sie ja leise sagen.
649 923 2500 1120 Baron: Da hätten Sie sie jatgar nicht zu schrei
642 1045 2554 1247 ben brauchen. Den Schluss werde ich mir von oben
644 1205 1703 1351 ansehen. (ab nach rechtsl.
649 1290 2600 1475 Karl Bern: (zu Lablein) Ich scheine ja einigermas-
654 1458 1925 1623 sen in Ungnade gefallen zu sein.
651 1538 2598 1745 Loblein: Machen Sie sich nichts daraus. Das wech-
649 1679 2566 1874 selt beim Baron. Ee kommt drauf an,werm er jetzt
659 1820 2483 1990 begegnen wird, was morgen in der Zeitung steht.
649 1966 2593 2090 Wie viel am Sonntag in der Kasse ist, das zusammen
651 2063 2515 2255 durch drei dividiert, das ist dann sein künstle-
659 2214 2452 2357 risches Urteil. Aber dividieren kann er auch
654 2340 1893 2520 nicht.(geht weiter nach rechts!
659 2440 2603 2646 Eriderr Dregulein:(tritt zu Karl Bern) No, ver-
649 2603 2343 2736 söhnen ie sich allmählig mit Ihrem Stück?
651 2731 2603 2914 Karl Bern: Der Baron hat da früher in seiner Ein-
663 2863 2564 3033 falt etwas Vernünftiges gesaef und mir ist jetzt
661 2996 2537 3171 ein ganz anderer Schluss eingefallen. Die Fennt
