2792 3400
556 369 2199 576 dregulein: Eine Perte Schach, Herr Doktor?
544 516 2416 698 Richard: Leider schon engagiert mit Herrn dern.
544 651 2274 843 Dr. Fraun: erxchanzxthx Ihr hal
561 796 2304 955 es ja heut wieder veinch ausverkauft gehäut.
541 908 2264 1100 Dögelmann: Waren Sie denn drin. Herr Voktor?
551 1050 2434 1222 Dr. Fraun: Aut uer Bähne vei der Roreda. Sie hat
536 1170 1658 1312 micn aringend bitten lassen.
544 1282 1928 1479 John: Ma, Frankheitszeugnis, trlaub.
541 1429 2379 1601 Dr. Fraun, Ja, sie ist wirklich ziemlich herunter
531 1566 2349 1733 mit ihren Heryen. Ich glaube, mit der Première
536 1713 1721 1838 am Samstag wirds nichte sein.
541 1823 1990 2002 Karl vern: Sie glauven; Herr Daktor?
544 1965 2446 2127 John: Alie lasst ihr Euch auf dem Kopf von ihr.
539 2087 1047 2249 heruntanzen.
544 2185 2539 2394 cregor: Entweder kann sie spielen oder nicht. Menn
536 2347 2536 2511 sie in dem alten Stück weiterspiefen kann,kann sie
536 2461 1813 2638 sueu in der Prentére mitspiedet.
531 2591 1853 2768 Dr. Fraun: Das ist nicht aasselbe.
541 2713 2524 2893 cregor: Ich spiel den Ffreund der Frauennicht mehr
536 2848 2175 3060 meiter, ich halts nicht mehr aus. 78 Mal.
