2808 3432
2097 262 2268 397 220
668 371 2468 530 sich wohl fühlen die Herrschaften bei mir, wie
668 521 2496 682 zuhause. Und besondere wenn sie zum ersten Mal
670 644 2551 815 kommen, -so ein überheiztes Zimmer -les klingelt!
663 773 2496 906 Es ist doch erst acht, das kann doch noch nicht
659 913 2456 1084 der Herr Graf sein. Ich nach selber auf, gehn.
685 1037 2515 1232 Eie nur in die Füche. (Beide. ab. Man hört draus-
668 1155 1942 1329 gen öffnen) Rie, der Herr Poktorl
661 1286 2565 1467 Leni: (auch draussen) Füss die Hand, Herr Voktor.
663 1424 2337 1581 Baronin: (draussen) bitte, spazieren Sie nur
668 1560 1386 1698 weiter, Herr Phtor.
651 1671 2068 1854 Richard: Ja, ich bin noch einmal da.
668 1800 2413 1964 Baronin: kommt das Fräulein vielleicht aucht
663 1935 2542 2102 Richerd: Nein, nein. Sie haben doch meinen Brief
663 2076 1743 2249 mit der Fündigung erhaltent
661 2221 2135 2368 Baronin: Ea hat mir so leid getan...
661 2349 1835 2504 Riobar. d: Mit dem Restbetrag.
670 2468 2430 2625 Baronin: Es wäre nicht so eilig gewesen, Herr
666 2606 970 2727 Doktor:
668 2713 2520 2893 Rlohard: Sie haben wohl schon weiter vermietet!
663 2865 2575 3010 Baronin: Nein, das geht bei mir nicht so schnell.
668 2960 2537 3150 Wenn Herr Doktor vielleicht in den nächeten Ta-
