2840 3528
495 400 1906 539 Richard: Sie -vergessen den Autor.
497 519 2468 694 Karl Bern: Ich schalte aus, ich bin unbestechlich,
504 642 2515 827 fur mich sind ausschliesslich kunetierische Motive
500 787 2450 964 massgebend. Ich bin auch kein Erpresser. Men hat
504 957 2435 1091 mit den freiwilligen Gaben im allgemeinen genug.
512 1049 2360 1209 Eber Sie, lieber Döktor, Sie sind ein Egrann, ein
514 1186 2295 1399 Besitznarr, ein Egoist und wie alle Bürger in
512 1314 1961 1466 Grunde ihrer Seele - ein Philister.
519 1414 2413 1658 Richard: Ich bezweifle, dass meine Schwester mit
517 1581 2440 1826 Ihren Rethoden der Heilung oder der Rettung ein-
517 1773 1169 1923 verstanden wäre.
509 1801 2483 2063 karl Dern: Auf das Einverstandnis der Angehörigen
517 2023 1846 2118 kommt es in diesem Fall nicht an.
532 2095 2535 2315 Zichard: kommen wir zu Ende - was wünschen Sie von
509 2298 702 2445 mir2
519 2355 2458 2512 karl Bern: Vor allem, dass Sie nicht zu mir reden
517 2495 2527 2667 wie ein Couleurstudent. Auf diese Art kann man le-
519 2630 2453 2845 bensfragen nicht erledigen. In jeder Lebensfrage
524 2770 2527 2970 kommt es nur darauf an den kritischen Moment nicht
557 2905 2542 3112 zu verpassen und ein solcher kritischer Moment ist
