2904 3496
2230 281 2365 383 120
604 310 2344 539 Franzl: Reden St keinen Unsinn,Mill. Und re
594 461 2561 719 in einem Faldisfnohne, Sie bleiben meine Prifst-ur
594 646 1790 782 Hofschneiderin in jedem Fall.
591 758 2654 938 Mutier: (istfwieder herinnen, lat noch einifes geord-
584 909 2608 1118 netl Ist's jetzt schön genug für den Heyrn Gregor?
586 1024 1615 1211 komnen 5, Fraulein uifi.
589 1157 2608 1362 Franzl: (macht auch einfgermas-en Ordnfng, ist jetzt
589 1292 2339 1425 bei der Kemmode, entdeckt die Briefe fte. 1
576 1430 2472 1592 4111: (auf das Bühnenblatt weisend) Das nächsté
573 1571 2417 1771 Mal wird das Bild vom Fräclein Frahzi de vor
584 1701 1042 1831 drauf seiy.
578 1818 2649 2008 Franzi: (hat nun einen briefsentdfckt, dessen Anblick
581 1988 2670 2139 sie etwas erschreckt, will ihr öffnen, hält dann inne,
573 2118 2483 2282 in Angst, stecht ihn uneröffnetszu sich. Klingel
573 2227 953 2371 draussen)
557 2238 2373 2514 Autter: das wird er sa jedesfhlih schon sein.
557 2472 2550 2660 Machen Sie auf,Fräulein Mili sich deh indessen ins
555 2631 894 2748 Kabinet.
555 2722 1198 2899 wili:(rechts eb
552 2863 2597 3095 Franzl:(zur Mutter) Und menh wir ein dli schreien
547 3027 1602 3194 soliten, nicht erschrecken.
