2856 3512
205 247 537 443 17.4.1929
2280 262 2406 403 84
596 480 2529 655 Richard: Wollen Sie meine Partie übernehmen, Herr
601 608 2411 796 Dregulein? Ich bin heute etwas zerstreut. Ich
601 769 1390 940 habe Kopfschmerzen.
603 865 2490 1100 karl Bern: Sie wollen fortgehen? Ich glaube, un-
603 1019 2074 1199 ser Gespräch ist noch nicht zu Ende.
621 1125 1835 1348 dregulein: O, ich habe gestört.
621 1259 2480 1466 Richerd: Feineswegs. Wir können denn weiter re-
630 1387 2418 1577 den, Herr Bern. Spielen Sie nur die Partie zu
623 1518 2562 1713 Ende, ich bleibe noch, ich lese noch ein paar Zei-
640 1644 2601 1849 tungen. (Er setzt sich an einen andern Fisch,ande
633 1768 2586 1983 nimmt eine Zeitung zur Hand,legt sie bald fort.
638 1924 2621 2099 lasst sich dann vom Kellner Briefpapier geben und
628 2084 1530 2248 beginnt zu schreiben.
658 2168 2571 2356 tregulein:(setzt sich zu Richerd an den Risch, be-
653 2309 2519 2522 trachtet das Schachbrett) Sehr interessant. Ei.
653 2423 2539 2608 gentlich eine ganz originelle Eröftnung, aber ge
658 2571 2238 2754 fährlich, tollkühn beinahe. (denkt nachl
648 2668 2559 2876 Kerl Bern: Aufrichtig, Herr Dregulein, halten Sie
658 2806 2631 3024 die Friesel wirklich für möglich in meinen Stückt
670 2950 2636 3145 Dregulein: (noch mehr mit den Schach beschäftigt)
675 3088 2562 3281 Wir wollen hoffen, dass die Roveda spielen wird.
