2872 3512
2311 299 2663 486 44738
628 405 2486 623 Karl Bem. Er het sie nümlich geliebt. Des ner
638 577 1559 729 soino tragische Schuld!
628 709 1600 850 Rlchara:(fragende Gestel
630 792 2559 1043 Karl Bern: In menchen Fällen ist des Schula) Ner
643 1010 2564 1152 liebt fordert und es gibt Menschen, von denen min
635 1137 2526 1278 ah etwas zu fordern man nicht
628 1233 2081 1428 das Recht hat. lsie sprechen weiterl
640 1357 2190 1501 Keilner: (überreicht Ermel einen Zettell
643 1526 2526 1630 Ermel: Was ist das? Ich habe noch nicht zu Ende
648 1615 2329 1797 soupiert. Und ausserden zehlt Herr Gregor.
640 1762 1967 1901 Keliner: Das ist vom vorigen Mal.
648 1873 2564 2033 Ermel: snimnt aon Lettel, gibt ihn Gregor) Es geht
643 2020 2678 2192 in einem. bringen Sie mir uorigene oin Stuck forte.
645 2149 2205 2301 überhaupt Backwork für Aile und Cognac.
648 2265 1810 2483 Keliner: Ein Giaschen Cognes.
668 2407 1453 2544 Ernel: Eing Flasche.
653 2521 2081 2749 Gregor:llachendl Sie reinteren nich.
651 2648 2496 2878 Erpel: Und nun zur Sache. Ich habe die Absicht
628 2800 2450 2962 eine neue Rubrik in meinem Blatt einzuführen.
615 2926 2600 3093 Eleudereten in einen Theateroafs. Ich ernenne Sie
