2808 3400
2147 273 2304 407 215
598 414 1650 586 Relene: Richards Geliebter
595 523 2360 711 Karl Bern:lnickt/ Wir weren alle viel zu ge-
598 685 1222 828 scheidt, Helene.
607 748 2514 970 Pregulein: (zu Helene) Küss die Hend,Fraulein. Es
603 924 2222 1077 ist leider doch ein Frauerspiel geworden.
598 1033 2318 1200 Heiene: (zu Richard) Mathilde erwartet dich.
603 1195 1379 1324 Richard: Unmöglich.
612 1280 2398 1479 Karl Dern: Was andern Sie dantt, nenn Sie sie
615 1447 1428 1588 jetzt allein lassen?
622 1663 2517 1856 Dr. Fraun:(zum Polizeikonntsskrl Irgend eine Lie-
622 1796 2510 1972 besaffaire vermutlich. Frende Schuld ist jedes-
622 1897 2570 2103 falls völlig ausgeschlossen. Fahrlässigkeit auch-
629 2079 2575 2277 (Indessen sind Leute mit einer Bahre gekonnen, be-
2449 2200 2575 2306 aus
622 2207 2405 2408 reit, die Leiche Franzis, die noch auf den Sofe
634 2362 2379 2536 gestreckt liegt, zu übernehmen. kihne hat sich
632 2490 1297 2655 mählig geleertl.
646 2565 2512 2776 lkarl Bern. Richard, Relene, in einiger Entfernung
624 2718 2529 2931 Inänig, stehen stunn, während die Leiche vorbeige-
646 2880 1162 3047 tragen wirdl.
