2824 3432
2194 351 2333 486 203
566 468 2132 643 wollen Sie halt beim Nechtnehl sitzen.
574 599 2302 767 John: Moritzky, einen Bogen Papier, den unter-
574 723 2560 907 schrieben kontrakt in der Hand, verlässt wieder die
576 860 2478 1021 Bühne durch die Türe links und tritt zu Greserl.
576 992 2571 1160 (Auf eine Heisung des Inspizienten begibt sich ein
571 1121 2473 1305 Feil der Schauspibler:Mtter, Schnester frauzte.
579 1256 1183 1424 auf die Bührel.
579 1387 2395 1550 Gregor: (zu Dreguleinl Entweder heute oder nie.
561 1486 2511 1625 Franzi:(als Fanni zur Schwester) Und ich bin wehr
563 1641 2529 1798 los und ich soll auf immer verloren sein? Und man
563 1770 2641 1946 dark mich verlassen wie eine - (man hört sie nieder-
563 1912 897 2075 stürzenl
574 2039 1411 2173 Die Schwester: Fanni!
584 2152 2005 2336 (Eine Weile ist regungelose Stillel.
581 2261 2571 2439 lreichen, Vorhang rauscht herunter. Vollkommene Sti.
568 2405 2563 2597 Ip. Nur wenige Sehunden, dann aus dem Zuschauerraum
566 2535 2555 2656 donnernden Applaus. Eif Theaterarbeiter öffnet die
556 2669 2550 2762 Mitteltüre, Inspizient gibt ein Zeichen. Gregor und
522 2772 2550 2873 -Andere, darunter Moritzki, auf die Bühne. Die Mittel
556 2902 2517 3049 tür bleibt offen stehen, der Vorhang draussen hebt
571 3036 2553 3230 sich, Schauspieler treten vor den Vorhang, mon sicht
