2872 3592
532 435 2436 603 saion im Hause des Konnerzialrates Sidon.Daran-
527 573 2474 809 schliessend die belden nächsten Zinner tären ste
547 771 980 921 ken offen.
562 855 2443 1049 In Salon linke duffet, sohon zienlich abgerkunt.
555 985 2563 1189 zur Bedienung der Gäste ein Diener und ein Staben-
560 1112 2140 1262 mädchen. Dieses nicht dauernd anwesend.
555 1237 2558 1430 Rechts Naupteingang. Vorn in der Wähe des Duffetz
568 1382 1906 1568 2-3 kleine Tischchen mit Stühlen.
580 1499 2535 1703 In zweiten binner Blarter, anfange und auch später
573 1664 1695 1779 manchmal der Planist daran.
588 1769 2405 1980 Später Nachmittag in Minter. Aufpruchstinmung
590 1896 2492 2077 zu Beginn des Aktes einige baste, von Bausherrn
598 2023 2537 2196 gleitet, aus den zweiten Zimmer in den Salon, dann
588 2199 1290 2364 sich entfernend.
606 2336 1005 2497 eer
601 2425 2512 2637 Im zweiten Zinmer in wechselnder Gruppierung de
603 2550 2621 2761 toinette Sidon, Mundr in Breutkleid, Frau Veith mit
621 2693 2520 2881 ihrer Tochter Mathilde, dr. Hr Richerd Fricke und
565 2835 2609 2998 -seine Schwester Helene, Dr. Ludrig berold, der Brau-
626 2973 2642 3100 tigem, der Schriftsteller Karl Bern,Frau Elderhoft.
626 3074 2604 3232 zu beginn in der Füre zwischen l.und 2.Einmer An-
