2904 3448
2331 272 2479 388 158
675 375 2282 567 halten. (Beide über die Trepye hinunter!
683 541 2373 712 (Holene und Fricke treten aus, der Toge zum
673 673 895 802 Gangl
665 789 2432 957 Jelene: Es hat dir doch auch gefallen,Vater.
657 913 2404 1089 Fricke: Ich hab nur dir zulieb applaudiert.
652 1061 2518 1224 Das Stück ist mir nicht Sympathisch.: Diese At-
652 1201 1829 1296 mosphäre der Indiskretion --
647 1322 2626 1501 Heiene: Das kann man doch nicht Indiskretion nen-
639 1444 825 1586 nen.
647 1552 2637 1728 Gradel: (zu Helene) Küss die Hand,Fraulein. Wiesen:
642 1703 2722 1863 Sie, wer in der Loge neben Ihnen sitzt - die Kovedal
629 1816 2580 1982 Autte: Die eigentlich die Hauptrolle hätte spie-
639 1948 1110 2130 len sollen.
639 2075 2634 2264 Heiene: Aatxja Ich weiss - ich hätt sie nicht er-
634 2223 906 2370 kannt.
637 2337 1985 2528 Autte: that wie rasend applaudieyt)
644 2481 2675 2639 Gradel: AxxxaxxJaxtuxzaxtxxxExh Sympathie für
631 2619 2109 2774 den Eutor, nicht für die Konkurrentin.
634 2735 2564 2919 Fricke:(ist wieder in die Loge zurück, Relene und
618 2877 2104 3051 die beiden Herren promenieren weiter)
