2888 3496
563 333 2111 581 Ludwig: Also, lchodenke dir nochmals sch
573 465 2076 727 dass du mir indess nicht alie meine Pa-
586 669 1149 841 gesund machst
591 679 2338 972 Ficherd: Das kann ich dir nicht versprechen.
593 848 2346 1106 Aso, auf Wiedersehen und nochmals alles Gute
603 1058 1507 1197 Euch Beiden. (rasch ab)
606 1106 2376 1381 Aan Ludnigi (zu Antoinette mit wirklicher
619 1313 1510 1485 zärtlichkeit) Enelicht
621 1374 2487 1619 Sidon: (hat Richerd das Geleite gegeben, zurück!
631 1525 2664 1760 Er ist alles hinuntergeschafft,ich glaube, Kinder,
641 1636 2429 1846 es ist wirklich höchste Zeit,(er unarmt seine
646 1793 2050 1997 Tochter, denn auf Indnig zul Kinder!
646 1894 2558 2129 Entoinettei Du hist schon bei Riech eine so herr
823 2083 987 2159 Med
664 2083 1555 2265 liche gehalten, Peter-
687 2166 2535 2396 idon: Schon vorbei. Und regelmässig schreiben!
654 2313 2108 2505 Meinetwegen nur Karten, aber täglich.
679 2432 2525 2651 (Ludwig und Antoinette ab. Sidon bleibt allein
699 2563 2439 2788 zurück, bieibt eine Meile stehen, zum Fenster.
697 2687 2563 2906 sieht hinaus, winkt nicht, verbirgt sich eher, zu-
710 2805 2588 3063 ruck ine Zimmer. Der Diener beim Buffet Ordnung
702 2954 2480 3171 machend. Sidon unschlüssig, er trinkt noch ein
699 3123 1417 3353 Glas Chanpegner.
