<?xml version="1.0" encoding="UTF-8" standalone="yes"?>
<PcGts xmlns="http://schema.primaresearch.org/PAGE/gts/pagecontent/2013-07-15" xmlns:xsi="http://www.w3.org/2001/XMLSchema-instance" xsi:schemaLocation="http://schema.primaresearch.org/PAGE/gts/pagecontent/2013-07-15 http://schema.primaresearch.org/PAGE/gts/pagecontent/2013-07-15/pagecontent.xsd">
    <Metadata>
        <Creator>prov=READ-COOP:name=PyLaia@TranskribusPlatform:version=2.7.0:model_id=50870:lm=none:date=22_01_2024_17:00</Creator>
        <Created>2023-09-27T14:32:57.511+02:00</Created>
        <LastChange>2024-01-22T17:00:21.207+01:00</LastChange>
        <TranskribusMetadata docId="1589029" pageId="60123540" pageNr="318" tsid="145626985" status="IN_PROGRESS" userId="40391" imgUrl="https://files.transkribus.eu/Get?id=AUFSXBMEEOKCKJQCAMJCQMZX&amp;fileType=view" xmlUrl="https://files.transkribus.eu/Get?id=FNSNHGRNLFMXWZHDRTAGORHW" imageId="48548618"/>
    </Metadata>
    <Page imageFilename="1589029_0318.jpg" imageWidth="3096" imageHeight="3464">
        <ReadingOrder>
            <OrderedGroup id="ro_1711795361044" caption="Regions reading order">
                <RegionRefIndexed index="0" regionRef="tr_1"/>
            </OrderedGroup>
        </ReadingOrder>
        <TextRegion orientation="0.0" id="tr_1" custom="readingOrder {index:0;}">
            <Coords points="731,371 731,3109 2833,3109 2833,371"/>
            <TextLine id="tr_1_tl_1" custom="readingOrder {index:0;}">
                <Coords points="2589,473 2612,470 2620,478 2637,478 2688,450 2708,458 2721,448 2744,450 2744,341 2726,346 2708,334 2670,351 2648,351 2640,344 2627,354 2610,339 2589,336"/>
                <Baseline points="2603,435 2632,434 2661,433 2691,433 2720,433 2750,433"/>
                <TextEquiv>
                    <Unicode>156</Unicode>
                </TextEquiv>
            </TextLine>
            <TextLine id="tr_1_tl_2" custom="readingOrder {index:1;}">
                <Coords points="766,574 786,571 812,584 832,566 860,564 926,582 943,564 1004,571 1006,508 961,513 926,488 893,501 872,498 850,478 832,491 769,480"/>
                <Baseline points="779,570 804,567 830,567 855,565 881,564 906,566 932,566 957,564 983,564 1009,564"/>
                <TextEquiv>
                    <Unicode>gen, we</Unicode>
                </TextEquiv>
            </TextLine>
            <TextLine id="tr_1_tl_3" custom="readingOrder {index:2;}">
                <Coords points="1310,635 1434,637 1540,612 1616,630 1666,587 1712,597 1755,569 1833,582 1833,526 1654,445 1548,486 1459,480 1368,518 1310,518"/>
                <Baseline points="1325,570 1350,568 1376,567 1402,567 1427,567 1453,567 1479,568 1504,570 1530,568 1556,567 1582,565 1607,564 1633,564 1659,565 1684,567 1710,567 1736,567 1761,567 1787,568 1813,570 1839,570"/>
                <TextEquiv>
                    <Unicode>so sagen derf.</Unicode>
                </TextEquiv>
            </TextLine>
            <TextLine id="tr_1_tl_4" custom="readingOrder {index:3;}">
                <Coords points="786,741 893,779 1897,754 2048,797 2119,751 2693,759 2693,652 2653,630 2296,647 2225,592 2069,637 1871,604 1636,642 786,622"/>
                <Baseline points="800,680 894,690 989,693 1084,694 1179,695 1274,695 1368,696 1463,695 1558,695 1653,698 1748,695 1842,698 1937,698 2032,698 2127,698 2222,698 2316,701 2411,695 2506,698 2601,699 2696,701"/>
                <TextEquiv>
                    <Unicode>Fricke: (nicht gleich verstehend) Ach so -bei dem</Unicode>
                </TextEquiv>
            </TextLine>
            <TextLine id="tr_1_tl_5" custom="readingOrder {index:4;}">
                <Coords points="766,847 1176,834 1330,910 1763,880 1763,764 1525,774 1479,743 1376,784 1239,751 918,781 766,746"/>
                <Baseline points="779,824 828,824 878,827 927,826 977,825 1026,827 1076,829 1125,828 1175,830 1224,830 1274,827 1324,830 1373,830 1423,830 1472,830 1522,830 1571,830 1621,830 1670,830 1720,833 1770,845"/>
                <TextEquiv>
                    <Unicode>Begrabnis. (übliche Pausel</Unicode>
                </TextEquiv>
            </TextLine>
            <TextLine id="tr_1_tl_6" custom="readingOrder {index:5;}">
                <Coords points="756,956 1750,966 1859,1032 2309,1044 2309,926 2200,890 1907,931 1803,888 756,893"/>
                <Baseline points="770,955 847,954 924,958 1001,958 1078,958 1156,960 1233,960 1310,961 1387,961 1464,961 1542,961 1619,958 1696,961 1773,962 1850,964 1928,961 2005,964 2082,963 2159,961 2236,963 2314,967"/>
                <TextEquiv>
                    <Unicode>Gradl: Scheint. ja ein Erfolg zu werden.</Unicode>
                </TextEquiv>
            </TextLine>
            <TextLine id="tr_1_tl_7" custom="readingOrder {index:6;}">
                <Coords points="789,1103 2152,1130 2104,1034 1168,1049 789,1001"/>
                <Baseline points="803,1089 870,1084 938,1086 1005,1089 1073,1092 1141,1089 1208,1092 1276,1089 1344,1092 1411,1092 1479,1089 1547,1091 1614,1092 1682,1092 1750,1092 1817,1092 1885,1092 1953,1092 2020,1092 2088,1092 2156,1095"/>
                <TextEquiv>
                    <Unicode>Fricke: Kann man noch nicht wiesen.</Unicode>
                </TextEquiv>
            </TextLine>
            <TextLine id="tr_1_tl_8" custom="readingOrder {index:7;}">
                <Coords points="761,1229 1636,1232 1795,1305 2301,1312 2468,1234 2673,1247 2673,1168 2519,1196 2283,1128 1740,1183 1467,1130 1183,1186 761,1135"/>
                <Baseline points="776,1218 871,1219 966,1224 1061,1226 1156,1226 1251,1226 1346,1227 1441,1224 1536,1227 1631,1227 1727,1227 1822,1227 1917,1227 2012,1227 2107,1227 2202,1227 2297,1227 2392,1230 2487,1230 2582,1231 2678,1239"/>
                <TextEquiv>
                    <Unicode>Gradl: Ich frag mich nur, warum heisst man so was</Unicode>
                </TextEquiv>
            </TextLine>
            <TextLine id="tr_1_tl_9" custom="readingOrder {index:8;}">
                <Coords points="743,1421 865,1376 1252,1368 1477,1449 2311,1406 2739,1446 2739,1317 2584,1285 2362,1328 2210,1287 1722,1320 743,1277"/>
                <Baseline points="758,1358 857,1355 956,1356 1055,1360 1155,1361 1254,1361 1353,1361 1453,1361 1552,1364 1651,1367 1751,1365 1850,1370 1949,1370 2048,1367 2148,1370 2247,1370 2346,1371 2446,1367 2545,1370 2644,1367 2744,1370"/>
                <TextEquiv>
                    <Unicode>heuzutag komödiel Sehr lustig ist ja die Geschich-</Unicode>
                </TextEquiv>
            </TextLine>
            <TextLine id="tr_1_tl_10" custom="readingOrder {index:9;}">
                <Coords points="751,1497 883,1494 991,1535 1034,1500 1403,1517 1401,1434 1307,1424 1143,1454 1012,1429 883,1454 832,1419 751,1421"/>
                <Baseline points="764,1493 796,1493 828,1493 860,1493 892,1496 924,1496 956,1496 988,1496 1020,1498 1052,1498 1085,1496 1117,1496 1149,1496 1181,1496 1213,1496 1245,1496 1277,1497 1309,1499 1341,1499 1373,1501 1406,1502"/>
                <TextEquiv>
                    <Unicode>te bisher nicht.</Unicode>
                </TextEquiv>
            </TextLine>
            <TextLine id="tr_1_tl_11" custom="readingOrder {index:10;}">
                <Coords points="751,1629 2167,1644 2167,1580 1836,1545 1783,1580 1156,1586 751,1553"/>
                <Baseline points="764,1624 834,1624 904,1624 975,1626 1045,1628 1116,1627 1186,1627 1257,1630 1327,1628 1398,1630 1468,1630 1538,1630 1609,1630 1679,1631 1750,1633 1820,1631 1891,1633 1961,1632 2032,1631 2102,1633 2173,1636"/>
                <TextEquiv>
                    <Unicode>Fricke: Kann vielleicht noch kommen.</Unicode>
                </TextEquiv>
            </TextLine>
            <TextLine id="tr_1_tl_12" custom="readingOrder {index:11;}">
                <Coords points="746,1750 1780,1800 1859,1765 2084,1803 2177,1765 2514,1770 2630,1813 2779,1780 2779,1702 1373,1709 1267,1646 928,1717 743,1674"/>
                <Baseline points="761,1740 862,1752 963,1757 1064,1758 1165,1758 1266,1758 1367,1760 1468,1761 1569,1761 1670,1761 1772,1764 1873,1764 1974,1767 2075,1767 2176,1765 2277,1767 2378,1767 2479,1768 2580,1770 2681,1770 2783,1773"/>
                <TextEquiv>
                    <Unicode>tatte: (von links) Guten Abend, Herr Präsident. Sind</Unicode>
                </TextEquiv>
            </TextLine>
            <TextLine id="tr_1_tl_13" custom="readingOrder {index:12;}">
                <Coords points="746,1899 961,1922 1006,1894 1156,1937 1312,1894 1692,1914 1742,1904 1740,1831 1550,1798 1226,1849 743,1821"/>
                <Baseline points="761,1893 810,1887 859,1888 908,1890 958,1890 1007,1890 1056,1892 1105,1893 1155,1895 1204,1896 1253,1893 1302,1893 1352,1895 1401,1893 1450,1894 1499,1896 1549,1894 1598,1893 1647,1893 1696,1896 1746,1902"/>
                <TextEquiv>
                    <Unicode>zufrieden, Herr Präsident?</Unicode>
                </TextEquiv>
            </TextLine>
            <TextLine id="tr_1_tl_14" custom="readingOrder {index:13;}">
                <Coords points="746,2074 956,2099 1009,2048 1105,2038 1168,2096 1431,2117 1618,2106 1763,2043 1763,1960 1196,1977 1113,1912 1001,1894 746,1932"/>
                <Baseline points="761,2021 811,2018 861,2021 912,2020 962,2019 1013,2021 1063,2021 1114,2021 1164,2021 1215,2021 1265,2021 1315,2021 1366,2021 1416,2021 1467,2023 1517,2024 1568,2024 1618,2024 1669,2024 1719,2025 1770,2030"/>
                <TextEquiv>
                    <Unicode>Pricke: lunbestinnte Gestel</Unicode>
                </TextEquiv>
            </TextLine>
            <TextLine id="tr_1_tl_15" custom="readingOrder {index:14;}">
                <Coords points="756,2213 1146,2246 1345,2162 1760,2167 1879,2240 2175,2251 2349,2167 2617,2175 2600,2106 1358,2112 1166,2096 1097,2046 893,2096 756,2074"/>
                <Baseline points="770,2156 862,2150 955,2156 1048,2156 1140,2158 1233,2156 1326,2157 1418,2159 1511,2159 1604,2159 1697,2164 1789,2164 1882,2164 1975,2165 2067,2165 2160,2165 2253,2167 2345,2165 2438,2165 2531,2166 2624,2170"/>
                <TextEquiv>
                    <Unicode>Tutte:Ioh finde, wan hat jetzt eigentlich andere</Unicode>
                </TextEquiv>
            </TextLine>
            <TextLine id="tr_1_tl_16" custom="readingOrder {index:15;}">
                <Coords points="738,2286 774,2291 794,2281 885,2316 966,2289 989,2311 1042,2309 1039,2243 1009,2251 984,2230 850,2235 794,2208 736,2215"/>
                <Baseline points="752,2275 778,2277 805,2279 832,2283 859,2285 886,2287 913,2285 940,2285 967,2286 994,2288 1021,2290 1048,2290"/>
                <TextEquiv>
                    <Unicode>Sorgen.</Unicode>
                </TextEquiv>
            </TextLine>
            <TextLine id="tr_1_tl_17" custom="readingOrder {index:16;}">
                <Coords points="736,2425 1436,2428 1596,2483 1846,2448 1843,2332 1677,2352 1588,2306 1474,2364 1232,2359 1049,2286 733,2326"/>
                <Baseline points="749,2418 804,2412 859,2413 914,2415 969,2415 1024,2418 1079,2415 1134,2415 1189,2417 1244,2418 1300,2418 1355,2418 1410,2420 1465,2418 1520,2419 1575,2421 1630,2421 1685,2421 1740,2421 1795,2424 1851,2424"/>
                <TextEquiv>
                    <Unicode>Fricke: Auch Sie, Herrekutte?</Unicode>
                </TextEquiv>
            </TextLine>
            <TextLine id="tr_1_tl_18" custom="readingOrder {index:17;}">
                <Coords points="728,2610 900,2627 1163,2549 1793,2587 1793,2483 1522,2463 1401,2514 1237,2473 1163,2511 726,2460"/>
                <Baseline points="740,2544 793,2545 846,2547 899,2549 952,2550 1005,2547 1058,2547 1111,2547 1164,2547 1217,2549 1270,2548 1323,2550 1376,2550 1429,2550 1482,2550 1535,2550 1588,2547 1641,2550 1694,2551 1747,2554 1800,2553"/>
                <TextEquiv>
                    <Unicode>Rutte: Wer nicht heutzutagt</Unicode>
                </TextEquiv>
            </TextLine>
            <TextLine id="tr_1_tl_19" custom="readingOrder {index:18;}">
                <Coords points="721,2680 1760,2691 1737,2610 1302,2637 1171,2549 986,2627 721,2620"/>
                <Baseline points="734,2675 785,2672 837,2675 888,2675 940,2677 992,2676 1043,2675 1095,2675 1147,2675 1198,2675 1250,2677 1302,2678 1353,2678 1405,2678 1457,2678 1508,2681 1560,2681 1612,2681 1663,2681 1715,2684 1767,2684"/>
                <TextEquiv>
                    <Unicode>Heiene: (wendet sich aus de</Unicode>
                </TextEquiv>
            </TextLine>
            <TextLine id="tr_1_tl_20" custom="readingOrder {index:19;}">
                <Coords points="2013,2693 2680,2683 2827,2708 2825,2529 2678,2509 2612,2552 2503,2529 2334,2569 2268,2534 2010,2559"/>
                <Baseline points="2027,2684 2067,2681 2107,2681 2147,2681 2188,2683 2228,2684 2268,2684 2309,2684 2349,2684 2389,2684 2430,2684 2470,2687 2510,2687 2550,2687 2591,2687 2631,2688 2671,2690 2712,2690 2752,2691 2792,2693 2833,2696"/>
                <TextEquiv>
                    <Unicode>nach ihren Vater un.</Unicode>
                </TextEquiv>
            </TextLine>
            <TextLine id="tr_1_tl_21" custom="readingOrder {index:20;}">
                <Coords points="728,2817 2756,2840 2756,2744 2309,2782 2251,2744 1818,2744 1742,2782 1297,2726 1019,2772 875,2723 728,2744"/>
                <Baseline points="743,2807 849,2804 955,2808 1061,2810 1168,2810 1274,2810 1380,2811 1486,2810 1593,2813 1699,2815 1805,2815 1911,2818 2018,2814 2124,2813 2230,2816 2336,2819 2443,2818 2549,2821 2655,2819 2762,2824"/>
                <TextEquiv>
                    <Unicode>weiter applandierend ruft sie ihn durch einen Blick</Unicode>
                </TextEquiv>
            </TextLine>
            <TextLine id="tr_1_tl_22" custom="readingOrder {index:21;}">
                <Coords points="718,2946 1606,2961 1588,2875 1264,2898 1130,2865 1032,2908 880,2850 791,2888 716,2875"/>
                <Baseline points="731,2938 775,2938 819,2935 863,2935 907,2935 951,2938 995,2938 1039,2938 1083,2933 1127,2937 1171,2938 1215,2940 1259,2941 1303,2939 1347,2938 1391,2938 1435,2940 1479,2945 1523,2945 1567,2944 1612,2947"/>
                <TextEquiv>
                    <Unicode>herein. Gruss auch zwi-</Unicode>
                </TextEquiv>
            </TextLine>
            <TextLine id="tr_1_tl_23" custom="readingOrder {index:22;}">
                <Coords points="2010,2954 2233,2954 2261,2979 2347,2954 2415,2981 2559,2961 2680,2976 2746,3017 2744,2908 2698,2885 2311,2893 2263,2868 2132,2900 2010,2873"/>
                <Baseline points="2024,2950 2060,2945 2096,2946 2132,2948 2169,2950 2205,2950 2241,2950 2278,2952 2314,2953 2350,2953 2387,2953 2423,2953 2459,2955 2495,2954 2532,2953 2568,2953 2604,2953 2641,2953 2677,2955 2713,2957 2750,2959"/>
                <TextEquiv>
                    <Unicode>und den beiden Her-</Unicode>
                </TextEquiv>
            </TextLine>
            <TextLine id="tr_1_tl_24" custom="readingOrder {index:23;}">
                <Coords points="726,3174 756,3169 764,3176 832,3143 862,3158 905,3148 898,2941 877,2949 870,2943 850,2959 784,2951 776,2961 721,2964"/>
                <Baseline points="737,3075 765,3071 794,3070 823,3072 852,3074 881,3076 910,3078"/>
                <TextEquiv>
                    <Unicode>700</Unicode>
                </TextEquiv>
            </TextLine>
            <TextEquiv>
                <Unicode></Unicode>
            </TextEquiv>
        </TextRegion>
    </Page>
</PcGts>
