2872 3416
2111 252 2267 367 166
668 367 2505 557 Dregulein: Also, dein Entlassungsgesuch scheint
663 521 1085 641 bewilligt?
668 653 2495 809 Roreda: Ich habe überhaupt keines eingereicht.
672 778 2387 941 weshalb auch? Ee war eine Differenz auf der
658 924 2027 1061 Probe, wie sie hundertmal vorkommt.
668 1021 2228 1191 tregulein: Du gehst nicht nach Berlin?
646 1165 2423 1325 Hoveda: Eine Zeitungsente, mein Kind. In acht
1549 1251 1758 1340 mehr
651 1299 2524 1470 Tagen spricht.kein Menschfvon:Fraulein Friesel.
656 1429 1806 1575 Karl Bern: skomnt von rechtsl.
696 1551 2399 1676 Roveda: Wo stecken Sie denn, Poet? (zu Drezu-
658 1688 2543 1849 leinl Dieser Mann hat wohl ein herrlichee Stück
660 1820 1155 1959 geschrieben.
656 1962 1659 2094 Karl Bern: (verbeugt sicht
1033 2029 1693 2108 Geht gut, geht gut
675 2063 2526 2248 Tregulein: Aektxaakt. (Auf Wiedersehen, Pjval (ab
660 2202 1306 2372 über die Stiege
651 2324 2536 2500 Koreda:(zu Bern) Den letzten Akt sehen Sie sich
656 2476 2022 2603 gefälligst von meiner loge aus an.
663 2584 2456 2769 Karl Bern: Ichglaude, in der Autorenloge falle
656 2742 1301 2853 ich weniger auf.
672 2831 2574 3006 rRoveda: Er hält sich für einen Autor,köstlich!
639 2954 2569 3129 Ein Lustknabe bist du,kein Autor, lage dir das ge-
