2856 3496
291 186 615 378 77.1818.
437 471 2495 649 Baronin: Darf ich fragen - bleiben die Herrschaften
432 627 1106 773 hier zum Souper?
432 714 2137 923 Richard: (Blick auf Franzi) Ich denke wohl.
449 892 1002 1050 Franzi: (nicktl
437 982 2396 1194 Baronin: Hat es neulich geschneckt, Herr Doktor?
432 1140 1025 1321 Richard: O ja.
437 1245 2577 1397 Baronin: Das war aus der silbernen Glocke“, weil Herr
432 1386 2554 1555 Doktor mit dem "Rössel" nicht recht zufrieden waren.
437 1524 2501 1716 Fichard: (etwas ungeduldig) Aso bleiben wir bei der
454 1671 765 1801 "Glocke
440 1821 2094 1911 Franzi: (wie für sich) La cloche d’’argent.
443 1888 2712 2097 Baronin: Also wie gewöhnlich. Kleine Vorspeise, Mayonneig
446 2052 2165 2221 Franzi: Und ein Stück abgebratenes Fleisch.
440 2187 1623 2351 Richard: Also wie gewöhnlich.
440 2326 2106 2518 Baronin: Und eine Flasche Paluggal weiss?
437 2427 946 2597 Richerd: Je.
440 2478 2656 2760 deronin: In einer Viertelstunde ist alles dasbitte. (sie
443 2735 669 2902 geht1
