2856 3480
2329 222 2474 354 113
1673 350 1948 468 Doktor?
579 338 1594 506 geheiratet hat er der Her-
576 458 1941 651 Mutter: Ein feiner Herr. (Klingell
584 603 2201 791 4111: Das wird das Fräulein Franzi sein.
574 735 2484 892 Mutter: Heinfdie hat einen Schlüssel.(abl,kommt
596 875 2464 998 bald wieder mit Briefen etc.,lässt alles durch
598 1018 2532 1136 die Händé gleiten) "Die Coulisse“, -so ein dummes
596 1155 2525 1285 Blattel. Das muss sie abonnieren. Balleinladung.
603 1237 2464 1432 Da liegen noch sechs.Jeden Abend könnt sie auf
603 1408 1297 1558 einen Ball gehen.
596 1512 1230 1683 Mili: Freilich.
591 1625 2025 1816 Mutter: Sie geht aber nirgends hin.
600 1787 2498 1939 Mili: Schäd. Ich möcht ihr ein so schönes Ball-
612 1919 2488 2066 kleid machen. Nur ein bisl herrichten das Tüll-
620 2025 2500 2199 kleid vom vorigen Jahr, das sie zu dem Vortrags-
622 2185 2426 2322 abend von den "Sputzen“ getragen hat. Ich ga-
620 2315 2440 2447 rantier Ihnen,Frau Finanzrat, sie käm als Ver-
656 2445 2402 2595 lobte nach Haus, wenn sie's nihkt vielleicht
634 2602 1519 2727 schon im Geheinen ist.
620 2696 2457 2881 Mutter: Verlobt - oder sonstwaslwas weise man
629 2853 2201 3012 von so einem Mädel? Gar nix weiss man.
851 2971 2570 3089 ssen dreht sich der Schlüssel.Gleich darauf
