2872 3480
2251 217 2391 340 129
505 338 2488 534 gewegen, damals, wo ich noch selbst zum Theater fab
508 474 2494 647 geken wollen. Ja, die Männer haben es besser. Menn
503 621 2465 805 ich denk, dass der heut noch die Lieblaber spieit,
503 768 843 921 und ich?
521 869 2396 1042 Franzi: Er ist auch unter uns)gesagt nicht mehr
508 995 2519 1171 jung genug für meinen - das lefsst für deh Liebha-
503 1140 2563 1315 ber von der Fanni. Da hätt! dfe lovede schon bes-
513 1289 2589 1442 ser gepasst. (deckt den Tisch aufl Und iie Casserole,
498 1418 2411 1578 HaktersthxtagkedaxxKtmexxxadangryhaZaunig
505 1532 2476 1733 nicht wahr, Mutter, nimnst du gleicht mist in die Kü-
508 1689 689 1805 che?
513 1764 2486 1970 Mutter: (bringt das Zimmer in Ordnung, übellaunig)
511 1921 2532 2102 Was das gleich für einen Wirbel mgtht, wenn du ein-
508 2086 1560 2200 mal zu einer Bolle kommst!
498 2151 2537 2375 Mili: Ja, da werden sich Frau einfnarft jetzt daran
511 2308 2264 2491 gewöhnen müssen, nicht wahr, Fräufein Hanzi?
508 2473 2491 2651 Mutter: (für eine Weile rechts gb, dann gleich nie-
511 2599 954 2713 der herein!
511 2705 2571 2899 4111: Und für das nächste Stütk wird sich das Fräu-
516 2829 2537 3022 lein schon im Maison Spitzer eine Tollette mrasken
505 2984 2372 3154 machen lassen. Und dann kommt eine schöne fneue
516 3100 2241 3296 Wohnung und die Mili kriegt ihren Abschied.
