2840 3432
2066 184 2488 392 do 172
703 363 2461 521 Eychard: Hier dacht ich dich nicht wieder zu
712 504 1042 615 treffen.
698 557 2551 761 ladmigi Ich habe einen recht versteckten Elatz.
698 717 2524 911 es hat mich niemand gesehen. Näre mir übrigens
688 848 2420 1003 wechst slelchgältig. Da meisst, dass ich auf
695 984 2609 1170 dorlel Dinge nichte gebe. Auch frau Elderhof ist
695 1105 2524 1301 Ja hier und dabei höre ich, dass sie vielleicht
676 1267 2592 1454 nicht ganz unschuldig an seinem Tode ist. Jedes-
688 1366 2379 1533 falls gibt es recht auusente. Zusammenlänge,
686 1507 1730 1657 schlcksalshafte, sozusagen.
669 1625 2616 1810 Rlchard: Die Auffassung finde ich etwas zu gross-
678 1749 1718 1926 ertig, lacherlich geradezul
673 1877 1999 2037 Ludrig! Narun bist du so gereizt?
664 2006 2561 2214 Richerd: Dein Vater musste sterben, danst du Gele-
661 2192 2299 2318 genheit hast dieser Premiöre beizuwohnen.
666 2267 2493 2483 ilndnig: Auf die konnt es mir allerdinge nenig
664 2403 2444 2592 en. Aber dass Franei Elsteltet dte Karptrofte
649 2522 2406 2716 ertett - und ion finde sie ausserordentlich.
644 2655 1856 2895 Rioherd: Die gefallt allgmnetn.
