2856 3448
1956 259 2249 417 116,117
640 475 1224 633 aie Figur hat.
640 599 2533 771 Franzi: Und eigentlich brauch ich gar keine an-
640 730 2460 877 dern Kleider als wie für aie Emal. (mehr für
640 863 2373 1035 sichl wfür den zweiten Akt nehm ich einfach
645 1001 2540 1156 ein Strassenkostum - das wird grad das Richtige
637 1149 868 1270 sein.
628 1256 2133 1391 Mutter: Aber du isst f ja gar nichts.
630 1386 2489 1561 Franzi: Die lorte, die heb ich mir für nach dem
637 1522 2421 1694 theater auf. Halb fünf ist es schon? Da wird
645 1648 1813 1786 ja der Gregor gleich da sein.
633 1777 2523 1951 Mutter: Der Gregor? Was sucht denn der bei dir?
633 1912 2523 2070 Franzi: Er möchte halt gern die Hauptszenen mit
618 2043 2489 2223 mir durchprobieren. Er spielt ja die männliche
611 2174 2368 2349 Hauptrolle in dem Stück. Und übermorgen ist.
625 2305 2569 2470 schon die Generalprobe. Möchtest du nicht unter-
625 2453 2421 2603 dessen mit kräulein Mili zuxrfabinet negenan
628 2589 2492 2744 arbeiten, während ich hier mit dem Gregor meine
616 2678 1369 2875 Srenen durchnehme?
606 2814 1549 2988 Wili: Der Herr Gregor-
625 2955 2518 3117 Franzi: (erklärend) Wissen die, Fraulein Mili, der
