2872 3544
498 405 2502 646 Ixtendant: Nan, hat sich Fräutein Roreda zum Rele-
490 622 953 776 Fon bemüht?
495 702 1673 895 Diener: Janohi, Herr Direktor.
490 826 2002 1027 Intenandt: Munzwas hat sie geäussert?
495 969 2520 1186 Diener: (zögert, dann sagt er dem Direktor etwas ins
492 1149 691 1292 Ohrl
495 1218 2621 1427 Intendant: (zuckt unwillkürlich zusammen) Unverschämti
503 1356 2632 1543 Tregulein: (der das Ganze beobachtet hat 1. Herr Inten-
503 1485 2444 1686 dant müssen ja auf den Vorschlag nicht eingehen.
516 1607 2515 1806 Intendant: (vernichtender Blickt, zum Dienerl Denke.
535 1761 2520 1949 lspricht mit Loblein, zu den Schauspielern) Weiter.
516 1917 1051 2052 meine Herren!
519 2002 2576 2189 Dugemnxrr (Gregor und Dögelmann hatten in-
524 2150 2534 2380 dese meiter probiert, unterbrochen und falren Jetzt
535 2322 733 2465 Fort)
537 2417 2478 2629 Sogelmann: (i. d. R.1 Ein bischen angenagt sind sie
532 2595 728 2708 alle
530 2642 2507 2873 Gregor: (i.d. R.1 Men urteilt vielleicht allzu sehr
527 2801 2002 2978 nach der Schabdone in vielen Fällen.
537 2936 2518 3132 Karl Bern:(hat sich erhoben, zum Intendenten) Herr
537 3074 2512 3254 Intendant, darf ich um freundliches Gehört bitten?
