2824 3448
2287 293 2454 406 158
535 458 2410 659 Fricke: (zu Helene) Ehrlich gestanden, -das Stück
525 602 2441 805 ist mir absolut nicht emmpathisch. Diese Atmos-
535 749 1574 926 phare der Indiskretion --
530 888 1456 1060 Eelens: Mahrheit, Pater.
533 1008 2364 1178 Fricke: Von der Wahrheit zur Indiekretion ist
525 1160 2444 1335 vielleicht nur ein Schritt wie vom Erhabenen zum
525 1289 1065 1448 Hacherlichen.
533 1433 2012 1592 (aus Zege I treten Baron und Dr. Brauz
533 1531 2390 1718 Dr. Braun: Ich glaube, es wird ein Erfolg.. Gregor
520 1700 1808 1857 hat einen besonders guten Abend.
535 1829 2547 1981 Baron: Endlich einmal. Seine neue Partnerin scheint
533 1955 1289 2122 ihn zu inspirieren.
514 2045 2578 2256 Dr. Braun: Haben wahrscheinlich Privatproben abgehal-
517 2225 697 2310 ten.
512 2336 2362 2498 Dr. Weinberg: (begrüest Intendanten und Dr. Braun.
520 2470 1448 2629 Baron: Nun, Herr Doktorz
512 2596 2043 2760 Weinberg: Woher haben Ie diese Neuer
507 2699 1870 2897 Baron: Ist schon Ferelang bei uns.
499 2858 2467 3048 Meihberg- Nicht unbegabt. Nur leider versteht man
507 2984 1122 3162 fest kein Nort.
