2920 3592
676 511 2533 710 karl dern: Pernntlich. Wan hat auf den Proben
671 658 2525 848 bewerkt, dass ihre Stimmung stwas gedrückt ist-
658 787 2508 1004 oder es kognt ui hente so vor. (inner Pausen.
658 940 2506 1144 nährend bald der Bine, bald der Andere über die
634 1073 2553 1270 Schachzüge nachzudenken scheintl Wen täte viel.
641 1199 1534 1354 leicht ein guter Merk.
634 1297 1265 1477 Richerd: Riesor
621 1460 1879 1610 Kerl: Pio verlieren den Dener.
617 1591 1238 1746 Rieherd: Bitte.
617 1704 2464 1899 tarl Bernilnimnt den Beuerl Eine neue Rolle in
597 1842 2380 2020 einem neuen Stück, das kann allerlel für eine
597 1980 2521 2156 junge Einstlerin bedeuten. Plötzlichen Aufstieg.
585 2111 2338 2291 höhere Gage, einen neuen Liebheber, ein neues
580 2234 935 2395 Gtäck-
572 2345 2518 2562 Rieberd:(ischelnd) Viellsicht machen Sie sich da
572 2479 2432 2693 überflisige Sorgen. Eo wäre innerhin möglich.
560 2622 2540 2821 dess Fraulein Friesel indess schon selbst genahlt
555 2762 819 2856 hatte.
555 2883 2461 3105 karl Vern:lseinen olgenen bedenken folgendl und
550 3024 2451 3216 nen schon. Groger näre gar nicht übel. Das ver
