2904 3624
553 585 2264 804 Thesterarbeiter: löffnet die Püre im rüchner
556 758 1750 916 Prospekt, franzi tritt heraus)
553 885 2045 1060 4111: Kuse die Hand, Fräulein Franzi.
561 1021 2398 1192 Franzi: Warum schauen Sie sich den dritten Akt
551 1170 1565 1304 nicht lieber von oben auf
553 1265 2501 1453 Mili: Ich geh gleich wieder hinauf zur Frau Mama.
556 1414 2445 1580 Die. hat eine solche Freud. Und wunderbare Rosen
551 1531 1840 1726 sind in Ihre Gerderobe gekommen.
553 1692 1760 1838 Franzi: Frumen - von wem denn?
539 1777 2489 1989 Karl Bern:ltriti auf Franzl zul Ich hab die nach
551 1950 2355 2094 dem zweiten Akt leider nicht sprechen können,
575 2060 2476 2247 raulein Franzi. ie sind wundervoll. Sie machen
544 2216 1967 2384 mir beinahe mein Stuck sympathisch.
556 2342 2513 2506 Franzl: Sie sind sehr freundlich zu mir, Herr Dok-
553 2508 736 2613 tor.
556 2586 2445 2779 Fr.Menzelilkonnt von rechte mit einem Briefl Es.
541 2737 2420 2918 sind Rosen in Ihre Garderobe gekommen, Fräuleen
563 2864 2486 3040 Friesel, der Frief war dabei. Der Herr Tregulein
541 3001 2428 3188 hat geneint, ich soll ihn Innen gleich herunter-
551 3132 892 3330 bringen.
