2888 3496
509 257 2444 455 wir an die Arbeit denken, auch habe sie nicht nur
523 396 2406 626 jene leicht verzeihliche Verlogenheit, die enige
520 547 2488 734 Liebe schwörtzäte den Augenblick selbst zu ver-
526 645 2593 867 schönen, sie haben auch die Verlogenheit der kleinen
531 805 1989 1000 Ausflächte und der grossen Phresen-
539 900 2556 1108 Intendant: (scharf) Danke. Diese Art von Probieren
553 1135 1331 1255 ist total wertlos.
550 1146 2553 1434 Esgelmenn: Herr Intendent, es ist unmöglich, während
550 1314 2404 1515 der Lext noch ni ht feststeht, während der Herr
550 1450 2496 1656 Regisseur und der Autor imier noch streichen und
564 1558 2743 1772 während Privatunterhaltungen auf der Bühne stattfinden-
564 1688 2431 1938 Intendent: (wie oben) Ich denke, Herr dögelnenn.
583 1818 2509 2038 wir mollen andere Srenen durchprobieren, in denen
580 1965 2577 2168 mir auf Ihre freundliche aitwirkung nicht angewie-
580 2087 2482 2317 sen sind. Ich möchte doch einmal die Hauptszenen
591 2244 2401 2417 hören zwischen Redor und Fanni, Gregor-Roveda.
593 2366 2455 2561 Ist Fraulein Roveda noch inner nicht daz (ohne
596 2504 2572 2729 Antwort abzunarten) Herr löblein, vielleicht brin-
607 2610 2572 2851 gen Sie die Stichworte oder könnte eine der anne-
602 2780 1179 2976 senden Danen-
610 2840 2499 3070 (pritzi Bauer ist plötzlich da und meldet sicht
602 3041 1786 3225 pritzi: Bitte Merr Intendent.
