2888 3576
601 445 2531 647 Antoinette: Neulich hab ich sie spielen gesehen.
596 594 2617 773 Ludwig weiss es nicht. Ein plötzlicher Einfall von
591 740 2483 907 mir. Es war eine ganz lächerliche kleine Roile.
589 867 1730 1038 Ich musste sie einmal sehen.
596 998 1922 1142 Richard: Hatf sie Ihnen gefällen?
591 1142 2476 1288 Antoinette: (nachdenklich) befallen -7 Es war so
591 1253 2567 1410 viel sehnsucht in ihrem Aug und ein Ausdruck von
576 1410 2562 1571 Schnerz beinahe. Hübsch ist sie ja eigentlich gar
576 1536 826 1640 nicht.
576 1637 2557 1826 Richard: Und wenn sie eine Venus wäre Die Sache
581 1766 2531 1973 ist aus. Er liebt Sie, Pytoinette: Und glauben Sie,
581 1917 1359 2084 dass er wich kennt?
563 2029 2592 2203 Richard: Er müsste wohl ahnen, was für eine Art von
591 2178 1149 2329 Frau Sie sind.
586 2284 2594 2476 Antoinette: Er ahnt es nicht. Ich glaube fast, dass
609 2433 2584 2607 ie mich besser kennen als er, wenigstens seit die-
568 2574 1301 2746 ser Viertelstunde.
563 2698 2327 2888 (ein Stubennädchen ist auf Sidon zugekommen!
573 2829 2370 3014 Sidon: Da steht sie und plandert.-Antoinette.
553 2951 2486 3165 entoinette: Din sohon da. (zu Sifenl Du hest wohl
563 3090 2405 3279 lngst gehabt, Pater, dass ich vergesse. Dein, ich
