2824 3432
557 356 2298 536 Rovedu: Er hält siet für einen lutor, des ist
573 480 2499 715 gut. Ein lusthnabe bist du kein fator menn es mir
557 631 892 747 beliebt.
562 755 1449 926 ermel:Ist es so meit?
554 879 1834 1071 Roreda: Das kna man nie wissen.
562 1019 2681 1193 Aermel: Einstort von mir - einige Direktiven ins Stech-
541 1148 2428 1338 parterre und auf die Galerie-und das Stück wird
541 1264 1164 1420 niedergezischt.
549 1401 2546 1567 Karl Bern:Rarktat (zu Roredal Er ist wieder einnel
544 1515 2512 1707 fernel: Du komist überhaupt nicht in Betracht. Fr.
536 1676 2557 1839 handelt sich darum, dass man wagt, axxx ein lächerli-
541 1768 2446 1971 ches Rüppchen uns if der Tolle der Röreda aufzu
530 1926 1040 2082 oktrogieren.
538 2074 2380 2219 Porede: Hier ist ein Zonflikt. Daraus nach ein
528 2185 2446 2370 Stück, wenn du ein lutor bist. (zu lermel) Dass d
536 2317 2420 2496 dich nicht unterstehst diesen Genie ein Iaer zu
536 2446 1375 2615 krümnen. 1b, Ergenahl!
538 2573 2433 2755 Hermel: Meine Zeit konnt noch. Sie isttschen des
525 2702 2491 2879 Rovede: Deltrium! CassrenmAnsinn! (zu Karl) Konn
520 2821 1103 2990 in meine loge!
525 2940 2478 3135 Kepl Dern: Wilist du mich nicht lieber nechter er-
