2856 3512
693 429 2316 625 regulein: Von nächsten Liebhaver, Fritzt.
679 584 2397 737 zahlstfau dem Herrn Ermel fünfzehn Perzent.
683 711 2045 834 John: Ich verbiete mir, Dregulein-
679 818 2481 971 Ermel: Die Forderung wäre nicht unverechtigt.
674 968 2451 1137 Der menschliche Verkelr beruht überhaupt nur
676 1091 2520 1248 auf Provisionsgeschaften. Anständigkeit heisst
676 1230 2497 1397 korrekte Bestimmung der Perzente und Perzente
674 1371 1869 1529 müssen nicht immer Geld sein.
683 1510 2532 1617 Karl Bern: (steht jetzt wieder bei Richard). Was
686 1651 1119 1795 gegen Sier
690 1744 2339 1897 Richard: Das ist ein grauenhafter mensch.
683 1899 2490 2064 Karl Bern: Nicht so schlimm. Wir waren Gruna-
690 2027 2543 2168 sialkollegen. Er hat einmal mehr Talent gehabt
693 2140 2504 2309 als ich, was freilich nicht viel besagen will.
688 2261 2548 2455 Danals habe ich mir immer gewünscht solche Ge-
704 2423 2511 2576 dichte machen zu können wie er. Leider ist er-
713 2511 2555 2710 etwas heruntergekomnen. Warum übrigens leider?
697 2652 2508 2840 Er war eine Welle mit der Rovede verbetratet.
704 2786 2055 2930 Des war gewissermassen sein Ende.
716 2912 2515 3134 Richerd: Der Zusannenhang ist mir nicht kler.
