2952 3624
584 489 1413 728 Alchard: Vommarlich.
599 592 2471 856 Karl Dern: Ich würde mich freuen wieder einmal
602 733 2665 1010 eine Fartie Billerd mit Ihnen zu spielen oder lie-
618 874 2625 1136 ver noch Schach - eine Witternachtspartie.- Früher
623 1042 2450 1267 ist doch kaun auf Sie zu rechnen, Herr Doktort
628 1180 2094 1387 Richerd: Es ist sa auch Ihre Stunde.
636 1290 2578 1521 Karl Bern: Ja, das fügt sich so, nicht wahr. Aiso,
644 1429 2068 1639 auf Wiederschen hofientlicht (geht!
649 1529 2586 1790 Rieherd: (tritt jetzt wieder zu Gradel und Ruttel
657 1673 2683 1903 1sidontzu Frau Eiderhofl aleo, auch Sie lassen nich
662 1811 2565 2057 allein, gnädige Frauf ddieu. (hüsst ihr die Hand
662 1989 1534 2167 und seufzt ein wenigl
673 2104 1780 2306 Fr. Elderhof: Melencholisch?
675 2243 1979 2426 Sidon: Die werden das begrelfen.
675 2345 2432 2576 Fr. Eiderhof: Sie mussten doch gefesst sein
688 2447 2636 2712 Sidon: Man wird sein Leben eben ein wenig anders
701 2659 1445 2827 einrichten wissen.
704 2696 2811 2950 Fr. Eiderhof: Das ist nicht so schlimm.Ich richte wir
717 2809 2772 3044 mein Leben fast alle aeht Tege anders ein und fühle
720 2984 1565 3112 mich sehr wohl debsi.
