2856 3480
611 493 1643 647 sicht unbestechlich sind.
638 594 2509 795 regulein: Lieber mar mir, ich könnte den Hanlet
576 758 959 895 spielen.
611 868 2384 1067 Sie wissen, dass ich gegen Fraulein Friesel
598 996 2560 1182 nicht etwa intrigieren werde, umso weniger als sie
594 1128 1604 1297 mir sehr sympathisch ist.
581 1368 2489 1597 (Oygelmenn, Gregor und John sind aufgestanden und
594 1540 1800 1697 sind zum Fortgehen angezogen.
589 1658 2521 1832 Bogelmann: Nun was ist's, meine Herren, kommen Sie
579 1810 998 1945 nicht mit?
581 1901 2551 2070 Dregulein:lerhebt sichske märe wohl zeit. Mit den
567 2060 2455 2215 Schachspielen ist es ja heute doch nichts mehr.
567 2197 1663 2330 Ich merke mir die Stellung.
574 2430 1754 2578 1Dregulein und die drei Andern
581 2600 1987 2720 (Sie konnten-alle zusammen,wie schon
559 2737 1790 2835 abredet, noch in irgend eine Ber
544 2850 1783 2977 Richard und Karl Bern gichung
547 2990 780 3122 senl.
