2808 3384
604 375 2486 573 let bin kein diplönat. Ihre Schwester regt sich
617 526 2360 707 Chretwegen auf. Mit Recht, wie ich sehe. Sie
592 665 2520 829 denkt, Sie haben ein unglückliches Liebesverhält-
597 800 2550 963 nie, jeder, in dem Sie lieben, wäre für Sie unglück-
622 897 2523 1097 selig. Sie sind ein Brann, ein Fesitzuarr, eitel!
609 1036 2440 1219 Egoist, kurzum Bürger durch und durch. Ich müse
607 1172 2533 1343 Sie belde vor-einänder retten.Sie wären imstan-
624 1314 2584 1482 de ihr zu vervieten, dass Die xan einen Regisseur
622 1436 2464 1599 oder Dichter für eine gutd Holle nicht dankbär
622 1548 2489 1740 märs. Ich scheide übrigene in diesem Falie aus.
624 1684 2420 1845 sie ruinieren ihre Carrière und Sie die Ihre.
631 1818 2459 1999 Siemüsgen heiraten. Apiraten die fraulein Ma-
631 1955 1172 2135 thilde veith.
629 2052 2506 2247 Righerd: Ich bezweitle, dass meine Schwester mit
644 2235 2533 2396 Ihrer Methode mich zu retien einverstanden wäre.
644 2340 2518 2513 Karl Bern: Auf Einverständnis kommt es dem Arzt
646 2479 2423 2647 nicht an. Fraulein friesel braucht vor allem
646 2594 1852 2784 kreiheit nur ihre Entwicklung.
644 2723 2572 2910 Hichara: Tax kennanfie aoch kaum- wie dürfen sie
685 2891 1285 3096 sich erläuben.
