2824 3480
506 443 2146 640 sehr echten Ton. Sie ist echter wie meine
520 577 2458 758 Heiene: Es ist wirklich nicht mehr geschnackvoll
520 732 1818 903 wie du über dein Stück sprichst.
520 847 2228 1026 Karl Bern: Dir gefällt es doch auch nicht.
512 963 2574 1175 Helene: Aber nur, weill's von dir ist. Es ist so viel
520 1112 2532 1309 arin von dir, was ich nicht mag: Uebrigene kommt. es
527 1257 2603 1448 ja auf das Eine, nicht an.. Raxhiat (etwas scherzendl
512 1396 1249 1543 Du bist noch jung.
533 1480 2537 1661 Karl Bern: Fünfunddreissig. Es gibt Dichter, die in
533 1611 795 1692 diesem
525 1632 2419 1826 m Aiter schon tot waren und unsterblich dazu.
525 1766 2430 1949 Helene: Möchtest du um diesen Preis ein grosser
514 1915 2151 2086 Dichter sein oder vielmehr gewesen sein?
527 2041 2579 2217 Karl Bern: Ich glaub nicht. Daren liegt's wohl. Auf
527 2172 2487 2348 der Meit sein,das bleibt mir doch das Wichtigste,
535 2288 2639 2485 das Dichten kommt erst in zweiter Linie oder dritter.
520 2453 2096 2613 Ich hab eben nicht den heiligen Ernst.
520 2550 2500 2734 Helene: Das fehlte noch. Ich hab ihn auch nicht.
522 2716 1774 2868 Ueberhaupt nicht viel Heiliges.
535 2800 2545 2999 Kerl Fern: Mehr als du denkst. Aber jetzt muse ich
522 2975 1191 3101 dir Adieu sagen.
