2824 3496
2255 217 2403 375 244
631 343 2457 528 Delene:Franziska Friesel, du kennst sie ja.die
633 475 1965 628 die fr체here Geliebte von Ludwig.
636 611 2452 774 kichard: Die soll die Hauptrolle spielen? Das
631 735 1412 903 kann ja gur werden.
636 860 2355 1015 Heiene: Bern sagt, dass sie sehr begabt ist.
628 979 2476 1169 Riohara: Das wollen wir hoften. (er sucht sei-
633 1157 1079 1276 ne Erregung
1101 1144 2620 1276 zu verbergen,z체ndet sich eine Zigaret.
645 1298 2493 1400 te an.Teletonzeichen von Hebenan;Rich채rd zuckt
633 1412 2413 1541 merklich zusammen) Wenn jemand zuf채llig nach
628 1517 2454 1685 mir fragen sollte, Helene, wer immer es sei, ich
633 1644 2549 1843 bin nicht mehr zuhause. Ich bin schon im Labora-
633 1792 947 1946 torium-
626 1907 2581 2109 Helehe: (sieht ihn etwes befrendet en und geht, abl
633 2067 2547 2228 Mathilde: Sie sollten sich nicht verleugnen las-
636 2194 1127 2330 sen, Richard.
633 2299 1756 2476 Richerd:: Men muss menchnal.
631 2428 2540 2615 Msthilae: Nie muss man. Es gibt keiner Angelegen-
621 2596 2484 2735 heit auf der Weit, die man nicht besser in Auf-
623 2703 1480 2859 richtigkeit erledigt.
606 2829 2440 3036 Richerd: Ach Sie: Mathilde - mit Ihrer Heren.
