2840 3592
567 507 1982 658 Mathildesthat Sidon Adieu gesagt.1
562 593 2402 846 Richerd Wetene Dr. Feith stehen zusamen. Siden
579 805 1482 973 reicht Karl die Danael
589 867 2506 1098 Karl: Also Ihr Billett liegt bereit, Nerr Konner-
586 1021 2511 1225 zialrat, erste Reihe, Mittelgang,Ecke, genau so wie
577 1180 1526 1333 Sie es gewünscht haben.
579 1278 2479 1478 Sidon: Charmant, danke Ihnen vielmals.- Also, die
584 1442 1778 1605 Roreda spielt die Hauptrolle?
589 1550 2482 1759 Kerl:Someit manfergleichen voraussagen kann, be-
596 1696 1634 1864 sonders bei Frau Roveda-
608 1831 2448 1996 Sidon: Ja, etwas unberechenbar, wie man hört, die
601 1939 2535 2141 Koreda. Aber eiye geniale Person und ein herrli-
596 2114 1026 2230 ches Weib.
610 2203 2030 2405 Karl: (kühl) Interessant jedenfalls.
610 2347 2503 2530 Sidon: So ein junger Dichter hät's gut. Was für
610 2455 2439 2650 ein Leben. Weiber kxkekhen so viel Ihr
620 2609 2508 2777 mollt, ekerie für eine
615 2727 2544 2905 gute Rolle Antrdaskrinde ist doch Jede zu haben.
613 2852 1838 3049 Karl: Na, das ist eine Legende.
620 2957 2362 3176 Sidon-Schon die Atmosphäre, dur die Luft der
615 3142 2155 3315 coulissen, die Stimmung auf den Proben.
