3112 3464
2473 384 2642 499 157
807 475 1619 675 Fricke: (applandtert!
846 604 2688 778 atte: Was sagst du übrigene, dass Frau Elderhof
822 778 2730 939 im Theater istz Zweite Reihe, Parkett Ecke, wo man
817 910 2779 1071 doch allgemein weise, dass der arme Sidon in ihren
807 1032 1649 1206 Armen gestorben ist.
822 1160 2613 1350 Gradl: Sie kann doch nicht offizieli trauern.
829 1316 2725 1478 (Ein dritter Herr begrüsst sie, Fleibt eine Weile
807 1473 2456 1637 mit ihnen stehen.-Appläns wird schwächer)
815 1580 2605 1739 Helene; Also aufrichtigmVater, es hat dir doch
819 1717 1399 1871 auch gefallen?
819 1837 2532 2030 Fricke: Ich hab nur dir zulieb applandiert.
815 1984 1901 2136 Helene: Verlange ich nicht.
859 2057 2732 2287 atte: (zu Gradl) Hast du übrigens gar nichts be-
815 2280 1081 2392 merkt?
817 2358 1468 2515 Gradl: Mas denn?
819 2500 2732 2713 Rutte: Die zmei sungen Leute.(den Thesteriettel
822 2620 2740 2806 in der Hand) Ich weise nicht, wie sie heissen,die
810 2767 2258 2918 so biod daherreden, -das sind ja mir.
824 2887 2192 3104 Gradl: Wie komnst du auf die Idee?
