2840 3480
574 507 1433 678 Welene: So plötzlicht
592 584 2471 816 Kerl Bern:(zieht auf die Uhril Eyne Versbpedung.
584 803 1650 946 Helene: O, ich frage nicht.
604 872 2639 1076 Karl Bern: Dier ich antworte. Ich mache einen Be-
607 1040 1405 1186 such bei der Roreda.
597 1158 2509 1346 Heiene: Was? Wilist du sie an ünde bitten - Du
612 1283 2040 1443 sagst doch selbst, dass die Friesel-
612 1420 2665 1609 Kail Bem: Bitte, lies selbst. tetbt ihr Atertarter
627 1573 1023 1726 den Briefl
617 1686 2190 1844 Hefene:(liest) uverehrter Herr Doktor"
625 1803 2596 1979 Karl: (wie für sich, merhanisch) Ein gar keiner.
627 1941 2629 2114 Helenef: (weiterlesend) "... darf ich Sie bitten mir
625 2066 2670 2247 heute Nachmittag fünf Uhr in einer wichtigen künst-
638 2213 1563 2387 lerischen Angelegenheit
635 2343 1966 2522 Berl vern: Zweinal unterstrichen.
635 2453 2581 2647 Delene:"... Das Vergnügen Iüres Besuches zu schen-
640 2609 2611 2780 ken? Ee handelt sich nicht etwa um Ihr Stück, doch
645 2741 1311 2838 ist es dringend.“
579 2808 1907 2999 Karl Fern: Preimal unterstrichen.
584 2973 2484 3162 Delene: (meiterlesend(".. Mit hochachtungsvollen
