2856 3496
596 458 2492 673 ohne Ax Roreda - Sie entschuldigen schon - ist
601 636 1654 808 die Sache höchst unsicher.
606 713 2548 948 Kerl Bern: Vielleicht auch mit ihr. Wenn ich ein
608 866 2465 1074 enständiger Mensch wäre würde ich es überhaupt
606 1024 1459 1184 nicht spielen lasgen.
1016 1091 2543 1209 Werden Sie nicht zum Verräter an Ihrem
613 1176 2505 1329 Dregulein: Lrnstugrtakgturkttukerstunx
606 1256 2618 1451 xtE Merk. Das ist schlinner als Eitelkelt.
618 1394 2620 1597 x Ee ist nur eine Eitelkeit mit ungekehr-
618 1527 2470 1717 tem Vorzeichen. Vielleicht haben Sie nicht das
618 1662 1982 1827 Recht so viel von sich zu fordern.
613 1804 1957 1987 Karl Dern: Das wäre wohl möglich.
623 1897 2553 2095 dregulein: Vielleicht auch dürfen Sie viel mehr
631 2030 2518 2255 von sich fordern. Nun steht das Werk einmal da,
621 2162 2563 2390 die müssen dazu stehen, wie ein Ehemenn zu einer
631 2312 2533 2490 Frau, die er zullieben aufgehört hat. In Gesell-
633 2440 2600 2653 schaft darf man seine Frau nicht blanteren. Treue
623 2563 1784 2763 ist besser als Objektivitat.
638 2680 2437 2908 Kerl Bern: Man kann nichts gegen seine Natur.
643 2830 2497 3016 Uebrigens haben Sie mir meine Frage noch nicht
633 2978 2610 3148 beantwortet. Ob die es überhaupt für möglich hal-
