2856 3480
2263 310 2407 464 136
547 448 1433 614 DuxxZxxExxExAAx
544 574 2687 774 EAxhXnax
547 731 2370 902 Wann darf ich Sie morgen Nachmittag erwarten?
531 830 2410 1030 Helene: Wirst du denn vor deiner Première noch
547 1003 1006 1113 Zeit haben?
547 1105 2682 1292 Karl Bern: Ja, was diese Première anbelangt - ich hal-
539 1249 2578 1428 te es nicht für unmöglich, dass sie verschoben wird.
531 1377 2559 1503 Die Hoveaa seheint aberlut nicht spielen zu wollen
544 1489 2541 1697 una wir haben heute Morgen schon mit einer anderu.
539 1641 2519 1807 ganz jungen Schauspielerin probiert. Mit Fraulein
544 1759 875 1935 Friesel.
520 1889 2188 2074 Helene: Die sollte doch die Emmi spielen?
526 2042 1100 2194 Karl Bern: Ja.
523 2138 2479 2354 Helene:Wu weisst doch, dass sie die Geliebte von
518 2298 2258 2466 KinxAxxX Doktor Gerold ist oder mar?
528 2434 1196 2586 Karl Bern: 50 -7
515 2541 2461 2741 Helene: xxx Sie naeu es nicht
512 2682 2653 2856 seur geneim gewalten. Nun wie wira sie sich ais Fanuz
520 2818 817 2973 machen?
510 2936 2570 3138 Kerl Bern: Die hat Valent. Jedenfalls hat sie einen
