2856 3464
2197 284 2366 427 196
511 386 1827 552 wenn sie bei der Für herauskommt.
498 475 2471 687 Franst: (ale kamnt) Ich bin es mide um deine Gnade
508 644 2473 830 zu flehen, wie eine Sunderin und vor einem auf den
508 777 2499 971 Efieen zu liegen, der um nichte besser ist als ich.
539 912 2537 1099 lete öftnet die Furl Herr Moritaky, darf ich bitten?
511 1071 2476 1280 Ineptaient: (meist John an wieder auf die Bühne zu
508 1214 805 1354 treten)
508 1308 1975 1461 John: Ioritzky) stritt auf die Bühnel.
493 1444 2499 1610 Karl Bern: (zu Dregulein) Jetzt müsst Schluee sein.
488 1579 2251 1786 Herrg Moritzky, darf ich bitten - und fertig.
488 1709 2473 1916 Ansager: (zu Karl Dern) kommen Sie nach vor,Herr
496 1829 2432 2029 Hoktor, damit Sie gleich da sind. Sie haben keine
480 1972 2537 2187 Geduld E die Herrschaften. Um zehn wollen sie halt
478 2103 1367 2269 beim Nachtmahl sitzen.
488 2236 2371 2391 (auf eine Weisung des Inspizienten hat sich die
478 2402 2330 2535 Mehrzahl der Schauspieler wieder auf die Bühne
439 2545 2277 2667 begeben. Gregor ist unterdissen links von der
468 2675 1926 2808 Bzene weggetreten, zu Dregulein hin)
480 2808 2430 2989 Gregor: Reut oder nie. Die oder keine mehr. Meine
462 2956 787 3069 Rettung.
