2824 3384
2251 204 2388 405 105
1193 338 1416 430 weiss
721 358 2194 552 Richard: Sieer, warum du hier bist?
713 497 2550 678 tudnig: Sie wird alles wissen. - immer und ich
716 646 937 785 auch.
713 758 2425 929 Eicherd: Du spielst ein gefährliches Spiel.
698 892 2649 1076 fadrig: In der Liebe gibt es keine andern. Uebri-
703 1019 2589 1193 gens, lasg dir gratulieren - zu deiner Verlobung
688 1158 1233 1317 mit Mathilde.
688 1280 1981 1439 Richerd: Es ist nicht offiziell.
691 1421 2445 1566 Ludwig: Es hat schon angefangen. Auf morgen!
693 1556 2684 1722 Fichard: Du muest dich nicht beeilen. Franzi tritt
691 1695 1374 1817 erst später auf-
688 1797 2602 1978 Zudwig: Ach so - nun jal Ich hab es ja die ganze
681 1933 2470 2100 Zeit vermutet. Uebrigens hast du ganz vorzüg-
678 2043 2443 2224 lich Komödie gespielt. Warum eigentlicht Ich
676 2174 2396 2353 hatte dir's so wenig übel genomnen als ihr.
688 2306 2525 2502 Richerd: Ich mache dich nuy aufmerksan, dass du
673 2468 1963 2644 keinerlei Rechte en Franzi hest.
678 2560 1312 2729 tadnig: Und dur
659 2656 2512 2870 Richerd: Ich bin sicht verlobt. Aach Methilde
668 2828 2351 2950 weiss es. Ich weiss, was weine Pflicht ist.
676 2922 2669 3136 lndnig: In Liebesdingen gibt es so wenig Pflichten
