2904 3496
2271 235 2426 452 201
610 380 1870 594 Soha: teh konne keinen unschit.
615 541 2564 699 Lobietn: fort mit diesen idiotischen Schnurrbart.
617 691 2646 850 eine andere Perrdeke, blond, weniger jüdisch, diekret.
617 824 1794 980 AIr eptelen hier keine Posse.
620 926 2301 1143 dogelnenn: (ist jetzt genz denebenl belder.
617 1102 2661 1258 Löblein: Rasch in die Garderobe. Ist denn überhaupt
663 1263 1077 1375 noch Zeit?
617 1332 2618 1523 taspielent: In funt uinnten ist Ihr Auftreten, Herr
628 1521 847 1625 sohn.
635 1561 2625 1740 Sohr: Eis dehin kann lch nich handertnal aus einem
612 1737 2549 1885 Anschik in einen Tschibuk vorwandeln oder in wee
625 1857 1324 2021 die sonet wollen.
612 1998 1515 2140 deetomnttesteret
617 2118 2567 2288 lobiein:lan Dogelmenn) Das haben Sie ihm geratent
612 2243 2564 2426 Begelmenn: Ich konne Thesteregenten, Herr Loblein.
617 2385 2653 2538 Johne(nach rechts rageh abtgehend, ist karl dern be-
934 2505 1316 2597 tarl Hernr
612 2503 2584 2661 gegnetleleht den orstannt an, dann zu loblainl Ver
628 2666 1161 2796 war denn des
617 2735 2671 2931 loriets: Herr John. So wollte er auf die Duhne. Ich
607 2891 2536 3041 hab ihn 4 in seine Sarderobe geschickt. Ersoll
617 3018 2186 3255 vontgetene eiwe andere Perrdeke nehnen.
