2888 3576
593 510 2571 673 Richerdi Ich könnte gleich mit dir gehen, Relene.
593 617 2569 814 Helene: Mir wäre es eigentlich lieber du bliebest
598 764 2181 924 noch ein wenig,- schon wegen Mathilde.
603 881 2278 1073 Richerd: (etwas zögernal Wenn du meinet --
595 1012 2334 1210 Helene: Freilich meine ich. Es ist wirklich
598 1167 2270 1343 eine Schande, wie au das Mädel behandelst.
601 1295 2536 1474 Richard: Ich versteh dich wirklich nicht, Helene.
606 1399 2504 1597 Helene: (nicht zu scharf) Du verstenst mich sehr
611 1549 2574 1725 gut.. Ich möchte überhaupt mit dir ein Mal reden.
611 1695 1634 1877 Richerdiliachelnal Bitte.
606 1813 2750 2005 Helene: Aber au hast ja nie beit. kommst du vielleicht
614 1936 2617 2125 heute Abend zum Nachtmahl nach Hauee? Es ist auch.
622 2077 2678 2270 wegen Papa. Er kränkt sich geradezu. Freilich -wenn
614 2205 2595 2384 du wieder mit einem besicht bei Fische sitzst, wie
617 2371 999 2523 gestern-
617 2459 2702 2667 Richard: Sag einmal, meine liebe Sohwester, denkst au,
617 2617 2563 2785 es ist sehr angenehm in einem fort beobachtet zu
635 2755 905 2868 werden.
619 2779 2758 2942 Helene:Man muss dich wahrhaftig nicht erst beobachten
619 2900 2755 3132 Du nusst doch begreifen, dass deine Stinnung, die jetzt
627 3087 1519 3212 schon Monate andauert
