2824 3416
2282 254 2422 419 823
639 358 2466 554 wie er Rioherd mit Dregulein stehen sieht, dann
634 528 2050 673 resch auf ihn zul Ist es denn wahrz
632 651 1677 820 Richard: Was willst du das
634 779 2413 934 Zudwig: (rasch an ihm vorbei, nach rechts, sieht
627 895 2367 1082 Franzi, wieder zurück, zu Lioherd, wie fragend)
634 1041 1043 1193 Vergistetr
622 1162 1254 1341 Echard-lricktl
639 1297 2502 1452 Zudnig: Nun siehst du, dass meine Besorgnisse ge-
620 1423 2459 1621 rechtfertigt werent Sie hat ihren Schnar gehal
632 1566 806 1696 ten.
632 1687 1392 1851 Richerd:lacht auf)
636 1825 2420 1955 I(Ee ware vielleicht besser, wenn Ludwig erst
627 1907 2529 2084 jetzt die Beriehungen zwischen Richerd und Fren-
634 2062 1104 2234 ri errietel!
636 2163 2497 2386 dregulein: (stolit sich vor ladnig hin und miset
634 2335 794 2468 innl
627 2454 2023 2597 Ludwig: Wes münschen Sie mein Herrz
634 2551 2529 2730 dregulein:(stellt sich vorl Dregulsid, Schauspie-
627 2698 2214 2856 ler, Kollege von Fraulein Franzi Priesel.
629 2800 2251 2986 Indnig:letellt sichporl Dr. Ludnig Gerold.
634 2904 2577 3107 dregulein: Sehr angenehm. Derf ich mir vielleicht
