2840 3480
2255 314 2405 437 142
636 398 2444 594 mer, trotrden ich um so viel sünger bin. Darun
636 543 2488 722 weise ich auch, dass er nie eine Andere geliebt
636 690 1533 825 hat als dich, Methilde.
636 828 2542 978 Mathilde: Hab ich mir auch manchmal eingebildet.
636 933 2601 1120 Aber es stimmt nicht. Diese Verliebtheit in mich
634 1076 2599 1258 war immer nur ein Aufatmen zwischen der Einen und
639 1208 1132 1373 der Andern.
636 1317 2574 1525 delene: Diesmal konnt keine Andere mehr. Menn da
634 1476 2319 1638 ein wenig klug sein wolltest, du Kindskopf.
631 1570 2601 1771 Kathilde: Was du klug nennet, -ich glaube, das wäre
612 1722 1611 1869 din bischen unanständig.
636 1852 2594 2041 Helene: Und was du anständig nennst, das ist viel-
639 1970 1486 2139 leicht etwas zu klug.
626 2117 2287 2284 Mathilde: Ob auch eine Mutter so spräche?
626 2243 2594 2437 Helene: Seine bin ich,-nichtdeine. Und dazu seine
634 2368 1810 2547 und deine Schwester, Mathilde.
621 2505 2510 2677 Mathilde: Das sind mir zu vefwickelte Verwandt-
634 2631 2525 2847 schaftsverhältnisse. Dazu reicht mein Kindekopf
619 2780 1039 2925 nicht aus.
631 2889 1999 3105 richerd tritt ein, selene, Mathilde.
