2872 3576
490 405 2621 599 Siden: Nicht wahrt (stoizer Blick auf seine Tochter
506 564 2460 720 Ach, es ist keine einfache Sache so sein einziges
512 668 2290 856 Kind - No Ihnen, gnädige Frau, steht ja baid
512 804 1461 980 etwes lehnliches bevor.
509 958 1727 1122 Freu Veith:(zuckt die Achselnl
509 1056 2586 1229 Sidon: Eigentlich hatte ich gehofft, dass die beiden
520 1198 2547 1379 Freunde und kollegen, Gerold und fricke, an ein und
509 1324 2709 1538 demselben Tag- dass Antoinette und Fräulein Mathilde.
512 1480 2389 1650 Fr. Veith: Ich müsste nicht, Herr komnerzialrat,
525 1614 1541 1784 Sidon:lischeltl O, verdon.
525 1754 1338 1910 Kathilde: (an Buffetl
523 1877 2030 2044 Gradel: Ein bias Chenpegner, Frauleint
523 2008 2219 2170 Marhilde: No ist denn die Mana hingeraten?
525 2142 2071 2329 Rutte: Dort steht sie beim Brautvater.
536 2260 2288 2449 Gr edelilreicht Wethilde ein Glas Chaupegner
539 2422 859 2575 trinken!
534 2526 1954 2698 Autie: Ea ner eine schöne Nochzeit.
520 2679 1190 2854 Kothildeilnickt)
534 2766 2627 2961 Gredel: Ich für meinen Teil finde se allerdings, dass
531 2914 2476 3103 diese Art von Festiritaten überhaupt abgeschafft
2211 3010 2457 3128 werden
