2872 3560
515 436 2364 601 Antoinette: Sie hatte für den Herbst ein Engeg
515 583 1531 739 nach Hamburg in Aussicht.
510 716 1776 894 Richard: Es war davon die Rede.
525 828 1931 986 Antoinette: Sie ist hier geblieben.
530 937 2497 1139 Richard: Er meiss es wahrscheinlich nicht einmal.
540 1070 2581 1264 Entoinette: Ihr Name steht täglich auf dem Theater-
550 1210 2035 1409 zetted, wenn auch ziemlich weit unten.
538 1348 2471 1557 Rieherd: Sie sind wahrscheinlich die Einzige, die
548 1526 1208 1658 das bemerkt hat.
548 1610 2209 1804 Antoinette: Warum ist sie hier geblieben?
543 1727 2568 1944 Richardi Vermutlich hat sich die Sache mit Hanburg
566 1872 2609 2051 zerschlagen. Ich habe keine Ahnung. Ich habe nichts
555 2013 1867 2181 mehr von ihr gesehen und gehört.
583 2137 2535 2331 Antoinette: Ich habe sie neulich spielen gesehen.
571 2270 2588 2441 Ludwig meiss es gar nicht. Eine lächerliche kleine
583 2379 2471 2578 Rolle. Das war ein plötzlicher Einfall von mir.
586 2517 2634 2711 Ich musste sie einmal sehen. LuhrukxixkxstarzargeEx
581 2644 2522 2853 xkz. Es war so viel sehnsucht in ihrem Aug und
596 2797 2458 2988 ein Ausdruck von Schnerz.Nübsch ist sie sa ger
599 2953 866 3108 nicht.
601 3047 2611 3246 Richard: Und menn sie es auch wäre - die Sache ist
