2840 3512
2355 207 2525 383 199
1555 401 1992 515 var blelbt.
554 406 1017 528 scheuer natt
1609 515 2562 639 roilige Stilie, man hört
559 551 1058 709 Beim Ausgehet
561 675 2401 849 nur als dunkles benurmel die Norte. die auf der
556 805 1519 975 sügne gesprochen werden.
549 911 2481 1051 Links ziemlich vorn (also rückwägts in Einsicht
564 1066 2479 1234 auf die Residenztheaterbühnel der Insplzient, das
554 1185 2430 1343 Regiobueh in der Hand. Eben gibt er zwei Schan-
559 1327 2544 1454 spielern,Herren im Frack, mit der Hand ein Zeichen,
564 1452 2611 1622 ato Schanspieler setzen sich in fositur, er gibt ein
569 1594 2414 1757 zwertes zeichen, ein Theaterarbeiter difhet die
567 1723 2567 1868 Seitentüre, die beiden Herren in Frack treten durch
559 1850 2564 2026 diese Füre auf die Bühne. Etner lauteres Sprechen,
567 1985 2650 2142 horbar bie diese Türe wieder zufällt. Der Inspizient
1012 2075 1190 2148 Iink
567 2117 2538 2311 reseh von Meter an den Prospekt vor vorbel, auf
561 2249 1716 2360 den Zehenspitzen nach rechts.
564 2370 2119 2476 Dreguleid kommt von rechts, auf den Zehe
572 2502 2256 2621 linke, langsem und vorsichtig bie zu Loblel
577 2644 1384 2800 Dregulein: Geht gut.
574 2725 2060 2867 Loblein:(suckt die Achselnl dre
580 2908 794 3043 X
564 2986 2171 3224 orggaletn: Ssie pesson se febslhaft gef.
