2792 3448
2191 277 2345 395 219
674 402 1794 580 Bgebhin: 1sohuttelt den Kopsl
677 551 2282 713 Lent: Freilich, da weise man auch nicht-
679 650 2376 828 Paronin: Da weiss ich schon. Da hab ich ja
693 814 1392 958 auch die Adresse.
686 891 2473 1076 Lent: Ich konnt ihn vielleicht den Herrn hin-
693 1071 997 1269 trgsen.
693 1172 2330 1319 Baronin: Wer weise, ob ihm das recht war.
693 1295 2523 1476 Lent: Ja, da hatt er sich ihn schen selber ab-
696 1452 1011 1613 geholt.
703 1536 2600 1741 Baronin: Es ist vielleicht das Beste -(zum Ofen,
705 1688 2631 1837 dann wieder zurück, öfinet eine Lade des Schreib-
705 1844 2475 1969 tisches und gibt ihn hinein) Vielleicht holt
705 1984 1861 2095 sich ihn das Fränlein selber.
715 2085 2576 2323 Lent:lbein ofenl Soll ich vielfsicht noch nach-
717 2244 982 2374 legent
727 2304 2629 2518 Barontn: Kachen Sie lieber noch das Penster auf
725 2475 2655 2648 fur ein paer linuten. So ein überheittes Linmer-
725 2600 2494 2764 Leni: Aber Frau Baronin, den Herrschaften ist
727 2718 2448 2908 doch alles egal, wenn sie nur ihr gutes Dett
725 2867 1054 3033 heben-
732 2961 2487 3214 Berontn: Reden Sie keinen bnsinn. Sie solten
