2904 3512
2187 234 2355 404 320
607 444 1953 572 so eine Rolle - anderthalb Bogen.
605 533 2436 688 Mil1: Das (wird schon anders werden.Die Roveda
653 671 2431 823 hat im Anffng auch nur Stubenmädeln g’spielt.
617 798 2588 958 Und der Grdgor war einmal Chorist im Carltheater.
607 950 2550 1140 Mutter: (legt die Handarbeit fort, zu Mili,besich-
620 1085 2515 1288 tigt ihre Arpeit) tragt man jetzt wieder solche
627 1224 963 1374 Volants?
620 1356 1864 1476 Mili: Sind widder ganz modern.
1217 1448 1412 1524 1111:
1326 1466 2553 1664 Hteid ist für den dritten ikt.
612 1514 1232 1636 Mutter: Fein-I
640 1588 772 1671 Zur
638 1626 1308 1737 HxxXEx Hochzeit
625 1755 1963 1859 Mutter: Sie heirat" in dem Stück?
627 1842 2418 2009 Mili: Nein, da is des Fräulein Franzi zu einer
627 2014 2146 2151 Hochzeit eingeladen)- im dritten Akt.
632 2118 2644 2334 Mutter: Für so eine Sphmärnnrolle gleich zwei Klei-
635 2304 826 2390 der.
640 2296 2494 2565 1421: das erste ist auf ein biel hergerichtet.
650 2494 2626 2670 Wird nicht teuer kommen Es gibt Damen beim Thea-
650 2657 2423 2789 ter, die spielen noch klegnere Rollen und die
648 2789 2586 2918 Toiletten kosten mehr. Fräilich,da ist immer wer-
648 2926 1514 3035 Anderer da, der zahlt.
645 3012 2687 3221 Mutter: (bei der Nische, deckt für einen Augehblick
648 3205 2530 3381 die Caprerole abl Jeden Tag mufe ich das Eesen
