2840 3560
477 483 2603 698 entschiedenes Talent. Um Missverständniesen vorzubeu
489 654 2708 825 gen - Fräulein Friesel hat keine Ahnung von dem Schritt,
1780 756 1971 836 auch
486 778 2652 949 den ich in ihrem und ich glaube an in meinem Interesse
483 919 2567 1076 unternehme. Ich habe noch keine zehn Worte mit ihr
494 1041 2534 1223 gesprochen. Ja, ich habe nicht einmal ein Verhältnis
483 1165 2523 1339 mit ihr. Niemand wäre überraachter als sie, wenn sie
486 1308 2007 1474 überhaupt eine Ahnung hätte, dass ich-
489 1413 2487 1615 Intendant: Ich versteh gar nicht, wie Sie auf diese
494 1559 2490 1736 Idee kommen,Herr Bern. Fraulein Friesel hat bisher
500 1686 2658 1869 ein paär ganz unbeträchtliche Rollen gespäelt, in denen
494 1830 2506 2007 sie weder dem Publikum noch der Kritik aufgefallen
491 1960 2492 2136 ist. Für die Emmi in Ihrer Komödie reicht sie eben
491 2087 2490 2249 aus, aber daraus zu solliessen - - Sie hat ein Paer-
489 2247 1620 2387 hübsche Augen, das ist alles.
489 2360 2661 2539 Karl Bern: Sie hat mehr, Herr Direktor, sie hat Echtheit
489 2481 2589 2652 und Herz. Das ist auch in dieser kleinen Rolle zu be-
480 2594 2570 2799 meerken. Glauben Sie mir, Herr Intendant, es wäre den
489 2743 1024 2909 Versuch wert.
497 2865 2467 3047 Intendent: e ungennateen Sie sind ein
494 3003 2575 3196 Idealist, aber nicht ausschliesslich auf Ihre Kosten.
