2856 3528
689 411 2367 599 dankbare Erinnerung bewahren, die er einmal
697 533 1892 724 genant welbst seiner eigenen.
694 694 2538 866 Aermel: (zu Karl Bernl Jetzt hat sie vermutlich
685 819 1604 980 mit dir ein Verhältnis!
697 963 2616 1127 Karl Bern: De ist mir unfassbär, wie du nich mit
689 1076 2560 1247 Frau Apreda in einen anderen als künstlerischen
694 1203 1834 1367 Zusannenhang bringen kannst.
694 1342 2435 1504 Aermel: Was sagen Sie, meine Herrschaften, wie
694 1469 2465 1638 vornehn, wie diekret, ein bentleman, wehrhaftigt
694 1589 2557 1768 lpiotzlich sornig, er trinkt immer, zu Bern) Hach
687 1726 2438 1902 dich nicht lacherlich. Jeder hat mit ihr nas
680 1851 2597 2034 gehabt. Joder, der ihr nur in die Nähe komnt.Eine
677 1980 2501 2147 Pause in der Konversation - und man hat sie.
694 2127 2550 2291 (auf Dregulein) Auch dieser dritte Totengräber,
675 2249 2477 2413 dieser zwanzigste kunuoh hat sie gehabt. Oder
685 2379 1577 2540 wollen Sie es Leugnent
682 2501 1389 2680 Dregulein: Nein..
672 2626 2557 2814 Aermel:(mitend) Ee seht mich nichtsan, die beokl
682 2780 2589 2958 Ee ist wir vollig gleichgältig mit non - in übrl
670 2902 2631 3059 gen ist denn keine andere da, die ihre Kolle spie-
675 3022 2518 3223 len kaunt Jetzt näre der Koment diese Tgramie
