2840 3496
619 466 1512 624 Kerl Bern: Weiss zicht
627 590 1234 758 Bichärd: (2iehtl
610 722 2453 895 Karl Bern: lebenso) Wiesen Sie übrigene, wer der
602 858 2307 1015 Liebhaber von diesem Fräulein Friesel ist?
612 1005 2497 1171 Richard: Nein. (beiläufigl Be unteressiert nich
624 1151 1468 1251 auch nicht besonders.
619 1236 2531 1419 Karl Bern: Komischer Zufall. Reut naren wir bei
607 1366 1258 1514 seiner Hochzeit.
617 1505 1744 1653 Richard: Niel Dektor berold?
615 1624 2400 1807 Kerl Bern: Ja. Vebrigens - Ihnen wird des 1e
612 1761 2570 1949 nichte Neuss sein. Die sind doch intime Freunde.
610 1892 1858 2053 Rioherdi Aber moher wissen die
612 2053 2563 2192 Karl Bern: Ioh bin ein Begegner. Ich erwieche je-
610 2156 2536 2334 des Pasr, auch in den verborgendeten Sessen, inner
607 2278 1927 2419 anfeilig, -aber wir begegnen alle.
612 2431 2417 2585 Richerd:linner in Spiel, lachendl Gefährlicher
607 2563 2497 2712 iensch. Na jetzt wird die Sache wohl aus sein.
607 2668 1390 2851 Karl Bern: Wöglich.
595 2805 2451 2956 Rioherd: diso dieses Fraulein Friesel soll die
593 2941 1963 3119 Rauptrolle in Ihrem Stückspielen?
