2824 3464
658 333 1519 501 nich verlieren wirst?
660 470 2441 651 Pranzi: (gelselzuckend( Mächstes Jahr bin ich
663 609 1884 773 in Hanburg oder weise Gott wo.
663 709 2480 876 Richard: Mer zwingt dich dazu? Du kannst doch
673 864 1967 1013 hier an Recidenztleater bleiben.
670 998 2290 1191 Franzl: Und wieder Stubennädein spielen.
673 1135 2410 1292 Richard: Ich habe gemeint, es ist dir gleich
678 1289 1570 1414 gültig.was du spielst.
675 1372 2608 1553 Franzi: Du hast ja selbst gesagt, dass das anders
678 1504 2131 1681 werden wird. Da wirdis wohl so sein.
673 1629 2006 1820 Richerd: du bist ja sehr gefasst.
675 1771 2251 1923 Franzt: Ich mache mir keine Fliusionen.
678 1903 2094 2072 Richerd: (neuer kon) Na unso besser.
678 2050 1575 2170 Franzi: (blickt ihn an)
675 2155 2495 2334 Richard: Da werde ich an meinem Hochzeitsteg.
685 2304 2456 2444 menn mir so etwas bevorstehen soltte, ruhiger
685 2422 2025 2588 sein können als Ludwig heute wer.
690 2554 2647 2720 prenzi: Was heisst desz Er hat über mich gespro-
680 2698 2515 2862 Ktahandz chen? Ihr habt miteinander über mich
695 2825 1160 2980 gesprochen?
687 2909 2654 3175 Richerd: Er ist einigemassen besorgt deinetwegen.
