2872 3560
523 408 2363 603 einnal an. Man weiss sa beinftfe Ihnen nie - zu
521 538 2411 708 der kleinen Kanzunterhaltung an vorigen Sonntag
523 687 1453 831 haben Sie uns abgesagt
521 776 2418 1009 Rlcherd: Grössere Gesellschaft - das dürfen die
521 948 1434 1157 mir nicht übel nehmen.
523 1114 2408 1275 Mathilde; Also, auf Wiedersehen! Uebrigens -(als
533 1225 2468 1390 fiele es ihr jetzt ein) wollen Sie vielleicht zu
531 1369 2344 1510 uns in die loge kommenmtag Samstag zu der
526 1472 2339 1642 Première des Stückes Ihres Freundes Bern? Und
521 1628 1426 1799 Heiene natürlich auch.
547 1741 2399 1883 (Sie treten alle zu Helene und Antoinette hin,
550 1950 2389 2075 (FriEiderhof und Ludwig sind inzwischen wieder
550 2089 2236 2276 zu der Gruppe Rutte, Gradel, Sidon getreten)
550 2216 2440 2399 Sidon: (nimnt Ludwig beiseite) Wird's nicht bald
545 2358 1167 2497 Zeit für Euch ?
547 2456 2394 2644 ludnigi Der Zug gett erst un neun Hr menzig.
543 2627 1911 2776 Ichbmuss mich nur noch unkleidene
550 2728 2368 2913 sidon: Dein Reiseanzug Tiegt in meinen Zinner
547 2857 1227 3045 für dich begeft.
547 2973 2452 3189 ludnig: Ja, hatdihn der Josef gebracht? Ich hätt
514 3136 1561 3273 ortgens gern noch ge
1542 3297 2144 3419 gnauen. Zweimal
