2856 3496
552 361 1691 520 Löblein: (resigniert) Weiterl
476 481 2446 646 Dögelmann: (in der Rollel Ich weiss, ich weiss, eine
476 591 2572 755 Damé war bei dir. Ich hörte sogar das Kleid rauschen
476 708 2005 881 Ich habe dafür feine Ohren, noch immer.
476 855 2538 1038 Eregor: (in der Rodle) Das dürfte wohl nebemächtich
476 978 1932 1168 detn das gehört nohl kaun zur Sache.
465 1137 2530 1333 Karl Bern: Auf Ihre Kritik kann ich verzichten, Herr
476 1273 779 1424 Gregor.
465 1385 1056 1555 Gregor: Niesor
468 1537 2569 1688 Karl Bern: Es wird wohl doch einigermassen zur Sache
484 1670 815 1811 gehören.
486 1741 2501 1932 Gregor: (lacht) Steht doch in der Kolle. (zeigt ihm
476 1905 2488 2101 das Buchl das gehört mohl kaum zur Sache. Das sage
478 2036 1811 2222 ich zu Doktor Nitte, den Von Jum.
546 2154 2441 2386 Karl Bern: Perdon, Sie haben Recht Herr Gregor.
476 2324 1210 2465 entschuldigen Sie.
468 2360 2373 2611 Gregor: Ein Dichter, der sein eigenes Stück nich
468 2595 852 2718 kennt..:
470 2690 2182 2818 Herl Bern: Man kann sie nicht früh genug ve
468 2815 1411 2967 Loblein: Reiter, weiter!
468 2959 1722 3142 Gregor: (ebeichtlich) Das gehört
463 3100 1767 3257 Erzähl mir doch, wie es dir geht.
