2840 3512
2161 285 2511 446 e S8e
542 444 2526 645 Gregor:(zu Löblein) Ich bin übrigens gespannt, wie
1031 575 1160 656 das
547 567 2531 782 lang man sich noch wird gefallen lassen von Fräu-
550 749 1046 872 lein Roveda.
560 814 2584 1079 Löblein: Da müssen Sie mit den Herrn Intendanten:
550 1026 829 1175 reden.
545 1092 2494 1309 wieder ein Ruf hinter der Bühne: Herr dögelmenn!
562 1233 2461 1430 stimne Dögelmanns:(aus den Zuschauerraun, linter
570 1369 2564 1556 den Vorhangl Wozu der Tärn, was steht dem Herrn zu
575 1523 2446 1699 Dienstenzler tritt durch die Spalte im Vorhang
577 1649 2509 1835 auf die Bühne. Er ist elegant, soger etwas gecken.
575 1798 1621 1936 haft gekleidet, Begrüssung)
577 1909 2410 2090 Löblein: Was machen Sie denn im Zuschauerraum
575 2022 2483 2196 Herr Dögelmann? Wir probieren doch bei geschlos-
580 2204 1162 2337 senem Vorhang.
598 2294 2511 2488 Dögelmenn: Eben darun. Rtaxx Wir sollten die Pre¬
580 2438 1495 2592 mdere auch so spielen.
572 2536 2481 2753 Ein Direktionsdiener konnt, spricht mit löblein
638 2700 2544 2872 Löblein: Was ist denn schon wieder lös? (spreche
638 2806 1200 3008 leise weiterl.
608 2960 2579 3141 Soufrleuse: (kiein, lebhaft, schwerzer Bubikonf, nach
598 3083 2453 3293 lässig gehleidet, spricht aus den Kastenl cuten
