2824 3496
2195 328 2330 501 87
657 491 1918 664 Trauzi: Ein bisl viel redet sie
657 600 2002 778 Richard: Das kann man wohl segen.
662 736 2484 881 Franzi: Ich üb’ mich im Französischen mit ihr.
667 864 2410 1052 Eichard: Sehr vernünftig.- Du wartest hof-
672 1020 1698 1148 fentlich noch nicht langk
664 1121 2498 1308 Franzl: Kaun fünf Winuten. Bel solchem Netter
667 1276 2488 1449 fangen wir imner später an wegen der Auffahrt
679 1378 2370 1590 zum Thoater. Und dann dauerts auch länger.
684 1553 1252 1647 (näher zu ihm)
676 1632 2582 1763 Richard: (nimmt sie etwas zerstreut in die Armel-
679 1815 1106 1970 Detürlich.
679 1896 2656 2096 Frenzlilder später als dreiviertelnenn wirds doch
676 2014 2558 2214 nie. Und im neuen Stuck hab ich lelder bis zun
674 2185 2656 2365 Schluse zu tun. Eine Schmarnrolle, wie gewöhnlich,
699 2340 2032 2419 aber vor zehn komm ich nicht fort.
691 2343 2656 2550 Richard! Ja richtig, Sanstag ist schon die Frenté-
736 2503 2484 2619 fe.(entfernt sich von ihr, setzt sich auf den
694 2597 1958 2686 Stuhl beim Ozen,warmt die Hande
696 2674 2474 2753 Franzl: Na hoffentlich fallts durch und wir
733 2721 2560 2886 splelen das jetzige weiter, wo ich um halb neun
723 2807 1155 2928 fertig bin.
