2776 3352
2258 195 2412 343 216
1785 352 2289 533 behauptet, des
586 352 1467 519 Baron:(zu Loblethl die
579 492 1653 627 mit einer Probe genug hätte
589 589 2473 808 Loblein: Sie mer sa schön so gut wie fertig mit
589 762 999 897 der Rolle.
591 864 2454 1083 Beron: Glauben Sie, wir könnten worgen schon mit
598 1011 1129 1168 ihr ansetzen?
591 1115 2386 1303 Lsblein: Ich möchte doch raten lieber noch zu
591 1254 2412 1431 märten. Man könnte es doch als Pietstlosigkeit
586 1404 972 1542 auslegen.
598 1496 2533 1686 Beron: Die Leute heben leicht reden. Ein Sonntag.
606 1631 2531 1814 (nach kurzen Nachdenken) Also - raub der Sabine
596 1773 2058 1896 rinnen", (mit Loblein nach links abl.
591 1916 2420 2010 Dogelmann:(geht von links nach rechts über die
591 2026 2497 2217 kanne, mit einen flüchtigen Bick nach der Bahrel
596 2171 2533 2347 Bregulein:(steht allein daibleibt ale Letzter zu-
589 2299 835 2444 rückl.
603 2379 1993 2618 llbregor müsste betelligter setnll.
