2824 3512
561 481 2418 669 Wir werden ja sehen. Schliesslich haben wir es
574 615 2408 803 ja nicht in der Hand. Aber es wäre ja denkbar.
574 772 1837 952 dass die Chancen gleich stehen.
602 849 2459 1101 Tregulein: Sprechen Sie mit der Roreda. Sie be-
574 1024 2313 1183 nehmen sich ein bischen arrogant gegen sie.
569 1152 1438 1343 Kerl Vern: Wirklicht.
587 1289 2333 1474 Dregulein: Sie ist das nicht gewöhnt. Sagen
587 1397 2482 1582 Die ihr, wie viel Ihnen daran liegt, dass sie die
594 1549 1160 1721 Fanni spielt.
592 1659 2413 1829 Karl Bern: Sehen Sie, gerade das will ich eben
597 1796 2452 1968 nicht tun. Ich will die Dinge ihren Lauf gehen
597 1922 2493 2102 lassen. Ich will weder nach der einen noch nach
602 2037 2583 2241 der anderen Seite Einfluss üben. Nur wenn es sich
605 2171 2539 2351 so fügt - Nein, ich will es vollkommen den Moment
597 2341 2464 2485 überlassen. Ich bitte Sie nur Ihrerseits nicht
607 2436 2192 2629 geradezu gegen die Friesel aufzutreten.
617 2583 2542 2747 Dregulein: Aber - mer künnert sich um michvier-
615 2714 1276 2879 ten Notengraber.
612 2812 2683 3048 Kerl Bern: Sie wiegeni dass das ein Irrtun ist. Men
630 2935 2567 3167 welss sehr gut, dass Hurtstutt Sie in jeder Hin-
