2872 3496
616 409 2262 596 Dutzend Liethaber gehabt haben und doch-
708 561 2471 726 lchard: (ungeduldigt Nun schän, zugegeben -aber
618 698 2574 865 was münschest du eigentlich vonf mir? Wenn es ge-
618 810 2524 985 scheheh wäre - du entschuldigst, dass ich lache-
606 928 2382 1095 ich könnte es so wenig ändern wie du-und sie
781 1045 1080 1130 hindern
608 1100 2454 1242 hu Andern, wenn sie entschlossen wäre, dürfte es
611 1202 2451 1382 auch schon zu spät sein? -auch wüeste ich beim
611 1319 2461 1491 besten Willen nicht wie. Zum dumm das Ganze 1
603 1459 2040 1611 Ludwigi Du musgt mir telegraphieren.
594 1601 1279 1736 Richard: Na härel
594 1718 2469 1898 Ludnig: Ja, diesen Freundschaftsdienst musst du
579 1858 2584 2042 mir erweisen. Jedenfalls wird die Mühe doch nicht
586 2000 2506 2157 zu gross für dich sein, mir morgen Früh ein Tele-
594 2110 2317 2299 graum nach Venedig Hotel Denieli zu senden.
584 2232 2544 2434 Eschärd: Also, das finde ich einfach - du münschst
579 2374 2454 2566 ernstlich, dass ich dir auf deine Nochzeitsreise
571 2501 2411 2708 die Bulletins nachschicke. Wenn es sich ereige
571 2633 2454 2793 nen sollte würde es doch in der Zeitung stehen,
691 2733 940 2813 müsste
1324 2738 1696 2848 eigentlich
556 2763 766 2913 das
805 2768 2486 2938 x dir dochlgenügen. Noch ein Privattele-
561 2883 2332 3090 grann von mir - zu viel Confort. Ich kan mir
569 3015 2399 3222 selber lächerlich vor. Das bischen Unruhe - es
