<?xml version="1.0" encoding="UTF-8" standalone="yes"?>
<PcGts xmlns="http://schema.primaresearch.org/PAGE/gts/pagecontent/2013-07-15" xmlns:xsi="http://www.w3.org/2001/XMLSchema-instance" xsi:schemaLocation="http://schema.primaresearch.org/PAGE/gts/pagecontent/2013-07-15 http://schema.primaresearch.org/PAGE/gts/pagecontent/2013-07-15/pagecontent.xsd">
    <Metadata>
        <Creator>prov=READ-COOP:name=PyLaia@TranskribusPlatform:version=2.7.0:model_id=50870:lm=none:date=22_01_2024_17:00</Creator>
        <Created>2023-09-27T14:32:59.629+02:00</Created>
        <LastChange>2024-01-22T17:00:23.995+01:00</LastChange>
        <TranskribusMetadata docId="1589029" pageId="60123634" pageNr="334" tsid="145627005" status="IN_PROGRESS" userId="40391" imgUrl="https://files.transkribus.eu/Get?id=LDXWBDGZJXXNLIEETCKQOPBY&amp;fileType=view" xmlUrl="https://files.transkribus.eu/Get?id=IZRMFSQMZBOCXEHAUKVKPMOV" imageId="48548712"/>
    </Metadata>
    <Page imageFilename="1589029_0334.jpg" imageWidth="2856" imageHeight="3464">
        <ReadingOrder>
            <OrderedGroup id="ro_1711795386404" caption="Regions reading order">
                <RegionRefIndexed index="0" regionRef="tr_1"/>
            </OrderedGroup>
        </ReadingOrder>
        <TextRegion orientation="0.0" id="tr_1" custom="readingOrder {index:0;}">
            <Coords points="483,354 483,3040 2511,3040 2511,354"/>
            <TextLine id="tr_1_tl_1" custom="readingOrder {index:0;}">
                <Coords points="2149,429 2171,429 2186,444 2196,437 2224,442 2251,419 2287,432 2304,427 2307,306 2282,309 2264,294 2244,311 2226,301 2194,306 2186,299 2151,311"/>
                <Baseline points="2162,421 2191,417 2221,415 2251,417 2281,417 2311,415"/>
                <TextEquiv>
                    <Unicode>182</Unicode>
                </TextEquiv>
            </TextLine>
            <TextLine id="tr_1_tl_2" custom="readingOrder {index:1;}">
                <Coords points="510,620 1712,617 1898,577 2011,615 2254,592 2256,472 1998,505 1609,447 1348,502 1180,454 996,505 919,462 512,467"/>
                <Baseline points="525,549 611,549 698,549 785,549 872,549 959,549 1046,549 1133,549 1220,549 1307,549 1394,547 1480,546 1567,548 1654,547 1741,548 1828,546 1915,549 2002,546 2089,546 2176,546 2263,546"/>
                <TextEquiv>
                    <Unicode>(eine Schauspielerin aie Stubennädchen konnt</Unicode>
                </TextEquiv>
            </TextLine>
            <TextLine id="tr_1_tl_3" custom="readingOrder {index:2;}">
                <Coords points="489,743 1380,783 1679,768 1820,715 2507,740 2507,622 2334,633 2214,577 2154,615 1900,575 1634,628 489,622"/>
                <Baseline points="504,677 604,677 704,679 805,677 905,680 1005,677 1106,679 1206,677 1306,677 1407,677 1507,678 1607,679 1708,680 1808,680 1908,679 2009,674 2109,674 2209,677 2310,674 2410,675 2511,689"/>
                <TextEquiv>
                    <Unicode>von rechts mit einen Rablett, auf den Backwerk eto.</Unicode>
                </TextEquiv>
            </TextLine>
            <TextLine id="tr_1_tl_4" custom="readingOrder {index:3;}">
                <Coords points="489,871 542,863 565,881 600,866 638,881 668,866 700,868 698,745 628,735 617,748 605,738 577,740 557,756 527,738 487,753"/>
                <Baseline points="501,812 526,809 551,806 577,808 602,809 627,809 653,810 678,812 704,815"/>
                <TextEquiv>
                    <Unicode>Ist1.</Unicode>
                </TextEquiv>
            </TextLine>
            <TextLine id="tr_1_tl_5" custom="readingOrder {index:4;}">
                <Coords points="492,1007 2108,999 2076,781 1900,871 1509,871 1473,836 1290,878 492,868"/>
                <Baseline points="507,928 587,933 667,937 748,937 828,937 908,937 989,935 1069,934 1149,934 1230,931 1310,934 1390,934 1471,933 1551,934 1631,934 1712,937 1792,937 1872,937 1953,933 2033,934 2114,937"/>
                <TextEquiv>
                    <Unicode>Imeptzient: (aun Stubennsdchen( So, Jetzt.</Unicode>
                </TextEquiv>
            </TextLine>
            <TextLine id="tr_1_tl_6" custom="readingOrder {index:5;}">
                <Coords points="482,1127 1898,1097 1945,1132 2058,1102 2123,1142 2487,1140 2487,1014 2390,989 1898,1027 1536,986 482,991"/>
                <Baseline points="495,1060 594,1064 694,1066 794,1066 894,1069 994,1066 1094,1066 1194,1066 1294,1066 1394,1063 1494,1063 1593,1066 1693,1067 1793,1066 1893,1067 1993,1063 2093,1066 2193,1066 2293,1060 2393,1064 2493,1072"/>
                <TextEquiv>
                    <Unicode>Schauspielerin: (Stubennadchen, tritt auf die Bühne.</Unicode>
                </TextEquiv>
            </TextLine>
            <TextLine id="tr_1_tl_7" custom="readingOrder {index:6;}">
                <Coords points="487,1265 1358,1270 1483,1227 1777,1230 1877,1278 2332,1270 2332,1137 2256,1127 1682,1145 1252,1099 1099,1140 1012,1107 650,1157 487,1132"/>
                <Baseline points="501,1194 592,1194 684,1197 776,1194 868,1197 960,1195 1052,1197 1143,1194 1235,1194 1327,1196 1419,1195 1511,1197 1603,1197 1695,1197 1786,1197 1878,1196 1970,1197 2062,1194 2154,1194 2246,1194 2338,1194"/>
                <TextEquiv>
                    <Unicode>Die dort befindliche Gesellschaft wird nun zum</Unicode>
                </TextEquiv>
            </TextLine>
            <TextLine id="tr_1_tl_8" custom="readingOrder {index:7;}">
                <Coords points="487,1396 1062,1401 1089,1393 1087,1270 484,1263"/>
                <Baseline points="498,1322 527,1322 557,1323 587,1325 616,1327 646,1328 676,1328 705,1326 735,1325 765,1325 795,1325 824,1325 854,1325 884,1325 913,1325 943,1325 973,1327 1002,1328 1032,1328 1062,1330 1092,1334"/>
                <TextEquiv>
                    <Unicode>Feil sichtbarl.</Unicode>
                </TextEquiv>
            </TextLine>
            <TextLine id="tr_1_tl_9" custom="readingOrder {index:8;}">
                <Coords points="499,1521 828,1514 939,1544 1119,1519 1165,1544 1338,1519 1318,1386 1212,1411 499,1401"/>
                <Baseline points="513,1460 554,1460 596,1455 637,1459 679,1458 720,1457 762,1459 803,1459 845,1457 886,1457 928,1457 969,1457 1011,1457 1052,1454 1094,1454 1135,1457 1177,1457 1218,1457 1260,1459 1301,1462 1343,1466"/>
                <TextEquiv>
                    <Unicode>Dies etwas früherl!</Unicode>
                </TextEquiv>
            </TextLine>
            <TextLine id="tr_1_tl_10" custom="readingOrder {index:9;}">
                <Coords points="484,1647 1561,1664 1933,1586 2402,1626 2402,1509 2211,1496 1953,1544 1840,1509 1727,1544 484,1526"/>
                <Baseline points="498,1588 593,1585 688,1585 784,1585 879,1585 975,1585 1070,1585 1165,1587 1261,1585 1356,1588 1452,1586 1547,1588 1642,1585 1738,1582 1833,1585 1929,1585 2024,1585 2119,1585 2215,1588 2310,1585 2406,1585"/>
                <TextEquiv>
                    <Unicode>Inspizient: (zu Franzl) Vergessen Sie nicht, Ffrau</Unicode>
                </TextEquiv>
            </TextLine>
            <TextLine id="tr_1_tl_11" custom="readingOrder {index:10;}">
                <Coords points="479,1775 961,1760 1197,1817 2189,1782 2189,1654 2021,1616 1872,1662 479,1647"/>
                <Baseline points="492,1717 577,1717 662,1717 747,1717 832,1716 917,1717 1002,1715 1087,1717 1172,1720 1257,1717 1343,1717 1428,1720 1513,1719 1598,1717 1683,1719 1768,1717 1853,1714 1938,1714 2023,1717 2108,1717 2194,1723"/>
                <TextEquiv>
                    <Unicode>ie in, das buch liegt rechte auf dem Klarier.</Unicode>
                </TextEquiv>
            </TextLine>
            <TextLine id="tr_1_tl_12" custom="readingOrder {index:11;}">
                <Coords points="479,1908 592,1890 628,1915 781,1898 861,1920 944,1900 1047,1925 1044,1777 951,1762 904,1800 818,1770 771,1800 753,1782 479,1775"/>
                <Baseline points="492,1845 521,1843 550,1843 580,1845 609,1845 639,1845 668,1845 697,1845 727,1845 756,1845 786,1845 815,1845 845,1845 874,1845 903,1845 933,1845 962,1845 992,1845 1021,1847 1051,1851"/>
                <TextEquiv>
                    <Unicode>Franzi: Chickt)</Unicode>
                </TextEquiv>
            </TextLine>
            <TextLine id="tr_1_tl_13" custom="readingOrder {index:12;}">
                <Coords points="499,2053 2425,2011 2425,1905 499,1903"/>
                <Baseline points="513,1964 608,1973 704,1975 800,1975 896,1975 992,1974 1088,1976 1183,1973 1279,1973 1375,1974 1471,1976 1567,1975 1663,1976 1759,1976 1854,1976 1950,1976 2046,1975 2142,1974 2238,1974 2334,1974 2430,1979"/>
                <TextEquiv>
                    <Unicode>Inepizient: (zun Klavierktarterspieler) Aufpassen</Unicode>
                </TextEquiv>
            </TextLine>
            <TextLine id="tr_1_tl_14" custom="readingOrder {index:13;}">
                <Coords points="479,2161 2450,2181 2450,2021 2415,2008 2322,2056 2088,2016 1802,2061 479,2048"/>
                <Baseline points="492,2105 590,2102 688,2104 786,2103 885,2102 983,2102 1081,2105 1179,2105 1278,2105 1376,2105 1474,2105 1572,2105 1671,2105 1769,2105 1867,2102 1965,2105 2064,2105 2162,2105 2260,2105 2358,2105 2457,2111"/>
                <TextEquiv>
                    <Unicode>und um Gottoswillen nicht früher aufhören, als ich</Unicode>
                </TextEquiv>
            </TextLine>
            <TextLine id="tr_1_tl_15" custom="readingOrder {index:14;}">
                <Coords points="469,2294 979,2319 1549,2264 2339,2272 2367,2171 1714,2199 1606,2156 1493,2191 467,2159"/>
                <Baseline points="483,2233 577,2233 672,2233 766,2233 861,2233 955,2238 1050,2236 1144,2233 1239,2236 1333,2236 1428,2233 1523,2234 1617,2236 1712,2233 1806,2233 1901,2235 1995,2238 2090,2236 2184,2236 2279,2236 2374,2242"/>
                <TextEquiv>
                    <Unicode>das Zeichen gebe. (ritt rechts an den Lpekten</Unicode>
                </TextEquiv>
            </TextLine>
            <TextLine id="tr_1_tl_16" custom="readingOrder {index:15;}">
                <Coords points="472,2425 2390,2432 2390,2297 2113,2264 1762,2307 472,2292"/>
                <Baseline points="486,2365 581,2362 676,2363 772,2363 867,2364 963,2363 1058,2362 1153,2362 1249,2362 1344,2362 1440,2363 1535,2365 1630,2365 1726,2362 1821,2362 1917,2365 2012,2362 2107,2365 2203,2363 2298,2365 2394,2374"/>
                <TextEquiv>
                    <Unicode>Prospekt, blickt durch einen Spalt auf die Bühne,</Unicode>
                </TextEquiv>
            </TextLine>
            <TextLine id="tr_1_tl_17" custom="readingOrder {index:16;}">
                <Coords points="469,2513 1574,2502 1574,2427 1516,2410 1343,2445 1202,2412 469,2425"/>
                <Baseline points="483,2502 537,2494 592,2493 647,2492 702,2490 757,2490 811,2490 866,2487 921,2491 976,2489 1031,2490 1085,2493 1140,2496 1195,2496 1250,2494 1305,2493 1359,2493 1414,2493 1469,2493 1524,2493 1579,2493"/>
                <TextEquiv>
                    <Unicode>gibt dem Klavierspieler ein</Unicode>
                </TextEquiv>
            </TextLine>
            <TextLine id="tr_1_tl_18" custom="readingOrder {index:17;}">
                <Coords points="1649,2555 2395,2540 2392,2432 2354,2415 2144,2462 2008,2422 1882,2447 1825,2420 1647,2425"/>
                <Baseline points="1663,2493 1699,2491 1736,2490 1773,2490 1810,2490 1847,2491 1884,2496 1920,2496 1957,2496 1994,2496 2031,2496 2068,2496 2105,2499 2142,2497 2178,2498 2215,2498 2252,2496 2289,2496 2326,2494 2363,2493 2400,2496"/>
                <TextEquiv>
                    <Unicode>Zelohen, der spielt</Unicode>
                </TextEquiv>
            </TextLine>
            <TextLine id="tr_1_tl_19" custom="readingOrder {index:18;}">
                <Coords points="472,2671 2354,2686 2485,2630 2485,2580 2359,2540 472,2570"/>
                <Baseline points="486,2624 586,2621 686,2623 786,2618 886,2618 987,2618 1087,2619 1187,2621 1287,2618 1387,2618 1488,2621 1588,2620 1688,2619 1788,2621 1888,2621 1989,2624 2089,2621 2189,2621 2289,2620 2389,2621 2490,2624"/>
                <TextEquiv>
                    <Unicode>ein paer Ankorde, unterbricht auf ein neuge Zeichen</Unicode>
                </TextEquiv>
            </TextLine>
            <TextLine id="tr_1_tl_20" custom="readingOrder {index:19;}">
                <Coords points="479,2804 1200,2806 1185,2673 1012,2696 891,2666 479,2678"/>
                <Baseline points="492,2753 527,2751 563,2752 599,2752 634,2750 670,2753 706,2753 741,2753 777,2752 813,2750 849,2750 884,2748 920,2749 956,2750 991,2750 1027,2750 1063,2750 1098,2750 1134,2751 1170,2753 1206,2756"/>
                <TextEquiv>
                    <Unicode>des Inspizienten).</Unicode>
                </TextEquiv>
            </TextLine>
            <TextLine id="tr_1_tl_21" custom="readingOrder {index:20;}">
                <Coords points="479,2939 1549,2927 1549,2794 479,2824"/>
                <Baseline points="492,2881 545,2880 598,2877 651,2875 704,2877 757,2875 810,2875 864,2878 917,2878 970,2876 1023,2875 1076,2875 1129,2877 1182,2875 1236,2875 1289,2875 1342,2875 1395,2875 1448,2877 1501,2883 1555,2887"/>
                <TextEquiv>
                    <Unicode>llauch dies etwas früherl).</Unicode>
                </TextEquiv>
            </TextLine>
            <TextLine id="tr_1_tl_22" custom="readingOrder {index:21;}">
                <Coords points="472,3080 1945,3057 1945,2924 1895,2904 547,2959 472,2927"/>
                <Baseline points="486,3007 559,3009 632,3009 705,3010 779,3009 852,3010 925,3010 999,3010 1072,3010 1145,3010 1219,3006 1292,3007 1365,3006 1438,3006 1512,3004 1585,3004 1658,3004 1732,3004 1805,3004 1878,3007 1952,3007"/>
                <TextEquiv>
                    <Unicode>Iaspiaient:lgibt Franzi ein Zeichenl.</Unicode>
                </TextEquiv>
            </TextLine>
            <TextEquiv>
                <Unicode></Unicode>
            </TextEquiv>
        </TextRegion>
    </Page>
</PcGts>
