2792 3464
609 294 2363 527 tae Eine stwas schnierige Situstion.
606 486 1187 652 Ferdemender
614 606 2509 777 Bregulein:(tritt zu ihnen) Ich störe doch nicht?
619 760 1570 864 oterertrarttretmntug
621 847 1586 928 Righard: (macht einen Zug)
614 926 2417 1161 lommel, Greger, doha sotzon sich en einer Rroch
616 1097 1205 1248 Karten splolen
621 1215 2435 1368 (Dogelmann und Fritzl bleiben allein an den gr.
624 1353 1217 1509 Tischsitzen 1
604 1483 2054 1629 Karl Bern: Die Königin ist verloren.
629 1601 1586 1752 Eichard: Ich geb es auf.
614 1714 2440 1923 Pregulolni Mithen dritten Zug nären Sie natt e.
609 1882 913 2000 wesen..
609 1985 1366 2087 Richard: (steht auf)
621 2097 2486 2317 Progulein: (in Lrtehrent Rishard) Ich worde 8ie
621 2271 905 2366 rächen.
616 2389 2430 2473 Hichard: (setzt sich an den benachbarten Tischl
614 2527 2522 2675 tarl Bern:/ zn Preguleinl Segen die eiumal, Proge-
609 2609 2665 2811 lein,glauben die wirklich, dass die Friesel Letert-
619 2780 1821 2928 ret die Fauni spielen könntet
621 2903 2486 3105 Drogaloth: Ioh werde kothesnege gefragt worden.
