2856 3496
1665 446 1813 560 Bie
510 454 1331 664 Gerderobtère: (zu Wil
515 624 654 735 da.
2165 654 2363 796 suhn
507 624 2145 831 Wint:(entdernn sich und verlsest bald die
517 824 2373 1039 Dregulein:(folgt sehr angespannt den Vorgangen
520 1017 925 1100 der Bzenel
530 1042 1818 1255 (Rückwartige Füre wird geöfinet)
537 1186 2492 1369 (Die Lähne ist also jetzt eine Weile sichtbar und
540 1349 2337 1498 die Darsteller des Stücks: Fannis Mutter, ihre
527 1478 2560 1635 Schwester, zwei junge Mädchen, zwei Herren im Frack,
527 1615 2469 1764 Moritzky (Johnl. Emmi (Fritzi Bauer) treten durch
532 1729 2540 1889 die Prospekttüre nach dem Vordergrund, begeben sich
537 1878 2479 2028 hinter die nxx Szene, auf der sie bie, jetzt ge-
527 2005 2358 2155 spielt haben und befinden sich nun vorne. Die
545 2147 2345 2304 Prospekttüre schdiesst sich wieder. Fanni und
563 2287 2593 2423 Fedor (Franzi und Gregor) sind allein auf der Bühne
555 2411 2535 2548 des Asidenztheaters zurückgeblieben (der Szene),
560 2532 2393 2682 die Andern gehen am Baron vorbei, ihn grüssend,
568 2687 2396 2827 einige mit den Worten: Guten Abend, Herr Baron.
616 2799 2406 2943 Je verziehen sich mehr nach rechts. Einer oder
563 2958 1676 3161 der andere bieibt sichtbar.
