2904 3480
453 499 1050 647 Pranzi: Bunen
2247 613 2379 758 EIn
1280 600 2196 776 rechte mit einen Brief
458 639 916 791 Pr. Nenzel:/
463 778 983 921 Brief, Praulet
1260 869 1823 1003 bei den Rosen.
447 892 1159 1050 Mil1: Der war das
455 983 2475 1190 Fr. Menzel: Der Herr Dregulein hat geneint, ich soll
460 1135 1782 1306 ihn Ihnen gleich herunterbringen.
458 1257 1699 1422 Franzi: löftnet rasch den Brief)
478 1394 2431 1575 Inepizient: (gibt jetzt dem Klarierspieler ein Zei
463 1536 2196 1707 chen, der einen Walzer zu spielen beginnt).
494 1668 1585 1834 regulein:lkomnt von Linksl.
499 1766 2465 1955 repizlent: (zu Franzl) Aufpassen, Fräulein Friesel,
460 1878 2351 2100 gleich menn's Mlerierspielen aufhört, konnen Sie
466 2059 683 2193 dren.
468 2172 1810 2317 (Mil1 und Fr. Menzel nach rechtsl.
504 2299 2516 2478 Fregulein: (zu Franzl) Also alles wiöder in Ordnung,
476 2436 931 2568 nicht wehr?
458 2540 2452 2731 Franzt:(schaut ihn wie entgeistert aul Stanktanen
468 2679 2356 2840 Andwinktweth Der Brief ist nicht von ihn.
471 2809 1384 2987 Pregulein: Unso beszer.
466 2876 2547 3135 Trenzt: Die Nunen und den Frief hat mir ein Anderer
