2824 3464
2208 203 2391 386 (223.
645 383 2381 593 werksan, dase noch ein Brief de liegt, Berontn
640 546 1555 705 erinnert sich. Lent abl
638 653 2426 833 Beronin: Ja Herr Foktor, bald hatt? Ich verges
645 781 2280 977 sen. Es ist ja noch ein Brief für Sie da.
653 927 2129 1080 Richerd: Ein Brief für nicht Von neut
658 1036 2544 1251 Beronin: Das Fraulein ist dagewesen an nächsten
655 1145 2576 1338 Teg. Noch bevor Ihre Kündigung gekommen ist, Nerr
660 1293 2616 1498 Doktor. loxinet die Lede des Schreibtlaches, dimmt
670 1414 2606 1627 den Brief herausl Und hat selber den Brief da ge-
675 1521 2435 1758 schrieben. Sie hat gesagt, dery Doktor werden
680 1679 2433 1894 vielleicht konnensen Brief abhölen. Und nenn
675 1854 925 1998 nicht
682 1943 2418 2129 Riohard: Sie hat gensst, sie hat geahnt -.
685 2062 2606 2297 Frau Beronin, wenn Sie vielleicht die Güte hätten
687 2193 2490 2386 mich nur für ein peer kinnten -- ich möchte,
697 2339 2163 2537 den brief gern für mich allein lesen.
710 2463 2304 2665 Beronin: Meis perfeitement Konsteur, (abl
700 2571 2502 2779 Richerd:loffnet rasch den Brief,liest um fur
717 2705 2702 2861 sich zuerst,geht im Zimmer hin und her,dann wieder
715 2831 2613 2997 nach vorn, denn liest er den Brief laut für sicht
722 3007 2519 3199 meisst dn Jetzt - (er kalt wieder inne, später
