2904 3448
278 188 458 360 1017
2153 332 2297 453 153
603 417 2511 618 Zogengang des Residenztheaters. Vier Logentüren,
605 585 2518 754 Jetzt geschlossen; 1,2,3,4 von rechts nach linke.
595 711 2619 894 Zoge 1,Direktionsloge,I darin der Baron (Intendant,
590 832 2639 1025 und Loktor braun, Joge 2 die Roreda und ihre Mutter,
585 958 2621 1151 toge 3 Frau Veith, Mathilde und Richard, Zoge 4. Dok-
579 1071 2531 1262 tor Fricke, Helene. und Karl Bern. Vorläufig sind
587 1213 2508 1414 alie diese Personen natürlich unsichtbar. Rechts
572 1339 2639 1542 eine Stiege, die ine Forterrg hinab führt. Der Logen-
574 1486 2449 1669 gang setzt sich linke fort. Eirke seitlich eine
551 1609 2596 1813 Bank mit rotém Pluech gepolstert, auf der der Logen-
554 1743 2565 1970 schliesser sitzt und eben eingenicht lst. Vollkon-
546 1877 1038 2029 mene Stille.
546 1988 2521 2209 Die Fürs der Loge d öffnet sich leise, man sicht
541 2124 2552 2338 en der Prüstung, den Bütck der Bühne zugewandt, Frau
538 2261 2464 2464 Veith und Mathilde sitzen, Richerd, vorzichtig und
520 2413 2542 2598 leise, konuf heraus, schliesst die Füre hinter sich.
518 2521 2480 2735 Er geht auf den Logenichliesser zu und tüpft. ihm
523 2655 1213 2804 auf die Schulter.
536 2796 1560 2956 Zogenschliesser:bermacht)
497 2905 1715 3085 Richerd: No konnt man hier auf
