2856 3416
2181 200 2338 314 264
640 373 2338 564 det sehr richtig, -es fehlt an Entwicklung.
649 514 2510 685 Löblein: Wem? Dem Stück? Und Oder dem Schaffen
647 661 2020 818 des Autors? Oder unserm Repertoir?
1629 752 1813 842 nicht
652 790 2136 952 Baron: Darüber hat er sichgeäussert.
649 892 2405 1085 Löblein: Sie haben auch mit Dr. Reich gespro-
661 1085 878 1201 chen?
642 1180 2417 1344 Baron: Wir sollten lieber Klassiker spielen,
654 1320 2510 1458 findet der. Aber das ist belanglos, die "Agend-
661 1442 2146 1601 post" liest kein Mensch. (Zeichen.)
666 1560 2391 1713 Höblein: Ich murs auf die Bühne,Herr Baron.
661 1665 2464 1867 Daron: Mehr Tempol (sicht auf die Uhr./Es ist
654 1851 2455 2003 halb zehn. Unsere Hettung ist nur, wenn es ge-
659 1958 1396 2127 schmind aus wird..
649 2103 1422 2262 Loblein: (resch abl.
687 2191 2590 2403 oreda: Herr Baron, erlaubenie mir Ijnen zu dem
652 2343 2353 2517 sensationellen Erfolg Ihres neuen Stars zu
664 2507 1156 2631 gratulieren.
671 2588 2443 2762 Baron: Ee freut mich, dase Sie mit Ihrer Nach-
657 2733 1634 2871 folgerin zufrieden sind.
664 2857 2579 3033 Roveda: Die Roreda hat keine Nachfolgerin, so we-
