<?xml version="1.0" encoding="UTF-8" standalone="yes"?>
<PcGts xmlns="http://schema.primaresearch.org/PAGE/gts/pagecontent/2013-07-15" xmlns:xsi="http://www.w3.org/2001/XMLSchema-instance" xsi:schemaLocation="http://schema.primaresearch.org/PAGE/gts/pagecontent/2013-07-15 http://schema.primaresearch.org/PAGE/gts/pagecontent/2013-07-15/pagecontent.xsd">
    <Metadata>
        <Creator>prov=READ-COOP:name=PyLaia@TranskribusPlatform:version=2.7.0:model_id=50870:lm=none:date=22_01_2024_16:59</Creator>
        <Created>2023-09-27T14:32:34.694+02:00</Created>
        <LastChange>2024-01-22T16:59:52.535+01:00</LastChange>
        <TranskribusMetadata docId="1589029" pageId="60122690" pageNr="160" tsid="145626806" status="IN_PROGRESS" userId="40391" imgUrl="https://files.transkribus.eu/Get?id=DVNVUZMDASHKOXBILYJSITYS&amp;fileType=view" xmlUrl="https://files.transkribus.eu/Get?id=BTGSPEFBKUVSODVIVTVKCSYC" imageId="48547768"/>
    </Metadata>
    <Page imageFilename="1589029_0160.jpg" imageWidth="2840" imageHeight="3480">
        <ReadingOrder>
            <OrderedGroup id="ro_1711795121002" caption="Regions reading order">
                <RegionRefIndexed index="0" regionRef="tr_1"/>
            </OrderedGroup>
        </ReadingOrder>
        <TextRegion orientation="0.0" id="tr_1" custom="readingOrder {index:0;}">
            <Coords points="593,550 593,3115 2641,3115 2641,550"/>
            <TextLine id="tr_1_tl_1" custom="readingOrder {index:0;}">
                <Coords points="703,683 901,651 1036,686 1113,646 1394,698 1589,632 1712,683 1712,521 1421,572 703,548"/>
                <Baseline points="716,608 766,614 816,614 866,612 916,609 966,609 1016,610 1067,611 1117,614 1167,611 1217,611 1267,611 1317,611 1367,611 1418,611 1468,609 1518,611 1568,611 1618,611 1668,612 1719,611"/>
                <TextEquiv>
                    <Unicode>Art von Hochmut bedeutet.</Unicode>
                </TextEquiv>
            </TextLine>
            <TextLine id="tr_1_tl_2" custom="readingOrder {index:1;}">
                <Coords points="2216,750 2292,767 2342,743 2413,748 2458,723 2477,743 2635,753 2635,622 2529,669 2435,639 2403,666 2216,649"/>
                <Baseline points="2229,698 2254,695 2280,695 2306,697 2332,698 2357,698 2383,698 2409,698 2435,697 2460,695 2486,695 2512,695 2538,697 2563,697 2589,695 2615,695 2641,695"/>
                <TextEquiv>
                    <Unicode>r, wie wahr</Unicode>
                </TextEquiv>
            </TextLine>
            <TextLine id="tr_1_tl_3" custom="readingOrder {index:2;}">
                <Coords points="595,790 733,834 1340,807 1480,841 2213,797 2213,669 2075,698 1641,661 1574,706 1448,669 1207,703 1091,664 666,701 595,669"/>
                <Baseline points="608,734 688,742 769,743 849,744 930,746 1011,743 1091,743 1172,743 1252,743 1333,743 1414,746 1494,742 1575,743 1655,742 1736,740 1817,740 1897,743 1978,738 2058,737 2139,737 2220,737"/>
                <TextEquiv>
                    <Unicode>Karl Bern: Sie ahnen gar nicht, Herr Dokte</Unicode>
                </TextEquiv>
            </TextLine>
            <TextLine id="tr_1_tl_4" custom="readingOrder {index:3;}">
                <Coords points="622,913 755,908 906,950 1071,903 1197,955 1451,933 1451,839 1377,817 906,834 827,804 733,834 622,807"/>
                <Baseline points="635,874 676,877 717,875 758,874 799,872 840,871 881,872 922,874 963,874 1004,874 1045,874 1086,874 1127,874 1168,871 1209,871 1250,873 1291,874 1332,874 1373,874 1414,874 1456,874"/>
                <TextEquiv>
                    <Unicode>ie gesprochen hapen.</Unicode>
                </TextEquiv>
            </TextLine>
            <TextLine id="tr_1_tl_5" custom="readingOrder {index:4;}">
                <Coords points="592,1068 898,1093 1246,1039 2006,1078 2166,1009 2527,1012 2497,896 2181,955 2068,920 1893,962 592,943"/>
                <Baseline points="605,996 701,1002 797,1003 893,1005 990,1003 1086,1002 1182,1005 1278,1002 1375,999 1471,998 1567,996 1663,998 1760,999 1856,996 1952,996 2048,996 2145,999 2241,996 2337,998 2433,994 2530,993"/>
                <TextEquiv>
                    <Unicode>Hr. Fricke: Ich ahne es nicht nur, ich weiss es so-</Unicode>
                </TextEquiv>
            </TextLine>
            <TextLine id="tr_1_tl_6" custom="readingOrder {index:5;}">
                <Coords points="585,1175 943,1167 1031,1212 1096,1167 1221,1209 1749,1170 2157,1231 2319,1177 2408,1207 2411,1076 587,1071"/>
                <Baseline points="599,1140 689,1137 780,1134 870,1137 961,1134 1052,1134 1142,1132 1233,1131 1323,1132 1414,1134 1505,1130 1595,1131 1686,1132 1776,1131 1867,1131 1958,1131 2048,1131 2139,1128 2229,1131 2320,1131 2411,1134"/>
                <TextEquiv>
                    <Unicode>gar. Jugend an und für sich ist schon Hochnut,</Unicode>
                </TextEquiv>
            </TextLine>
            <TextLine id="tr_1_tl_7" custom="readingOrder {index:6;}">
                <Coords points="585,1328 814,1325 891,1283 1695,1340 1695,1177 1266,1226 1167,1182 1029,1214 987,1175 585,1219"/>
                <Baseline points="599,1268 654,1268 709,1265 764,1265 819,1268 874,1268 929,1266 984,1265 1039,1265 1094,1265 1150,1265 1205,1265 1260,1265 1315,1265 1370,1265 1425,1265 1480,1265 1535,1265 1590,1263 1645,1262 1701,1262"/>
                <TextEquiv>
                    <Unicode>allerdings ein berechtigter.</Unicode>
                </TextEquiv>
            </TextLine>
            <TextLine id="tr_1_tl_8" custom="readingOrder {index:7;}">
                <Coords points="587,1406 1184,1397 1303,1451 1419,1414 2194,1443 2546,1406 2546,1313 587,1342"/>
                <Baseline points="602,1390 699,1396 796,1393 894,1396 991,1394 1089,1396 1186,1393 1284,1394 1381,1395 1479,1393 1576,1393 1673,1393 1771,1393 1868,1393 1966,1396 2063,1391 2161,1389 2258,1387 2356,1396 2453,1395 2551,1390"/>
                <TextEquiv>
                    <Unicode>Karl Bern: Sie halten mich für jung, Herr Doktor?</Unicode>
                </TextEquiv>
            </TextLine>
            <TextLine id="tr_1_tl_9" custom="readingOrder {index:8;}">
                <Coords points="587,1567 1920,1587 2263,1537 2356,1584 2554,1579 2554,1443 2285,1421 2186,1453 1920,1448 1819,1404 1648,1448 1540,1416 1436,1451 587,1446"/>
                <Baseline points="602,1522 699,1528 797,1528 895,1525 993,1525 1091,1522 1189,1522 1287,1525 1385,1525 1483,1525 1581,1525 1678,1525 1776,1522 1874,1522 1972,1524 2070,1520 2168,1522 2266,1519 2364,1522 2462,1525 2560,1531"/>
                <TextEquiv>
                    <Unicode>Ich bin füntunadreissig. Una zu Ihrer Beruhigung.</Unicode>
                </TextEquiv>
            </TextLine>
            <TextLine id="tr_1_tl_10" custom="readingOrder {index:9;}">
                <Coords points="582,1695 2327,1740 2507,1670 2507,1572 2354,1584 2258,1542 2083,1589 1505,1559 1335,1604 1209,1555 1007,1616 582,1592"/>
                <Baseline points="596,1659 691,1656 787,1656 883,1656 979,1657 1075,1653 1171,1653 1266,1656 1362,1653 1458,1653 1554,1653 1650,1653 1746,1653 1842,1652 1937,1653 2033,1653 2129,1648 2225,1650 2321,1650 2417,1650 2513,1662"/>
                <TextEquiv>
                    <Unicode>ich zähle gar nicht mehr zur modernen Litératur,</Unicode>
                </TextEquiv>
            </TextLine>
            <TextLine id="tr_1_tl_11" custom="readingOrder {index:10;}">
                <Coords points="585,1821 1007,1875 2268,1806 2440,1863 2416,1727 1629,1705 1323,1742 1115,1693 822,1757 585,1720"/>
                <Baseline points="599,1781 691,1784 783,1784 876,1784 968,1784 1061,1786 1153,1784 1245,1787 1338,1784 1430,1782 1523,1784 1615,1784 1707,1784 1800,1782 1892,1784 1985,1781 2077,1781 2169,1784 2262,1781 2354,1781 2447,1781"/>
                <TextEquiv>
                    <Unicode>womit ich übrigens nicht xxxxankxa, Herr</Unicode>
                </TextEquiv>
            </TextLine>
            <TextLine id="tr_1_tl_12" custom="readingOrder {index:11;}">
                <Coords points="580,1944 856,1937 1031,2013 1184,1962 1542,1959 1725,2004 2055,1989 2164,1932 2559,1952 2559,1873 2122,1819 1856,1873 580,1853"/>
                <Baseline points="593,1913 691,1916 790,1917 888,1917 987,1917 1086,1913 1184,1916 1283,1916 1382,1916 1480,1916 1579,1916 1678,1916 1776,1916 1875,1913 1974,1913 2072,1913 2171,1914 2270,1913 2368,1919 2467,1922 2566,1922"/>
                <TextEquiv>
                    <Unicode>Doktor, Axamdexxxaxstimen an ihre Nachsicht zu</Unicode>
                </TextEquiv>
            </TextLine>
            <TextLine id="tr_1_tl_13" custom="readingOrder {index:12;}">
                <Coords points="595,2083 1105,2125 1592,2078 1708,2125 1878,2046 2149,2088 2359,2041 2505,2063 2505,2011 2332,1964 1722,1999 1520,1957 1355,2011 1061,2016 595,1991"/>
                <Baseline points="608,2050 703,2053 798,2053 893,2053 988,2053 1083,2053 1178,2053 1273,2051 1368,2050 1463,2050 1559,2051 1654,2053 1749,2053 1844,2044 1939,2046 2034,2042 2129,2042 2224,2041 2319,2043 2414,2041 2510,2041"/>
                <TextEquiv>
                    <Unicode>appellienen üter beabeichtige. Ich trete für ai-</Unicode>
                </TextEquiv>
            </TextLine>
            <TextLine id="tr_1_tl_14" custom="readingOrder {index:13;}">
                <Coords points="587,2223 775,2201 871,2253 1004,2218 1184,2265 1614,2194 1880,2258 1981,2203 2162,2248 2342,2186 2502,2221 2482,2097 2337,2149 1421,2088 1068,2144 587,2120"/>
                <Baseline points="602,2175 697,2181 792,2183 887,2184 983,2181 1078,2178 1173,2182 1268,2181 1364,2178 1459,2180 1554,2178 1649,2178 1745,2178 1840,2178 1935,2178 2030,2180 2126,2178 2221,2176 2316,2178 2411,2175 2507,2169"/>
                <TextEquiv>
                    <Unicode>les ein, was ich geschrieben habe, auch gegen mei-</Unicode>
                </TextEquiv>
            </TextLine>
            <TextLine id="tr_1_tl_15" custom="readingOrder {index:14;}">
                <Coords points="587,2344 644,2352 683,2329 711,2352 762,2327 844,2359 918,2339 1096,2352 1133,2379 1165,2366 1165,2236 1113,2226 1059,2260 982,2240 938,2263 644,2233 587,2270"/>
                <Baseline points="602,2310 630,2310 659,2308 687,2306 716,2302 744,2302 773,2304 801,2304 830,2304 858,2304 887,2304 915,2304 944,2304 972,2306 1001,2307 1029,2307 1058,2306 1086,2304 1115,2306 1143,2306 1172,2304"/>
                <TextEquiv>
                    <Unicode>ne Veverzeugun,</Unicode>
                </TextEquiv>
            </TextLine>
            <TextLine id="tr_1_tl_16" custom="readingOrder {index:15;}">
                <Coords points="676,2509 1145,2522 1730,2435 1976,2475 2408,2435 2408,2329 2361,2312 1957,2376 1777,2339 1695,2379 1231,2386 1004,2347 679,2391"/>
                <Baseline points="692,2435 778,2433 864,2434 950,2433 1036,2435 1122,2433 1208,2441 1294,2438 1380,2435 1466,2432 1553,2434 1639,2430 1725,2430 1811,2429 1897,2427 1983,2429 2069,2429 2155,2432 2241,2432 2327,2432 2414,2429"/>
                <TextEquiv>
                    <Unicode>Pricke:(lächelndl Also, auf Wiedersehen, an</Unicode>
                </TextEquiv>
            </TextLine>
            <TextLine id="tr_1_tl_17" custom="readingOrder {index:16;}">
                <Coords points="1167,2606 1515,2650 1619,2611 1690,2635 1828,2566 2250,2574 2250,2505 2181,2495 1167,2502"/>
                <Baseline points="1181,2560 1234,2558 1288,2560 1342,2558 1396,2557 1449,2560 1503,2558 1557,2560 1611,2560 1664,2560 1718,2563 1772,2562 1826,2560 1879,2562 1933,2561 1987,2557 2041,2561 2094,2562 2148,2560 2202,2562 2256,2569"/>
                <TextEquiv>
                    <Unicode>xrRühnexkeEX, aus der Bünne.</Unicode>
                </TextEquiv>
            </TextLine>
            <TextLine id="tr_1_tl_18" custom="readingOrder {index:17;}">
                <Coords points="679,2603 716,2588 861,2625 977,2588 1034,2630 1133,2628 1135,2497 1049,2492 989,2514 915,2502 898,2517 827,2502 804,2522 760,2519 738,2497 681,2509"/>
                <Baseline points="692,2569 718,2569 744,2570 770,2571 796,2572 822,2572 849,2570 875,2569 901,2569 927,2568 953,2566 979,2566 1006,2566 1032,2566 1058,2565 1084,2564 1110,2564 1137,2566"/>
                <TextEquiv>
                    <Unicode>mstag xonzer</Unicode>
                </TextEquiv>
            </TextLine>
            <TextLine id="tr_1_tl_19" custom="readingOrder {index:18;}">
                <Coords points="1207,2704 1453,2697 1572,2741 1806,2697 2018,2771 2258,2704 2475,2746 2445,2633 1207,2623"/>
                <Baseline points="1220,2692 1283,2690 1346,2690 1409,2689 1472,2689 1535,2692 1598,2692 1661,2690 1724,2692 1787,2692 1850,2692 1913,2690 1976,2692 2039,2692 2102,2689 2165,2689 2228,2691 2291,2691 2354,2689 2417,2687 2480,2680"/>
                <TextEquiv>
                    <Unicode>im Zuschauerraum. Ich bitte näm-</Unicode>
                </TextEquiv>
            </TextLine>
            <TextLine id="tr_1_tl_20" custom="readingOrder {index:19;}">
                <Coords points="582,2751 669,2759 696,2741 790,2741 827,2769 869,2759 906,2773 989,2756 992,2648 908,2648 881,2625 807,2611 718,2620 691,2603 651,2618 612,2596 585,2608"/>
                <Baseline points="599,2692 624,2694 649,2695 674,2695 699,2695 724,2695 749,2694 774,2692 799,2692 824,2692 849,2692 874,2693 899,2694 924,2694 949,2692 974,2691 999,2689"/>
                <TextEquiv>
                    <Unicode>kerl Bern:</Unicode>
                </TextEquiv>
            </TextLine>
            <TextLine id="tr_1_tl_21" custom="readingOrder {index:20;}">
                <Coords points="1295,2771 1308,2771 1313,2781 1335,2769 1345,2776 1360,2773 1362,2778 1374,2769 1399,2778 1416,2769 1434,2771 1441,2697 1402,2697 1394,2704 1389,2699 1357,2709 1340,2702 1303,2702"/>
                <Baseline points="1310,2771 1336,2762 1363,2758 1389,2760 1416,2756 1443,2751"/>
                <TextEquiv>
                    <Unicode>abni</Unicode>
                </TextEquiv>
            </TextLine>
            <TextLine id="tr_1_tl_22" custom="readingOrder {index:21;}">
                <Coords points="1130,2870 1547,2904 1693,2820 1890,2857 2435,2843 2435,2754 2384,2739 2164,2776 1130,2761"/>
                <Baseline points="1143,2811 1207,2811 1272,2811 1337,2810 1402,2813 1467,2815 1532,2819 1597,2820 1662,2820 1727,2820 1792,2820 1856,2820 1921,2820 1986,2822 2051,2821 2116,2823 2181,2823 2246,2823 2311,2823 2376,2826 2441,2823"/>
                <TextEquiv>
                    <Unicode>eunmie mich zeitweise in ihrer</Unicode>
                </TextEquiv>
            </TextLine>
            <TextLine id="tr_1_tl_23" custom="readingOrder {index:22;}">
                <Coords points="592,2855 622,2867 693,2847 792,2872 923,2860 1034,2892 1034,2773 957,2754 918,2771 753,2761 725,2781 681,2759 592,2754"/>
                <Baseline points="605,2820 630,2822 656,2823 681,2823 707,2822 733,2820 758,2820 784,2820 810,2822 835,2823 861,2823 887,2822 912,2820 938,2820 964,2820 989,2820 1015,2821 1041,2823"/>
                <TextEquiv>
                    <Unicode>lich um die</Unicode>
                </TextEquiv>
            </TextLine>
            <TextLine id="tr_1_tl_24" custom="readingOrder {index:23;}">
                <Coords points="597,3005 755,3025 861,2993 1004,3000 1004,2843 846,2902 760,2852 693,2847 597,2877"/>
                <Baseline points="611,2948 636,2948 661,2948 686,2950 711,2950 736,2949 761,2948 786,2948 811,2948 836,2948 861,2948 886,2948 911,2948 936,2948 961,2948 986,2949 1011,2951"/>
                <TextEquiv>
                    <Unicode>Loge von a</Unicode>
                </TextEquiv>
            </TextLine>
            <TextLine id="tr_1_tl_25" custom="readingOrder {index:24;}">
                <Coords points="1118,3010 1569,3030 1915,2956 2105,3000 2265,2956 2460,3008 2460,2902 2216,2857 1735,2909 1118,2872"/>
                <Baseline points="1131,2942 1197,2950 1264,2951 1331,2949 1397,2951 1464,2952 1531,2948 1597,2949 1664,2951 1731,2948 1798,2951 1864,2950 1931,2948 1998,2949 2064,2948 2131,2951 2198,2951 2264,2951 2331,2948 2398,2948 2465,2951"/>
                <TextEquiv>
                    <Unicode>Aufregungen der Preniére ausruhen</Unicode>
                </TextEquiv>
            </TextLine>
            <TextLine id="tr_1_tl_26" custom="readingOrder {index:25;}">
                <Coords points="592,3089 624,3102 681,3089 723,3116 834,3104 891,3134 915,3121 985,3129 985,3015 938,3035 844,3010 802,3030 706,3010 676,3028 632,3003 592,3018"/>
                <Baseline points="605,3083 630,3083 656,3083 682,3083 707,3083 733,3083 759,3084 784,3086 810,3084 836,3083 861,3083 887,3083 913,3083 938,3083 964,3083 990,3083"/>
                <TextEquiv>
                    <Unicode>zu aürten.</Unicode>
                </TextEquiv>
            </TextLine>
            <TextEquiv>
                <Unicode></Unicode>
            </TextEquiv>
        </TextRegion>
    </Page>
</PcGts>
