2856 3496
1763 410 2083 539 Treppe v
547 375 1726 576 stendent: Billüber die Akter
986 545 1346 711 ie Bühnel
550 568 923 719 Fraum aut
500 648 2033 825 Löblein: Ich habe telefonieren lassen.
508 746 2326 973 Liener: Das Fräulein komnt nicht zum Feleton.
526 899 2549 1079 Intendant: Rufen Sie noch-einmal an, ich, der Inten-
505 1065 2564 1229 dant lässt das Fräulein zum Teleton bitten und zwar
510 1198 1845 1362 unverzüglich. Weiter, meine Herren!
510 1314 2165 1512 Karl Bern: (will ihm seinen Sitz anbieten)
518 1436 2596 1626 Intendnt: Bitte, bleiven Sie nurt (er bleibt stehen.
518 1602 1562 1721 reicht Karl Bern die Hand)
523 1652 2522 1890 dögelmann:(in der Rollel Ich möchte beinahe sagen.
523 1840 2493 2028 es ist notwendig,besonders bei einem jungen Arzt.
526 1967 1866 2173 Gregor:(in der Folle) du findest?
529 2115 2578 2258 Dögelmann: (in der Polle) Das Junggesellenleben - es
513 2271 1761 2408 hat doch immer etwas Meschines
523 2348 1356 2541 Kerl Bern: Meskines.
529 2482 2171 2638 dögelmenn:(tronisch) denn doch Mesquines!
531 2583 2654 2789 Karl Bern: Sagen wir vielleicht lieber: Verdächtiges.
537 2760 2488 2940 Bögelmenn:/i. d. R. (Gut. Diese ewigen Liebscherten
534 2879 2591 3059 lassen einen doch niemals zum richtigen lebensernst
529 3038 849 3202 konnen.
539 3138 2509 3342 intendent: Ich liebe es nicht Herr dögeinenn, wenn
