2840 3464
2120 400 2379 558 larante
474 374 2028 525 ein Zeichen des Inspizienten Gregor u.A
464 517 2435 734 auch koritity auf die Bühne. Die Mitteltur im Pro-
469 652 2514 805 pekt bleibt often stehen. Der Vorhang draussen hebt
469 802 2405 935 sich,die Schauspieler treten vor den Vorhang.Man
471 940 2280 1060 xieht also einen Teil des Zuschauerraums. Der
481 1080 2435 1279 Applaus verstärkt sich. Franzi liegt zwischen den
471 1200 2400 1337 Klavier und der Türe, jetzt auch dem Fublikum des
481 1353 2405 1467 Tesidenztheaters nicht sichtbar,da sie durch die
484 1490 2351 1602 sich verbeugenden Schauspieler verdeckt ist.Die
479 1610 2418 1745 Schauspieler treten wieder zurück auf die Szene,
489 1745 2479 1969 der Vorhang senkt sich, Applaus Flaut ab. setzt wie-
489 1906 818 2010 der ein)
504 1934 2509 2201 die Schauspielerif:ldtb Bohnester spiolt, zu Pranzil
484 2160 1689 2265 Eo stehen St doch auf, Friesell
484 2288 1806 2395 Franzi: bleibt regungslos liegen)
499 2400 2367 2591 Wornang hebt sich, Schauspieler wieder nach vor
522 2565 1353 2723 prlaus, Verbeugungen
517 2609 2367 2874 repirient: lnach vor zu Kerl Bernl Sojsehn die
489 2810 1781 2970 doch endlich heraus, Herr Doktorl
494 2942 1666 3070 Karl Bern: Beim nächsten Mal.
