2888 3560
2402 341 2608 518 588
2061 474 2221 589 mahr
2262 488 2419 604 Derz
623 454 1777 665 chung durchgehen, angestrichet
626 589 1053 751 Regisseur.
1946 739 2508 905 r unterbrickt.
1141 648 1509 896 sindis de
636 736 1099 896 Loblein: 810
618 856 1053 1035 Herr Bern.
623 1013 2498 1168 Karl Bern: Ich werde heute still sein wie ein.
623 1151 2211 1305 Wieso sind Sie überhaupt schon so weit?
623 1251 2454 1448 Gregor: (nicht ganz nahe, erbittert lUneere Dira
628 1396 2081 1551 ist noch nicht da,-Fräulein Roveda.
618 1519 2444 1698 Karl Bern: An, ja, 30. Da wird man an Ende doch
628 1678 2368 1823 eine Unbesetzung in Erwägung ziehen müssen!
636 1777 2559 1978 Löblein: Wie stellen Sie sich das vor, Herr Bern?
631 1936 1293 2073 Wer soll denn -?
640 1988 2530 2223 Gregor: Wenn die Herren sich meiter unterhalten
623 2179 2478 2329 wollen, kann ich ja vielleicht unterdessen eine
611 2307 2412 2505 kleine Reise nach Sudfrankreich unterehnen.
616 2429 2078 2611 löbkein: Aiso fangen wir endlich en.
626 2564 1512 2746 Souffleusealsoufiliert
1723 2574 2495 2760 ist wirklich schön.
628 2702 1399 2866 (ruftl Herr Gregorl
623 2827 2522 2989 Kayl Ber: lsetzt sich zum Regisseur) Man könnte
628 2979 2601 3138 vielleicht statt der Stelle, die wir gestem strei-
606 3104 1649 3295 chen wotiten, eine andere.
