2824 3512
562 464 2161 630 Dogelmann: Anthentisch müsst ich nichts.
555 570 2405 772 Hermel: Pikant soil es sein, nicht authentisch.
565 726 2493 889 Aithenzität das ist ein Aberglaube. Nicht einmal
560 855 2565 1034 Lugen sind authentisch. Nun, meine Herren, wozu habe
570 961 2615 1171 ioh Sie engaglertt Noch dasu gratie? Plandereien in
567 1106 2521 1298 einem Theaterkaffechans - muss man jedes Nort aus
567 1259 1355 1412 Innen herauslockent
565 1384 2635 1568 Karl Bern: (zu Riehard) Wollen wir jetzt unsere Parti
562 1521 1195 1658 Schach spielent
562 1648 1500 1806 dernel: Nier geblieben.
575 1765 2568 1938 Farl Bern: Ich beteilige nich nicht an deinen Plau-
560 1912 922 2065 dereien.
565 1998 2648 2197 Aermel: Ich werde dich vernichten. Aichte wird übrig
555 2164 2555 2337 bleiben von deinem Dichterruhm als die Anführungs-
560 2285 907 2423 zeichen.
567 2423 1511 2594 Karl Bern: Senkgen wir.
567 2555 2604 2721 (kerl Bern und Richerd ziehen sich an einen anderen
562 2682 2420 2848 rison zurück, das Gespräch an den Fisch demels
549 2814 2425 2957 geht netter, dermel wird inner betrunkener. Kerl
562 2941 2469 3125 bern und Rieherd setzen sieh. stellen die Sohach-
567 3068 1073 3234 eigeren aufl
