3064 3528
2535 347 2698 459 225
763 472 2359 641 Vregulein: Ist schon was verfügt worden?
756 623 2808 799 Dygelmann: Vorläufig hat man sie in ihre Garderobe
758 753 1338 883 transportiert.
756 870 2810 1057 Einer: (aus der Gruppe zum Fortier hin, Auskunft ver-
763 1039 1098 1195 langend)
756 1154 2530 1335 Ludwif: Nein, ich habe Richard nicht gesehen.
756 1297 1777 1465 Helene: Wo kann er denn -
758 1414 2701 1608 Karl Bern: (kömmt aus dem Theater, sieht tregulein
743 1565 1345 1728 und Dggelmannl
786 1690 2729 1863 regulein: (drückt ihm die Hand) Das ist ein ganz
753 1830 2083 1986 besonderes Pech für einen Autor.
743 1955 2762 2124 Karl Dern: Darauf dürfte es wohl am allerwenigsten
740 2085 2180 2236 ankommen. (gewahrt Helene, hinunterl
730 2210 2596 2415 Helene: (ihm rasch entgegen) Was ist geschehen?
735 2356 2701 2527 Karl Dern: Hat man denn im Hause nichte bemerkt?
730 2499 2621 2655 Helene: Hn Ist sie aus ihrer Ohnmacht erwacht.
735 2642 2741 2831 Karl Bern: Man weiss es noch nichtt- (zu ludwigl
756 2790 1697 2930 Guten abend,Herr Doktor.
730 2892 2670 3114 Mathiide: lsteht die ganze Zeit stunn, bald Aelene
735 3053 2165 3224 beld luawig, bald kerl Bern anschend?
