<?xml version="1.0" encoding="UTF-8" standalone="yes"?>
<PcGts xmlns="http://schema.primaresearch.org/PAGE/gts/pagecontent/2013-07-15" xmlns:xsi="http://www.w3.org/2001/XMLSchema-instance" xsi:schemaLocation="http://schema.primaresearch.org/PAGE/gts/pagecontent/2013-07-15 http://schema.primaresearch.org/PAGE/gts/pagecontent/2013-07-15/pagecontent.xsd">
    <Metadata>
        <Creator>prov=READ-COOP:name=PyLaia@TranskribusPlatform:version=2.7.0:model_id=50870:lm=none:date=22_01_2024_17:00</Creator>
        <Created>2023-09-27T14:32:40.661+02:00</Created>
        <LastChange>2024-01-22T17:00:00.144+01:00</LastChange>
        <TranskribusMetadata docId="1589029" pageId="60122925" pageNr="205" tsid="145626854" status="IN_PROGRESS" userId="40391" imgUrl="https://files.transkribus.eu/Get?id=XJWMXSTDTQSNTIGHSPJUVEXM&amp;fileType=view" xmlUrl="https://files.transkribus.eu/Get?id=CTUERMAWJCYKFVMMCYPJNPOM" imageId="48548003"/>
    </Metadata>
    <Page imageFilename="1589029_0205.jpg" imageWidth="2840" imageHeight="3512">
        <ReadingOrder>
            <OrderedGroup id="ro_1711795187638" caption="Regions reading order">
                <RegionRefIndexed index="0" regionRef="tr_1"/>
            </OrderedGroup>
        </ReadingOrder>
        <TextRegion orientation="0.0" id="tr_1" custom="readingOrder {index:0;}">
            <Coords points="226,266 226,3111 2696,3111 2696,266"/>
            <TextLine id="tr_1_tl_1" custom="readingOrder {index:0;}">
                <Coords points="229,507 312,481 409,487 432,466 497,476 606,422 648,440 695,427 677,242 632,245 562,302 518,276 364,250 341,268 242,229 203,250"/>
                <Baseline points="226,328 252,330 278,331 304,333 330,338 356,345 382,350 408,355 434,357 460,359 486,360 512,362 538,364 564,366 590,367 616,369 642,370 668,370 695,370"/>
                <TextEquiv>
                    <Unicode>20.19.1818.</Unicode>
                </TextEquiv>
            </TextLine>
            <TextLine id="tr_1_tl_2" custom="readingOrder {index:1;}">
                <Coords points="2269,526 2293,523 2314,541 2334,547 2342,541 2360,554 2400,528 2418,544 2431,544 2431,357 2407,359 2389,344 2366,359 2337,346 2269,346"/>
                <Baseline points="2284,474 2309,472 2334,471 2360,471 2385,471 2410,471 2436,474"/>
                <TextEquiv>
                    <Unicode>377</Unicode>
                </TextEquiv>
            </TextLine>
            <TextLine id="tr_1_tl_3" custom="readingOrder {index:2;}">
                <Coords points="617,651 690,640 763,664 893,638 919,658 1111,656 1109,520 1054,528 992,507 916,534 856,510 809,528 718,507 617,528"/>
                <Baseline points="630,594 655,591 680,588 706,588 731,589 757,591 782,591 807,591 833,593 858,594 884,592 909,592 935,593 960,595 985,597 1011,595 1036,594 1062,596 1087,598 1113,600"/>
                <TextEquiv>
                    <Unicode>Aehtes bild.</Unicode>
                </TextEquiv>
            </TextLine>
            <TextLine id="tr_1_tl_4" custom="readingOrder {index:3;}">
                <Coords points="612,768 1398,770 1470,804 1585,770 1819,815 1947,778 2582,794 2582,635 2517,622 2118,625 1837,687 612,643"/>
                <Baseline points="627,719 725,722 823,720 921,722 1019,725 1117,725 1215,722 1313,725 1411,728 1509,725 1608,728 1706,728 1804,731 1902,731 2000,731 2098,731 2196,731 2294,731 2392,731 2490,731 2589,737"/>
                <TextEquiv>
                    <Unicode>Die Bühne des Residenztheatere wie in i.Bild. Nur</Unicode>
                </TextEquiv>
            </TextLine>
            <TextLine id="tr_1_tl_5" custom="readingOrder {index:4;}">
                <Coords points="612,908 1564,942 1668,882 2462,877 2420,796 2191,781 1408,820 1306,778 1127,812 773,763 612,799"/>
                <Baseline points="627,848 719,851 811,854 903,860 995,861 1087,867 1179,867 1271,863 1363,864 1455,865 1548,865 1640,866 1732,869 1824,866 1916,866 2008,866 2100,857 2192,860 2284,860 2376,860 2469,857"/>
                <TextEquiv>
                    <Unicode>die Naifte ungefähr ist dieponibler Bühnenrau</Unicode>
                </TextEquiv>
            </TextLine>
            <TextLine id="tr_1_tl_6" custom="readingOrder {index:5;}">
                <Coords points="606,1036 2035,1033 2319,1075 2504,1044 2501,947 2384,932 604,911"/>
                <Baseline points="621,982 715,979 809,983 904,983 998,983 1092,985 1187,985 1281,986 1375,985 1470,985 1564,991 1658,988 1753,988 1847,989 1941,988 2036,989 2130,991 2224,990 2319,991 2413,994 2508,1000"/>
                <TextEquiv>
                    <Unicode>linke, die andere Hälfte rechts ist ein Feil der</Unicode>
                </TextEquiv>
            </TextLine>
            <TextLine id="tr_1_tl_7" custom="readingOrder {index:6;}">
                <Coords points="617,1169 2569,1187 2540,1046 1322,1077 1239,1036 1158,1067 617,1038"/>
                <Baseline points="630,1110 727,1110 824,1113 921,1115 1018,1116 1116,1116 1213,1116 1310,1118 1407,1116 1504,1116 1602,1116 1699,1116 1796,1116 1893,1118 1990,1116 2088,1118 2185,1116 2282,1122 2379,1122 2476,1124 2574,1119"/>
                <TextEquiv>
                    <Unicode>Dekoration, in der soeben das Stück Karl Berne 80-</Unicode>
                </TextEquiv>
            </TextLine>
            <TextLine id="tr_1_tl_8" custom="readingOrder {index:7;}">
                <Coords points="617,1288 2465,1325 2446,1189 617,1192"/>
                <Baseline points="630,1248 722,1242 814,1245 906,1248 998,1245 1090,1248 1182,1248 1274,1250 1366,1248 1458,1245 1551,1248 1643,1249 1735,1248 1827,1248 1919,1248 2011,1251 2103,1251 2195,1248 2287,1251 2379,1251 2472,1251"/>
                <TextEquiv>
                    <Unicode>spielt wird. Der Ausbilch auf diese Dekoration</Unicode>
                </TextEquiv>
            </TextLine>
            <TextLine id="tr_1_tl_9" custom="readingOrder {index:8;}">
                <Coords points="606,1442 2621,1447 2621,1325 2584,1314 1478,1338 1343,1301 1067,1340 960,1293 606,1304"/>
                <Baseline points="621,1376 721,1373 821,1373 922,1380 1022,1376 1122,1377 1223,1378 1323,1378 1423,1379 1524,1379 1624,1379 1724,1381 1825,1379 1925,1379 2025,1379 2126,1379 2226,1385 2326,1382 2427,1380 2527,1381 2628,1382"/>
                <TextEquiv>
                    <Unicode>ist fur den zuschaner durch den horuntorgelassenen</Unicode>
                </TextEquiv>
            </TextLine>
            <TextLine id="tr_1_tl_10" custom="readingOrder {index:9;}">
                <Coords points="601,1564 2688,1580 2688,1447 601,1434"/>
                <Baseline points="615,1505 719,1505 823,1507 927,1508 1031,1508 1135,1508 1239,1508 1343,1514 1447,1511 1551,1511 1655,1512 1759,1513 1863,1508 1967,1511 2071,1512 2175,1511 2279,1511 2383,1514 2487,1516 2591,1521 2696,1520"/>
                <TextEquiv>
                    <Unicode>Prospekt. verdeckt. Auf dieser Rückseite ist mit groe</Unicode>
                </TextEquiv>
            </TextLine>
            <TextLine id="tr_1_tl_11" custom="readingOrder {index:10;}">
                <Coords points="601,1699 1754,1720 1928,1658 2629,1660 2629,1582 2571,1572 2118,1562 1978,1603 1874,1569 601,1567"/>
                <Baseline points="615,1645 721,1637 827,1636 933,1636 1040,1637 1146,1637 1252,1636 1358,1639 1465,1642 1571,1641 1677,1642 1783,1639 1890,1641 1996,1638 2102,1639 2208,1640 2315,1642 2421,1645 2527,1643 2634,1633"/>
                <TextEquiv>
                    <Unicode>den schwarzen Buchstaben zu lesen: "Gefallene, drit-</Unicode>
                </TextEquiv>
            </TextLine>
            <TextLine id="tr_1_tl_12" custom="readingOrder {index:11;}">
                <Coords points="601,1827 2592,1848 2592,1731 2480,1710 1973,1702 1900,1744 1796,1699 601,1699"/>
                <Baseline points="615,1770 714,1765 813,1767 912,1764 1011,1767 1110,1770 1209,1774 1309,1773 1408,1772 1507,1773 1606,1773 1705,1771 1804,1776 1903,1775 2003,1773 2102,1774 2201,1777 2300,1776 2399,1776 2498,1776 2598,1779"/>
                <TextEquiv>
                    <Unicode>ter At B 131", Der Prospekt ist nicht ganz sicht-</Unicode>
                </TextEquiv>
            </TextLine>
            <TextLine id="tr_1_tl_13" custom="readingOrder {index:12;}">
                <Coords points="599,1962 2530,1965 2530,1840 2491,1827 1928,1861 1673,1827 1569,1863 599,1824"/>
                <Baseline points="612,1899 708,1896 804,1899 900,1899 996,1899 1092,1899 1188,1899 1285,1902 1381,1902 1477,1902 1573,1905 1669,1905 1765,1906 1861,1911 1958,1905 2054,1906 2150,1905 2246,1905 2342,1908 2438,1906 2535,1908"/>
                <TextEquiv>
                    <Unicode>ber, i verliert sieh gegen rechte zu in</Unicode>
                </TextEquiv>
            </TextLine>
            <TextLine id="tr_1_tl_14" custom="readingOrder {index:13;}">
                <Coords points="591,2072 682,2108 1051,2069 2522,2124 2493,1962 2306,1994 2012,1986 1947,1947 1840,1986 591,1960"/>
                <Baseline points="606,2030 702,2027 798,2030 894,2030 990,2030 1086,2032 1182,2033 1279,2036 1375,2034 1471,2033 1567,2031 1663,2032 1759,2035 1855,2039 1952,2039 2048,2041 2144,2044 2240,2048 2336,2043 2432,2042 2529,2039"/>
                <TextEquiv>
                    <Unicode>dis Coulisse. In diese Rückwand ist eine prakti-</Unicode>
                </TextEquiv>
            </TextLine>
            <TextLine id="tr_1_tl_15" custom="readingOrder {index:14;}">
                <Coords points="591,2223 1176,2207 1434,2254 1882,2207 2631,2223 2631,2116 2527,2105 2246,2129 1442,2077 1210,2111 893,2069 778,2113 591,2079"/>
                <Baseline points="606,2174 707,2168 809,2167 910,2162 1012,2167 1113,2165 1215,2167 1316,2165 1418,2165 1519,2165 1621,2167 1722,2165 1824,2165 1925,2165 2027,2168 2128,2171 2230,2177 2331,2177 2433,2177 2534,2175 2636,2171"/>
                <TextEquiv>
                    <Unicode>heble Füre eingelassen, die eiso die Hintergrundstu-</Unicode>
                </TextEquiv>
            </TextLine>
            <TextLine id="tr_1_tl_16" custom="readingOrder {index:15;}">
                <Coords points="591,2342 926,2332 1041,2373 1351,2337 1634,2379 1882,2314 2595,2329 2595,2238 2311,2215 591,2236"/>
                <Baseline points="606,2302 705,2302 805,2299 905,2298 1005,2296 1104,2299 1204,2300 1304,2302 1404,2302 1503,2296 1603,2299 1703,2296 1803,2296 1902,2296 2002,2299 2102,2299 2202,2300 2301,2302 2401,2302 2501,2302 2601,2314"/>
                <TextEquiv>
                    <Unicode>re der Dekoration der Bernschen Stückes vorstellt.</Unicode>
                </TextEquiv>
            </TextLine>
            <TextLine id="tr_1_tl_17" custom="readingOrder {index:16;}">
                <Coords points="591,2493 1085,2467 2639,2514 2636,2384 2579,2366 1140,2384 591,2342"/>
                <Baseline points="606,2421 707,2421 809,2424 911,2427 1013,2427 1115,2426 1216,2427 1318,2427 1420,2429 1522,2429 1624,2430 1725,2430 1827,2430 1929,2428 2031,2432 2133,2433 2234,2436 2336,2436 2438,2433 2540,2436 2642,2436"/>
                <TextEquiv>
                    <Unicode>in der linken Seltenwand der Dekoration gielchfalle</Unicode>
                </TextEquiv>
            </TextLine>
            <TextLine id="tr_1_tl_18" custom="readingOrder {index:17;}">
                <Coords points="599,2600 765,2636 908,2597 1210,2636 1293,2602 2535,2642 2535,2514 2402,2488 599,2496"/>
                <Baseline points="612,2562 708,2553 804,2556 901,2556 997,2556 1094,2559 1190,2562 1287,2556 1383,2558 1480,2559 1576,2559 1672,2557 1769,2559 1865,2562 1962,2559 2058,2563 2155,2562 2251,2567 2348,2571 2444,2576 2541,2577"/>
                <TextEquiv>
                    <Unicode>eine Füre. Sie verbindet also kühe die Buhne des</Unicode>
                </TextEquiv>
            </TextLine>
            <TextLine id="tr_1_tl_19" custom="readingOrder {index:18;}">
                <Coords points="588,2720 2400,2756 2400,2634 2366,2623 1879,2647 1624,2610 1575,2647 1502,2610 1192,2636 971,2602 843,2642 588,2602"/>
                <Baseline points="603,2687 693,2684 783,2684 873,2687 963,2687 1054,2687 1144,2687 1234,2690 1324,2687 1414,2690 1505,2690 1595,2687 1685,2687 1775,2690 1865,2690 1956,2690 2046,2692 2136,2691 2226,2693 2316,2695 2407,2699"/>
                <TextEquiv>
                    <Unicode>Residenstheaters mit den Coulissenrau lints.</Unicode>
                </TextEquiv>
            </TextLine>
            <TextLine id="tr_1_tl_20" custom="readingOrder {index:19;}">
                <Coords points="588,2878 1366,2889 1541,2826 1822,2819 2642,2855 2623,2759 1335,2766 1296,2733 1018,2759 586,2722"/>
                <Baseline points="600,2816 702,2816 804,2817 906,2813 1009,2816 1111,2815 1213,2814 1315,2816 1418,2818 1520,2816 1622,2818 1724,2816 1827,2816 1929,2819 2031,2822 2133,2825 2236,2828 2338,2832 2440,2831 2542,2834 2645,2834"/>
                <TextEquiv>
                    <Unicode>der dritte At des Kerl Dern'schen Stuckes ist oben</Unicode>
                </TextEquiv>
            </TextLine>
            <TextLine id="tr_1_tl_21" custom="readingOrder {index:20;}">
                <Coords points="604,3003 1338,3008 1515,2951 2675,2956 2675,2910 2584,2878 604,2886"/>
                <Baseline points="618,2953 721,2949 824,2949 927,2947 1030,2944 1133,2944 1236,2942 1340,2944 1443,2944 1546,2944 1649,2944 1752,2944 1855,2946 1958,2947 2062,2947 2165,2946 2268,2944 2371,2953 2474,2951 2577,2947 2681,2947"/>
                <TextEquiv>
                    <Unicode>im Gang. Wenn im Laut der Kandlung die Eintergrands-</Unicode>
                </TextEquiv>
            </TextLine>
            <TextLine id="tr_1_tl_22" custom="readingOrder {index:21;}">
                <Coords points="604,3172 1645,3123 2251,3175 2459,3136 2522,3175 2522,2964 2485,2956 1908,2967 1759,3019 604,3003"/>
                <Baseline points="618,3075 713,3076 809,3077 904,3075 1000,3074 1095,3075 1191,3075 1286,3075 1382,3073 1477,3075 1573,3074 1669,3073 1764,3074 1860,3073 1955,3073 2051,3075 2146,3073 2242,3075 2337,3078 2433,3080 2529,3081"/>
                <TextEquiv>
                    <Unicode>ture ston bfinet, sicht mon also als ia von Stack</Unicode>
                </TextEquiv>
            </TextLine>
            <TextEquiv>
                <Unicode></Unicode>
            </TextEquiv>
        </TextRegion>
    </Page>
</PcGts>
