2840 3432
2219 245 2360 367 146
678 382 2087 508 Richardi Warum denn nicht, Mathilde?
697 522 2323 710 Helene: (kommt herein, sichtlich betroftenl
697 644 2085 795 Hichard: (rasch) Was gibte?Wer were?
690 758 2641 902 Heléne: Man hat aus Lüdwigs Wohnung hieher tele-
705 921 2452 1030 foniert. Sein Vater ist plötzlich gestorben.
693 1064 1861 1154 Richard: Was? Der alte Sidon?
690 1142 2503 1361 Helene: Ganz plötzlich. In seiner Wohnung.Er
710 1324 2569 1453 scheint übrigens nicht allein gewesen zu sein.
702 1424 1745 1594 Frau Eydernof war bei ihm.
727 1550 2396 1740 Zichard: So. Ist Ludwig schon verständigt?
710 1684 2539 1869 Helene: Ich nehmne au.Jedestalls lässt dith der
712 1830 2534 1983 Diener bitten gleich in die Wohnung zu kommen.
700 1949 2265 2080 Dort wirst du jedestalis mehr erfauren.
705 2061 2612 2243 Hichard: Eine kurze Hochzeitsreise. (eine Weile
719 2214 2554 2386 in bedanken:plötzlich) Adieu, Relene. Leben Sie
714 2374 1465 2537 wohl, Marhilae. (apl
724 2566 1373 2775 Delene Msthilde.
714 2726 2308 2892 Mathilae: Marum berührt inn das so sehr?
710 2858 2347 3030 Relene: Der Vater seines besten freundes.
