<?xml version="1.0" encoding="UTF-8" standalone="yes"?>
<PcGts xmlns="http://schema.primaresearch.org/PAGE/gts/pagecontent/2013-07-15" xmlns:xsi="http://www.w3.org/2001/XMLSchema-instance" xsi:schemaLocation="http://schema.primaresearch.org/PAGE/gts/pagecontent/2013-07-15 http://schema.primaresearch.org/PAGE/gts/pagecontent/2013-07-15/pagecontent.xsd">
    <Metadata>
        <Creator>prov=READ-COOP:name=PyLaia@TranskribusPlatform:version=2.7.0:model_id=50870:lm=none:date=22_01_2024_16:59</Creator>
        <Created>2023-09-27T14:32:37.388+02:00</Created>
        <LastChange>2024-01-22T16:59:56.033+01:00</LastChange>
        <TranskribusMetadata docId="1589029" pageId="60122803" pageNr="181" tsid="145626829" status="IN_PROGRESS" userId="40391" imgUrl="https://files.transkribus.eu/Get?id=TPWBQKSRIWROXUQERJOQJFIP&amp;fileType=view" xmlUrl="https://files.transkribus.eu/Get?id=BSXDTKZWFTKTOBPFIVCFCLAH" imageId="48547881"/>
    </Metadata>
    <Page imageFilename="1589029_0181.jpg" imageWidth="2904" imageHeight="3448">
        <ReadingOrder>
            <OrderedGroup id="ro_1711795152962" caption="Regions reading order">
                <RegionRefIndexed index="0" regionRef="tr_1"/>
            </OrderedGroup>
        </ReadingOrder>
        <TextRegion orientation="0.0" id="tr_1" custom="readingOrder {index:0;}">
            <Coords points="555,303 555,3146 2615,3146 2615,303"/>
            <TextLine id="tr_1_tl_1" custom="readingOrder {index:0;}">
                <Coords points="2297,385 2317,388 2327,375 2354,383 2367,378 2397,400 2414,388 2459,385 2456,303 2409,296 2397,306 2337,276 2317,296 2295,291"/>
                <Baseline points="2310,364 2335,369 2361,373 2387,373 2413,372 2439,370 2465,376"/>
                <TextEquiv>
                    <Unicode>156</Unicode>
                </TextEquiv>
            </TextLine>
            <TextLine id="tr_1_tl_2" custom="readingOrder {index:1;}">
                <Coords points="1002,490 1181,544 1218,520 1288,542 1330,507 1532,544 1708,522 1706,385 1653,363 1437,425 1318,390 997,380"/>
                <Baseline points="1014,471 1050,471 1087,471 1124,472 1161,474 1197,474 1234,477 1271,477 1308,479 1345,479 1381,478 1418,480 1455,480 1492,482 1529,484 1565,486 1602,486 1639,486 1676,488 1713,495"/>
                <TextEquiv>
                    <Unicode>Drehantrarkttaer</Unicode>
                </TextEquiv>
            </TextLine>
            <TextLine id="tr_1_tl_3" custom="readingOrder {index:2;}">
                <Coords points="639,597 731,602 788,629 898,622 1007,651 1019,634 1077,639 1074,535 999,547 930,505 858,537 773,515 728,540 666,515 636,527"/>
                <Baseline points="650,555 675,555 700,555 726,555 751,555 777,555 802,556 828,558 853,558 879,558 904,560 930,562 955,563 981,564 1006,564 1032,564 1057,564 1083,564"/>
                <TextEquiv>
                    <Unicode>unten zurec</Unicode>
                </TextEquiv>
            </TextLine>
            <TextLine id="tr_1_tl_4" custom="readingOrder {index:3;}">
                <Coords points="1059,629 2009,629 2069,664 2347,634 2454,689 2611,676 2608,587 2180,587 2096,542 1957,582 1755,577 1653,522 1057,559"/>
                <Baseline points="1071,606 1148,603 1225,606 1302,608 1379,611 1457,613 1534,612 1611,614 1688,616 1765,617 1843,620 1920,620 1997,623 2074,624 2151,626 2229,626 2306,628 2383,633 2460,635 2537,634 2615,638"/>
                <TextEquiv>
                    <Unicode>cht kommen,hätten schon nach dem ersten</Unicode>
                </TextEquiv>
            </TextLine>
            <TextLine id="tr_1_tl_5" custom="readingOrder {index:4;}">
                <Coords points="649,741 686,733 701,746 716,746 738,766 751,758 768,771 793,768 786,649 753,646 746,639 731,649 716,646 706,656 686,644 666,659 644,659"/>
                <Baseline points="659,677 686,675 713,675 740,679 767,681 794,683"/>
                <TextEquiv>
                    <Unicode>Akt.</Unicode>
                </TextEquiv>
            </TextLine>
            <TextLine id="tr_1_tl_6" custom="readingOrder {index:5;}">
                <Coords points="803,778 1004,741 2218,761 2215,699 2170,684 1646,709 1350,666 1238,709 1149,656 801,664"/>
                <Baseline points="814,731 884,728 955,725 1025,730 1096,731 1166,734 1237,735 1307,737 1378,740 1448,740 1519,745 1589,743 1660,746 1730,746 1801,749 1871,749 1942,752 2012,752 2083,753 2153,755 2224,746"/>
                <TextEquiv>
                    <Unicode>erscheinen sollen. Unser Publikum-</Unicode>
                </TextEquiv>
            </TextLine>
            <TextLine id="tr_1_tl_7" custom="readingOrder {index:6;}">
                <Coords points="664,900 917,937 1641,917 1870,970 2307,932 2464,970 2476,818 1974,828 1895,788 1653,833 1556,798 1270,825 1169,773 987,825 883,758 661,781"/>
                <Baseline points="677,853 767,853 857,859 947,856 1038,859 1128,859 1218,859 1309,865 1399,865 1489,871 1580,874 1670,875 1760,877 1850,881 1941,883 2031,884 2121,886 2212,889 2302,892 2392,893 2483,901"/>
                <TextEquiv>
                    <Unicode>(ansäger und Karl Bern die Stufen himunter, der</Unicode>
                </TextEquiv>
            </TextLine>
            <TextLine id="tr_1_tl_8" custom="readingOrder {index:7;}">
                <Coords points="629,1042 1477,1077 1539,1067 1537,952 624,917"/>
                <Baseline points="641,973 686,976 731,982 776,982 821,982 866,982 911,988 956,988 1001,988 1046,988 1092,985 1137,988 1182,991 1227,988 1272,991 1317,994 1362,997 1407,997 1452,1000 1497,1004 1543,1009"/>
                <TextEquiv>
                    <Unicode>Applaur wird stärkerl.</Unicode>
                </TextEquiv>
            </TextLine>
            <TextLine id="tr_1_tl_9" custom="readingOrder {index:8;}">
                <Coords points="624,1193 843,1149 1320,1211 1517,1174 1812,1193 1850,1231 1999,1181 2091,1223 2491,1216 2489,1089 2449,1074 1994,1104 1917,1062 1805,1099 1594,1057 1477,1091 622,1042"/>
                <Baseline points="635,1101 728,1107 821,1113 914,1117 1007,1117 1100,1119 1193,1122 1286,1124 1379,1130 1472,1131 1565,1133 1658,1134 1751,1137 1844,1140 1937,1143 2030,1143 2123,1146 2216,1147 2309,1147 2402,1152 2495,1155"/>
                <TextEquiv>
                    <Unicode>fricke:striti aus der Loge Nr. IV auf den Logen-</Unicode>
                </TextEquiv>
            </TextLine>
            <TextLine id="tr_1_tl_10" custom="readingOrder {index:9;}">
                <Coords points="632,1300 731,1298 741,1290 776,1303 803,1293 833,1313 848,1310 845,1174 823,1171 791,1198 706,1193 689,1178 676,1188 661,1181 649,1193 629,1191"/>
                <Baseline points="644,1241 670,1241 696,1241 722,1239 748,1239 774,1241 800,1242 826,1244 853,1247"/>
                <TextEquiv>
                    <Unicode>gangl</Unicode>
                </TextEquiv>
            </TextLine>
            <TextLine id="tr_1_tl_11" custom="readingOrder {index:10;}">
                <Coords points="627,1437 845,1405 927,1447 1420,1422 1492,1469 2432,1449 2429,1343 2265,1323 1711,1343 1280,1263 1089,1275 975,1333 875,1295 811,1333 624,1310"/>
                <Baseline points="638,1364 728,1364 818,1370 908,1370 998,1373 1088,1379 1178,1379 1268,1379 1358,1382 1448,1382 1538,1391 1628,1394 1718,1394 1808,1394 1898,1397 1988,1400 2078,1400 2168,1403 2258,1406 2348,1407 2438,1412"/>
                <TextEquiv>
                    <Unicode>Baron Gradi:(konnt von Links, Begrüssung) Auch</Unicode>
                </TextEquiv>
            </TextLine>
            <TextLine id="tr_1_tl_12" custom="readingOrder {index:11;}">
                <Coords points="614,1524 656,1504 806,1566 1029,1519 1671,1549 1646,1459 612,1437"/>
                <Baseline points="626,1495 678,1495 731,1496 783,1498 836,1498 888,1501 941,1501 993,1505 1046,1506 1098,1504 1151,1506 1204,1510 1256,1510 1309,1513 1361,1513 1414,1515 1466,1516 1519,1519 1571,1519 1624,1519 1677,1522"/>
                <TextEquiv>
                    <Unicode>ins Pufiet,Herr Präsident?</Unicode>
                </TextEquiv>
            </TextLine>
            <TextLine id="tr_1_tl_13" custom="readingOrder {index:12;}">
                <Coords points="604,1683 704,1718 883,1656 1922,1673 1944,1591 602,1559"/>
                <Baseline points="617,1618 683,1623 750,1626 816,1629 883,1632 950,1632 1016,1635 1083,1636 1149,1638 1216,1641 1283,1641 1349,1644 1416,1644 1482,1644 1549,1646 1615,1651 1682,1653 1749,1656 1815,1656 1882,1657 1949,1665"/>
                <TextEquiv>
                    <Unicode>Fricke: (schüttelt den Kopf) Nein.</Unicode>
                </TextEquiv>
            </TextLine>
            <TextLine id="tr_1_tl_14" custom="readingOrder {index:13;}">
                <Coords points="602,1812 2168,1820 2166,1725 1693,1740 1417,1696 1300,1740 1171,1696 818,1720 771,1688 736,1720 597,1683"/>
                <Baseline points="614,1752 696,1754 778,1758 860,1759 942,1763 1024,1764 1106,1767 1188,1775 1270,1773 1352,1776 1434,1776 1516,1779 1598,1782 1680,1782 1762,1787 1844,1789 1926,1789 2008,1791 2090,1794 2173,1800"/>
                <TextEquiv>
                    <Unicode>Gradl: Scheint ja ein Erfolg zu werden.</Unicode>
                </TextEquiv>
            </TextLine>
            <TextLine id="tr_1_tl_15" custom="readingOrder {index:14;}">
                <Coords points="622,1932 960,1967 1014,1917 1275,1924 1382,1977 1569,1919 1693,1932 1691,1867 1594,1850 619,1810"/>
                <Baseline points="635,1889 688,1887 741,1889 794,1889 847,1891 900,1892 953,1892 1007,1896 1060,1898 1113,1898 1166,1901 1219,1901 1272,1901 1325,1902 1379,1906 1432,1907 1485,1907 1538,1910 1591,1913 1644,1915 1698,1916"/>
                <TextEquiv>
                    <Unicode>Fricke: Recht interessant..</Unicode>
                </TextEquiv>
            </TextLine>
            <TextLine id="tr_1_tl_16" custom="readingOrder {index:15;}">
                <Coords points="589,2061 917,2116 1256,2041 1867,2096 2267,2071 2387,2131 2581,2083 2558,1967 2392,2006 2330,1959 2215,2006 1991,1959 1492,1994 1256,1937 1119,1974 1024,1942 587,1967"/>
                <Baseline points="600,2012 699,2016 798,2021 898,2024 997,2027 1097,2029 1196,2032 1295,2034 1395,2037 1494,2038 1594,2042 1693,2045 1792,2047 1892,2047 1991,2050 2091,2054 2190,2058 2289,2059 2389,2062 2488,2065 2588,2068"/>
                <TextEquiv>
                    <Unicode>Gredi: Ich frage mich nur, marum heisst es Komödie?</Unicode>
                </TextEquiv>
            </TextLine>
            <TextLine id="tr_1_tl_17" custom="readingOrder {index:16;}">
                <Coords points="577,2180 686,2218 903,2175 1119,2240 1208,2205 1328,2230 1449,2175 2394,2235 2471,2230 2469,2126 2218,2093 1942,2136 1706,2074 1246,2121 574,2079"/>
                <Baseline points="591,2146 685,2149 779,2153 873,2153 968,2156 1062,2160 1156,2164 1251,2165 1345,2167 1439,2167 1534,2170 1628,2173 1722,2177 1816,2180 1911,2185 2005,2187 2099,2188 2194,2193 2288,2191 2382,2194 2477,2203"/>
                <TextEquiv>
                    <Unicode>Sehr lustig ist ja die Geschichte bisher nicht.</Unicode>
                </TextEquiv>
            </TextLine>
            <TextLine id="tr_1_tl_18" custom="readingOrder {index:17;}">
                <Coords points="584,2322 726,2362 960,2297 1397,2307 1628,2382 1760,2345 1755,2235 1673,2215 1338,2255 932,2198 825,2233 582,2210"/>
                <Baseline points="597,2277 655,2278 713,2280 772,2283 830,2283 888,2285 947,2286 1005,2286 1063,2287 1122,2291 1180,2292 1238,2295 1297,2295 1355,2298 1413,2298 1472,2298 1530,2301 1588,2304 1647,2305 1705,2307 1764,2310"/>
                <TextEquiv>
                    <Unicode>Fricke: Das kann noch komnen.</Unicode>
                </TextEquiv>
            </TextLine>
            <TextLine id="tr_1_tl_19" custom="readingOrder {index:18;}">
                <Coords points="587,2434 1805,2484 2103,2456 2282,2494 2332,2459 2536,2496 2558,2367 2446,2407 2317,2350 2223,2394 1857,2367 1701,2399 1452,2345 1139,2374 890,2325 778,2362 582,2335"/>
                <Baseline points="597,2406 695,2409 793,2410 892,2415 990,2417 1088,2421 1187,2424 1285,2427 1383,2427 1482,2432 1580,2435 1678,2438 1777,2438 1875,2440 1973,2448 2072,2447 2170,2445 2268,2451 2367,2455 2465,2461 2564,2468"/>
                <TextEquiv>
                    <Unicode>Gradi: Was sagen die übrigens dazu, Herr Präsident,</Unicode>
                </TextEquiv>
            </TextLine>
            <TextLine id="tr_1_tl_20" custom="readingOrder {index:19;}">
                <Coords points="567,2568 880,2623 1037,2561 1686,2625 2173,2588 2245,2628 2496,2628 2491,2516 2076,2531 2016,2486 1857,2484 1621,2524 1484,2464 1124,2504 1009,2469 940,2504 696,2461 564,2486"/>
                <Baseline points="579,2537 675,2543 771,2541 867,2545 963,2546 1059,2549 1155,2552 1251,2555 1347,2561 1443,2561 1540,2564 1636,2567 1732,2569 1828,2573 1924,2576 2020,2576 2116,2580 2212,2585 2308,2585 2404,2587 2501,2597"/>
                <TextEquiv>
                    <Unicode>dass Freu Eiderhof im Theater ist? Xarkett Erste</Unicode>
                </TextEquiv>
            </TextLine>
            <TextLine id="tr_1_tl_21" custom="readingOrder {index:20;}">
                <Coords points="562,2678 639,2675 714,2717 977,2690 1136,2715 1221,2765 1357,2737 1355,2630 1288,2645 1166,2591 801,2625 651,2591 562,2618"/>
                <Baseline points="576,2665 615,2662 654,2667 694,2668 733,2668 773,2669 812,2671 851,2671 891,2674 930,2677 970,2677 1009,2679 1048,2678 1088,2678 1127,2681 1167,2683 1206,2683 1245,2686 1285,2689 1324,2689 1364,2692"/>
                <TextEquiv>
                    <Unicode>Reihe, Farkett, Ecke.</Unicode>
                </TextEquiv>
            </TextLine>
            <TextLine id="tr_1_tl_22" custom="readingOrder {index:21;}">
                <Coords points="562,2814 1942,2867 1967,2742 1865,2785 1693,2782 1604,2732 1218,2765 815,2693 559,2740"/>
                <Baseline points="576,2791 646,2797 716,2798 786,2803 856,2804 926,2806 996,2810 1066,2809 1136,2809 1206,2812 1276,2815 1346,2818 1416,2820 1486,2821 1556,2824 1626,2828 1696,2824 1766,2827 1836,2827 1906,2827 1976,2824"/>
                <TextEquiv>
                    <Unicode>Fricke: Weshalb sollte sie nicht -?</Unicode>
                </TextEquiv>
            </TextLine>
            <TextLine id="tr_1_tl_23" custom="readingOrder {index:22;}">
                <Coords points="562,2934 937,2986 1007,2951 1445,2991 1514,2951 2514,2993 2511,2909 2459,2901 2029,2931 1638,2867 1574,2911 1420,2862 1241,2894 1069,2842 910,2884 562,2879"/>
                <Baseline points="576,2928 673,2928 770,2931 867,2934 964,2934 1061,2940 1158,2940 1256,2946 1353,2946 1450,2949 1547,2949 1644,2952 1741,2958 1838,2958 1936,2962 2033,2967 2130,2967 2227,2970 2324,2976 2421,2977 2519,2979"/>
                <TextEquiv>
                    <Unicode>Gradl: Es heisst doch - vielmehr man weise allge-</Unicode>
                </TextEquiv>
            </TextLine>
            <TextLine id="tr_1_tl_24" custom="readingOrder {index:23;}">
                <Coords points="542,3095 855,3150 1101,3130 1156,3085 1246,3085 1320,3143 1551,3100 1638,3158 1852,3100 2362,3163 2357,3008 2233,3043 1832,3001 1606,3038 1392,2998 1266,3023 1183,2981 915,3016 540,2991"/>
                <Baseline points="555,3059 645,3062 736,3065 826,3065 917,3065 1008,3068 1098,3071 1189,3071 1279,3075 1370,3078 1461,3083 1551,3086 1642,3087 1732,3090 1823,3093 1914,3098 2004,3102 2095,3105 2185,3110 2276,3111 2367,3116"/>
                <TextEquiv>
                    <Unicode>mein, dass Herr Sidon in ihren Armerk gestorben</Unicode>
                </TextEquiv>
            </TextLine>
            <TextEquiv>
                <Unicode></Unicode>
            </TextEquiv>
        </TextRegion>
    </Page>
</PcGts>
