2872 3480
655 408 2547 593 aus in der Pension hat er gewohnt. Inner ist er
655 575 2560 710 nach Monte Cario spielen, hat sein feld verloren
655 682 2562 854 und geld von meiner Mutter und die Pension dazu
655 809 2425 1001 und ich habe französische lektionen gegeben.
652 954 2141 1118 Heiraten Sie keinen Spieler, Fraulein.
670 1066 2565 1245 kranzt: Hab nicht die Absicht. Je niai Htnten
667 1203 2256 1370 pas 1'intention. Ueberhaupt - heiraten.
670 1342 2445 1529 Baronin: Manchmal ist man verheiratet und an
672 1474 2425 1626 Taf vorher hat man noch nicht daran gedacht.
662 1589 2483 1755 En chaque cas j’éspère que vous aurer plus de
667 1783 1280 1955 chance que moi.
672 1900 1723 2079 Franzi: (zuckt die Achseinl
685 2004 2415 2204 Baropin: I des jeunes honnes - Ja, wenn die
685 2131 2649 2331 jungen Anr Herren imner mürcten wo, ou frfante
675 2276 2532 2440 chercher xuxkenkenr leur bonheur. Ce nfest pas
682 2393 2495 2580 toujours dans les grandes fanilles. (sie war
685 2532 2575 2719 noch mit irgendwelcher Anordnung im Zinner be-
690 2699 2453 2826 schäftigt, ist jetzt fertig) Werden die Herr-
692 2829 1892 2968 schaften heute hier soupieren?
685 2893 2331 3098 Frenzl: Ich meise nicht, je ne sais pafs.
692 3075 2694 3247 Baronin: Es ist alles vorgerichtet. Paut seulement
692 3247 979 3352 sonner.
