3048 3528
2529 383 2661 518 232
1818 618 2550 798 ten können. Jeden-
743 687 1062 838 Roreda:
1916 795 2669 980 n,s0 anfechtbar die
1593 819 1876 938 vorhand
753 824 1208 951 falls war k
1498 928 2423 1099 sich gleich umzubringen.
756 954 1165 1065 Leistung a
1546 1065 2687 1221 gewarnt die Rolle einer Anfän-
758 1070 1459 1221 Zoblein: Ich hatte
764 1223 1549 1364 gerin anzuvertrauen.
758 1329 2846 1506 Roveda: Nun ist es zu spät, guten Abend, meine Herren.
761 1456 2677 1636 Portier: Den Wagen für Fraulein Rovedat (es wird
756 1607 2428 1747 angenommen, dass er rechts rückwärts steht)
756 1726 2732 1900 Roreda: Er soll nur dort stehen bleiben, ich komme
758 1858 2719 2037 schon hin. (zu Gregor) Ich kann Sie in meinem Wa-
766 2014 1802 2164 gen mitnehmen,Herr Gregor.
801 2162 1689 2328 regor: lanentschlosren!
758 2249 2857 2455 Roveda: Du machst sie ja doch nicht wieder diebendig.
772 2418 1760 2532 (mit ihm gegen rechts abl
761 2545 2798 2714 lSoblein und Baron sind gegen linke meitergegangen)
758 2685 2883 2857 Loblein: (zum Baron, in einem Gespräch fortfahrend) Ich
766 2827 2804 3002 bin ganz überzeugt, Herr Baron. Mit drei Proben wäre
756 2965 1290 3116 es zu machen.
753 3084 2790 3277 Baron: Und die nächeten drei Abende? Und morgen ist
