3872 5114
488 599 3018 1055 Die Schaubühne
930 1023 2545 1222 Herausgeber: Siegfried Jacobsohn
2227 1165 3232 1351 Aenburg, den 24. Juni 1918.
2224 1311 2473 1379 strasse 29
282 1222 723 1440 Redaktion
1946 1319 2755 1486 Fernsprecher: Wilhelm1943
684 1721 1611 1946 Lieber Herr Schnitzler,
374 1910 3236 2060 ich möchte Moritz Heimann zu seinem fünfzigsten Geburtstag am neunzehnten
381 2031 3136 2192 Juli von ein paar der besten deutschen Künstler und Schriftsteller für
392 2167 3136 2349 seine Lebensarbeit danken lassen und bitte Sie, der Sie ihn dieser Art
374 2291 3175 2470 Ehrung für ebenso selbstverständlich würdig halten werden wie ich, sich
392 2434 2195 2609 mit einigen Sätzen daran beteiligen zu wollen.
1814 2587 2666 2765 Mit herzlichen Grüßen
1764 2837 3104 3247 Willmapacobsel
