<?xml version="1.0" encoding="UTF-8" standalone="yes"?>
<PcGts xmlns="http://schema.primaresearch.org/PAGE/gts/pagecontent/2013-07-15" xmlns:xsi="http://www.w3.org/2001/XMLSchema-instance" xsi:schemaLocation="http://schema.primaresearch.org/PAGE/gts/pagecontent/2013-07-15 http://schema.primaresearch.org/PAGE/gts/pagecontent/2013-07-15/pagecontent.xsd">
    <Metadata>
        <Creator>prov=READ-COOP:name=TrHtr:version=2.1.0:model_id=51170:date=25_07_2023_07:49</Creator>
        <Created>2023-05-01T21:59:38.394+02:00</Created>
        <LastChange>2023-07-25T07:49:19.823+02:00</LastChange>
        <TranskribusMetadata docId="1416444" pageId="54946819" pageNr="21" tsid="130587897" status="IN_PROGRESS" userId="64420" imgUrl="https://files.transkribus.eu/Get?id=JAEPXUPLYJBDLFNZXUKQUXRT&amp;fileType=view" xmlUrl="https://files.transkribus.eu/Get?id=ZGTWHHEAEREDNBXZIEVLKTZQ" imageId="44450904"/>
    </Metadata>
    <Page imageFilename="1416444_0021.jpg" imageWidth="4522" imageHeight="5194">
        <ReadingOrder>
            <OrderedGroup id="ro_1711830520024" caption="Regions reading order">
                <RegionRefIndexed index="0" regionRef="tr_1"/>
            </OrderedGroup>
        </ReadingOrder>
        <TextRegion id="tr_1" custom="readingOrder {index:0;}">
            <Coords points="1092,558 3832,558 3832,2833 1092,2833"/>
            <TextLine id="tr_1_tl_1" custom="readingOrder {index:0;}">
                <Coords points="3622,685 3661,693 3692,685 3705,698 3772,641 3790,634 3826,641 3823,520 3805,520 3772,538 3751,526 3697,526 3651,544 3635,531 3617,531"/>
                <Baseline points="3635,608 3725,608 3814,614 3832,620"/>
                <TextEquiv>
                    <Unicode>G.C.P.</Unicode>
                </TextEquiv>
            </TextLine>
            <TextLine id="tr_1_tl_2" custom="readingOrder {index:1;}">
                <Coords points="1077,1615 2909,1569 3043,1636 3081,1456 2818,1523 2550,1461 2203,1564 2025,1507 1839,1551 1682,1466 1360,1579 1079,1538"/>
                <Baseline points="1092,1594 1116,1599 1205,1605 1295,1605 1385,1605 1474,1599 1564,1599 1653,1605 1743,1599 1832,1594 1922,1594 2011,1588 2101,1588 2191,1582 2280,1576 2370,1576 2459,1570 2549,1564 2638,1558 2728,1558 2817,1558 2907,1558 2996,1552 3086,1552"/>
                <TextEquiv>
                    <Unicode>manu bleibt in den later, den Marr wiläufs</Unicode>
                </TextEquiv>
            </TextLine>
            <TextLine id="tr_1_tl_3" custom="readingOrder {index:2;}">
                <Coords points="1085,1705 1298,1754 2089,1695 2210,1747 2648,1638 2417,1602 2195,1654 2118,1608 1847,1664 1443,1618 1087,1659"/>
                <Baseline points="1098,1701 1134,1701 1223,1713 1313,1707 1402,1707 1492,1701 1582,1695 1671,1695 1761,1695 1850,1689 1940,1683 2029,1683 2119,1683 2208,1683 2298,1677 2388,1671 2477,1665 2567,1665 2656,1659"/>
                <TextEquiv>
                    <Unicode>noch nicht annähern erschöpfen kann.</Unicode>
                </TextEquiv>
            </TextLine>
            <TextLine id="tr_1_tl_4" custom="readingOrder {index:3;}">
                <Coords points="1298,1829 2502,1788 2672,1845 3048,1785 3050,1695 2535,1744 2393,1695 2231,1762 1922,1708 1801,1770 1394,1721 1298,1770"/>
                <Baseline points="1313,1814 1355,1814 1444,1814 1534,1808 1623,1802 1713,1802 1802,1791 1892,1791 1982,1791 2071,1785 2161,1785 2250,1785 2340,1785 2429,1779 2519,1779 2608,1779 2698,1779 2788,1779 2877,1773 2967,1767 3056,1761"/>
                <TextEquiv>
                    <Unicode>An Marie - Schmann halt ich febenfest</Unicode>
                </TextEquiv>
            </TextLine>
            <TextLine id="tr_1_tl_5" custom="readingOrder {index:4;}">
                <Coords points="1085,1958 3086,1894 3153,1775 2654,1852 2514,1801 2396,1868 1852,1796 1700,1881 1298,1888 1185,1806 1087,1857"/>
                <Baseline points="1098,1928 1188,1928 1277,1922 1367,1922 1456,1916 1546,1916 1635,1910 1725,1904 1814,1904 1904,1904 1994,1898 2083,1898 2173,1892 2262,1892 2352,1886 2441,1880 2531,1880 2620,1880 2710,1880 2799,1874 2889,1874 2979,1868 3068,1856 3158,1856"/>
                <TextEquiv>
                    <Unicode>Eidt merkunden : für Sudermann und Consorten ist die</Unicode>
                </TextEquiv>
            </TextLine>
            <TextLine id="tr_1_tl_6" custom="readingOrder {index:5;}">
                <Coords points="1077,2038 1360,2089 1590,2025 2744,2015 3125,1966 3128,1901 1079,1981"/>
                <Baseline points="1092,2029 1164,2035 1253,2029 1343,2029 1432,2023 1522,2023 1611,2017 1701,2017 1791,2011 1880,2005 1970,1999 2059,1999 2149,1999 2238,1994 2328,1994 2417,1988 2507,1988 2597,1982 2686,1976 2776,1976 2865,1970 2955,1964 3044,1958 3134,1946"/>
                <TextEquiv>
                    <Unicode>immer jusendiel genig, kommt aber ein Dölter, so</Unicode>
                </TextEquiv>
            </TextLine>
            <TextLine id="tr_1_tl_7" custom="readingOrder {index:6;}">
                <Coords points="1085,2136 1476,2195 1566,2133 2205,2154 2424,2087 3120,2087 3125,2012 1087,2069"/>
                <Baseline points="1098,2131 1158,2131 1247,2137 1337,2137 1426,2131 1516,2125 1605,2119 1695,2119 1785,2119 1874,2113 1964,2107 2053,2101 2143,2101 2232,2101 2322,2095 2411,2089 2501,2089 2591,2089 2680,2083 2770,2083 2859,2071 2949,2065 3038,2059 3128,2059"/>
                <TextEquiv>
                    <Unicode>heißt plötzlich: eigentlich darf sie doch nur noch</Unicode>
                </TextEquiv>
            </TextLine>
            <TextLine id="tr_1_tl_8" custom="readingOrder {index:7;}">
                <Coords points="1090,2246 1445,2275 1546,2231 1821,2239 1914,2280 2028,2216 2210,2228 2213,2174 2094,2136 1855,2192 1548,2161 1394,2228 1311,2177 1095,2169"/>
                <Baseline points="1104,2244 1146,2238 1235,2244 1325,2244 1414,2244 1504,2232 1594,2226 1683,2226 1773,2214 1862,2214 1952,2208 2041,2202 2131,2202 2220,2202"/>
                <TextEquiv>
                    <Unicode>Mutter &amp; Tanten quelen.</Unicode>
                </TextEquiv>
            </TextLine>
            <TextLine id="tr_1_tl_9" custom="readingOrder {index:8;}">
                <Coords points="1443,2378 1608,2393 1718,2350 1865,2383 1942,2339 2058,2344 2125,2386 2205,2342 2316,2365 2414,2332 2419,2236 2228,2234 2061,2295 1445,2270"/>
                <Baseline points="1456,2346 1528,2346 1617,2340 1707,2340 1797,2334 1886,2334 1976,2328 2065,2322 2155,2322 2244,2322 2334,2316 2423,2316"/>
                <TextEquiv>
                    <Unicode>Alle andere mundel.</Unicode>
                </TextEquiv>
            </TextLine>
            <TextLine id="tr_1_tl_10" custom="readingOrder {index:9;}">
                <Coords points="2494,2473 2535,2468 2556,2484 2571,2463 2602,2468 2638,2440 2666,2460 2684,2455 2682,2339 2664,2337 2633,2350 2592,2319 2581,2321 2540,2365 2512,2360 2491,2368"/>
                <Baseline points="2507,2465 2597,2465 2686,2471 2692,2471"/>
                <TextEquiv>
                    <Unicode>be</Unicode>
                </TextEquiv>
            </TextLine>
            <TextLine id="tr_1_tl_11" custom="readingOrder {index:10;}">
                <Coords points="2811,2579 2831,2581 2844,2566 2878,2579 2901,2558 2927,2563 2963,2540 2994,2553 3032,2545 3081,2566 3063,2406 3006,2404 2955,2378 2947,2386 2903,2352 2896,2362 2870,2362 2847,2344 2782,2352"/>
                <Baseline points="2817,2507 2907,2525 2996,2531 3086,2543"/>
                <TextEquiv>
                    <Unicode>Mr</Unicode>
                </TextEquiv>
            </TextLine>
            <TextLine id="tr_1_tl_12" custom="readingOrder {index:11;}">
                <Coords points="2952,2798 3030,2811 3079,2849 3117,2849 3146,2824 3187,2811 3189,2666 3169,2672 3161,2664 3104,2702 3066,2674 3037,2687 3004,2648 2955,2661"/>
                <Baseline points="2967,2811 3056,2823 3146,2811 3194,2811"/>
                <TextEquiv>
                    <Unicode>5.</Unicode>
                </TextEquiv>
            </TextLine>
        </TextRegion>
    </Page>
</PcGts>
