6696 5193
2280 150 4254 332 OESTERHELD Q. C. VerLAG
744 214 2082 428 ELD Q. C°VERLAG
3211 417 4099 594 BERene w. 15. 6.12.08
2274 417 3002 599 DIE SCHAUBÜHNE
1027 428 1948 664 BERLIN W. 15.18.12.08
3516 540 3826 626 äerstr. 60
96 466 845 626 DIE SCHAUBÜHNE
3205 557 3537 615 Lietzenbus
2456 567 2836 626 Herausgeber
3211 599 3537 680 Fernsprecher
3516 551 3864 674 Amt VI, 4875
1284 583 1664 674 Jürgerstr. 60
353 599 514 664 oraus,
2338 573 2954 722 Siedfried Jacobsohn
1284 573 1702 706 or: Amt VI, 4875
161 637 482 744 Siegfried
3248 610 4142 765 Redaktionelle Sendungen sind zu richten an:
1290 653 1996 813 einelle Sendungen sind zu richten an:
3232 749 4190 894 Siegfried Jacobsohn, Berlin, Jerusalemersir. 65.
1070 776 2039 931 Siegfried Jacobsohn, Berlin, Jerusalemerstr. 65.
43 990 2130 1172 Herrnchnitzler: „in tiefsten Not fleh ich zu Dir, den Gott
70 1156 2140 1322 aloe men Heben, "I wunke and nibt de liebe Gott eind, so
64 1284 2082 1418 andren Sie doch, an Ehe den bez. Für meinen Jammer (aben
64 1338 2183 1504 Nachdem 12 Wochen lan, mit weißem Beninten meine schöne exte
2306 1343 3141 1563 Werkerrechnitzler
70 1466 2140 1605 annamummer wibereöed, (nachdem is alles fest abgemacht)
64 1547 2178 1739 ermine weabredet, Eidschuure empfanen Cabe, und mir heute
2740 1498 4329 1728 cielen Dank für Swanfrids Brief. H. bin
64 1654 2130 1782 nicht eines, werden mir nicht zwei, wenden mir drei Beitrage
59 1686 4356 1889 nach samml daz achtigsten abgesagt. Wie kann es noch immer beruhigt, dass Sie beruh, ist sind, u werde mich also bemalen
2215 1798 4297 1975 on Zukunft begere & unpridentigere Spape zu maelen.
32 1841 2114 2001 mild Jauben, aber il furchte, & wird mir wir helfen.” Do
2724 1921 4302 2087 Ich glaub schon, dass mir mein Blättelen
32 1985 2076 2167 schweigende Entsetzen nicht sitzt auf den Tämmern
2226 1991 4313 2183 Theude macht, Wikry & Ausredter, wacken von Woche
43 2055 2130 2242 gebiert des Nälts, wurde Wildenbruch, dienten. Aber es muss
43 2135 2173 2333 etwas geloven, & muss Ersatz opdafft renden. Ich habe mich
2221 2173 4297 2301 zu woche. Augenblicklich sind wir dabei, 3 sehr zu er¬
32 2253 2119 2424 umpinn J:d mits an Sie quandt, um og Dutzend Korbe
2215 2285 4356 2451 Conern. He hoffe, das 8 com esten Januar an aud. thre
48 2365 2103 2520 with 20 rdmoll coll jumaclen. Aber kann sie selbst die
2231 2381 2949 2553 duidn taben uid.
43 2483 2167 2633 geprinte Notlag nicht rühren? Sollten Sie garmelz irgend
2729 2435 4356 2627 sel hatte die Absicht, im Frühjahr (April
54 2558 2135 2740 40 Eerborgen Caben? Ich brauchte dag Manuskript ja erst
2226 2542 4340 2761 (13 Juni) auf acht bis zwo 2f 10g nach Wien zu kommen
70 2638 2189 2874 Donnerstq, am 22. Dezember, Pnamoyen, Aieszu Caben. Selen
2221 2686 4356 2858 Parth Cat salten aberay liebensuurdixe Einlady, bei ihm
59 2788 2151 2991 sie zu, ich bitte Sie, ob sich nicht etwa finden läßt. Ich aare
2226 2804 4383 2970 zu nehren, die wahrscheinlichkeit zu einer Genidolieet geradt
70 2922 1006 3120 Niven mendrel dankbar
2215 2927 4281 3061 Natudid werde ik sine boele nahlen, ac sie in Wien
193 2900 2098 3521 Uurvonbeglißen teilen aufzinsen könte alle
2226 3029 4367 3227 and, I midl zur Feststelly disen Woche redtzeitig mit Ihnen.
2499 3114 4078 3468 Mitwesendensenpenstärke vor Mien R.
2226 3147 2965 3334 u terbindig retzen
1402 3130 2076 3409 xx
3516 3227 4292 3473 Murd/acobrol
2740 3510 4029 3746 OESTERHELD Q. C° VerLAG
2970 3714 3864 3880 BERLIN W. 15. 29. II. 85
2965 3799 3585 3885 Lietzenburgerstr. 60
2970 3869 3617 3981 Fernsprecher: Amt VI, 4875
2692 4008 3532 4211 über Herr Schnitzler.
2895 4120 4094 4308 ag die neuen Nummer des Literarischen
2676 4179 4078 4356 Edos erfahre etc, sag Ste in Berlin gewesen und
2681 4345 4067 4447 larden in der Promière des Blaubart beim Theater.
2686 4409 4062 4527 spielen rekundrent haben. Da wenn ich mich tief:
2697 4522 4029 4602 ersten, daß Sie unter die Komodranten ganzen
2681 4559 4088 4704 sind; zweiten, das Sie mich von ihrer Anasenheit
2681 4645 4094 4800 nichts haben uidsen lassen. Nomdt Cab als das um
2681 4736 3082 4864 Soe cerdrent?
2729 4763 4083 5068 Wer von der Jahren Emperskirche der Ihnen
4549 139 6427 294 OESTERHELD Q C°VERLA
5474 396 6331 594 BERLIN W. 15. 3.12.66
4538 391 5282 573 DIE SCHAUBÜHNE
5512 524 6079 599 Gietzenburgerstr. 60
4736 540 5094 599 Herausgeber
5522 551 6282 653 ernsprecher: Amt VI. 4875
4602 557 5223 690 Siegfried Jacobsohn
5501 631 6432 733 Redaktionelle Sendungen sind zu richten an:
5485 722 6443 845 Siegfried Jacobsohn, Berlin, Jerusalemersir 66.
4463 781 6571 1001 Ogott, o Gott, Weler Herr Schmerzler, wie konnten?! And
4458 942 6545 1086 konnten sie Jauben, daß ich von ihren Anwrenheit in Be-
4458 1076 6577 1183 mils erfahren wurde! Ue konnten Sie glauben, das all Hire
4452 1145 6571 1258 Anwesenheit im Theater nicht bemerken würde! Wie konnte
4452 1231 6593 1391 Sie fauben, daß ich von Iuren Zauben konnte, das Sie sich im
4458 1316 6582 1461 heater jemal to benedmen konnten! his kounten Sie face
4452 1429 6577 1541 ben, daß ich, selbst wan sie 3 getan Catten, mir verayndemen
4447 1514 6555 1659 unde, Nun, in welcher Form immer, vorauf zu machen
4442 1616 6593 1793 lue tranton Sie nomen seer, für Ernst Calten! Wie konnten Sie
4623 1718 6582 1884 Id nahm die sache zum Anlass, nach zerlältnisma Jochim
4447 1830 6603 1985 langen mit werde. En mal ein Lebenszecken zu geben, um dadurch
4431 1926 6619 2098 Sr. Aenoynrufen. Das war 3. zu allem Überfluss nachte ik vom
4436 2050 6598 2199 ersten Augenblick an, wie meint war: kann die Karl Schnitzler
4436 2135 6603 2306 an Freund Enlenberg & Mitarbeiter des Zukunft, de Freund
4463 2226 5881 2365 Brotzaben nicht im Stil lagen wollte.
4640 2322 6587 2478 doch 3 aber nicht doch en bidden trouvé? Au tennon un
4420 2408 6587 2579 nun schon eine lang-Weile, af Abenden, wie al Schriftstellen, mit
4436 2520 6603 2638 den danad immerlin einfs consinanden uithen zuiden forteat
4436 2611 6582 2718 (el so coni), das Sie mir eine so unzaubliche Takt- u Respekt lövi
4436 2708 6603 2831 keit zutrauen, & das ich denjenigen ausglacht (atte, des mir etwa
4436 2804 6523 2949 wrawegagh Catte, Sie aurden meinen sehr, in der zt für Ernst
4442 2895 4768 3056 nehmen
4656 2959 5876 3403 Mit der Fielerhüssen
5410 3152 6309 3414 Frid/A.cobrel
