4583 5194
3348 558 3584 730 1/1
2335 1052 4288 1232 von Aieler, der ja aiztlich widerabel ist, hat zwei
1820 1077 2086 1245 29.1.
657 1133 1751 1314 Bern, prusalemersh 65
2327 1223 4267 1335 in einhalbes Jahr vorgelalten, so das ihn Brahm
1820 1223 2090 1391 1906.
2339 1322 4108 1485 auch für Michel Lellrieel prædgeben muoste.
361 1279 1155 1550 Über den Schmitfer
2460 1412 4271 1593 Sie haben de facto großere Rechte als Claupt,
1193 1438 2245 1644 Sie kennen mich ja al nicht
2327 1515 4189 1657 mann. Nur Ruf des Abend nicht das letzte halle
352 1554 2284 1696 an normal, aber il meede Amen doch nicht noe
2327 1601 4258 1756 Cutzend Cauptmanmscher Stucke auf. Es wird Ihr
335 1696 2198 1811 mehr Material liefern durch, ein auspährliches
2327 1691 4301 1820 Stärkoter künstlerischer Erfolg ikann ein Teaterey
335 1777 2245 1949 Beichten dessen, ug il bei Mrem Ruf des Sebens
2327 1799 4305 1914 mindesten ine Siebelei werden. Dazu ist eine denk!
335 1876 2228 2030 empfunden (abe. Bis it) mit darüber in dunker
2327 1902 4280 2048 bar colendete Auffnary, wenn nicht noti), so doch
309 1979 2219 2138 daar zu äussern (abe), bat sich hoffentlil en
2327 1987 4288 2142 halfd erwünscht. Alles, uus izendude stören konnte,
309 2073 2215 2249 lefselen spetzt – ronst werd ick entwundigt. Im
2309 2078 4292 2224 muss ferngehalten werden. Alle, ug nützen kann,
2309 2159 4237 2292 muss unbedingt heran. Ich will der Reihe nach
322 2181 2258 2335 Ernst: so schon (ab itl selbst nach Bahr, Hofman
2309 2258 4280 2417 conelen bitté Sie instandi), mener ganz genauen.
318 2279 2202 2417 thal, Salten & Peter Paul Sermitt with ervartet
2309 2365 4284 2507 kennend der Personagen zu vertrauen, u daran zu
335 2382 2232 2524 Jde Berundus ersparidl, weil mir zunadt ae-
2305 2442 4202 2554 denken, das ick nur ihr miteresse im Aug habe,
300 2468 1803 2636 andres am Vergnügtigt: die Besetzung
2296 2533 4267 2674 aghrend Brahm auch seine Nerven berückwichtigt
627 2580 2232 2743 Meine Angst cat ihre Grunde. E ud zu
2279 2631 4292 2743 Saußerdem - entschuldigen Sie! - bestimmt nicht
300 2653 2219 2837 off, auch bei Brahm, aus personlichen, nicht aus
2266 2713 4237 2829 voriel vom Theater eersteht wie ich. Welleicht er,
300 2794 2163 2945 künstlendden Motiven weggangen. Lers Stieler
2266 2807 4271 2927 enhere ils mich in Fällen, oo es nicht notig uare, wo
288 2893 2241 3009 kommt taffel klage, dass Eers Grunuald, Frouler
2288 2923 4280 3031 man genau meiner Meiny ist. Seid duim. Cissist
313 2983 2181 3129 Sq off, das Foulam Ostoff, leer Reicher, des Clerr,
2275 2996 3284 3155 zuviel besser als zu wein:
305 3056 2215 3228 Basermann zuviel bekaffigt wird. Brahm wird
2464 3043 4284 3211 Cater-Bassermann. Eg ist vol selbsterstand
300 3172 2241 3318 schließlich nerrod, gibt einmal nach, & der drüdter
2288 3172 4228 3297 hel. Milch Reicher, der nicht bedartig genug, zu
288 3262 3730 3387 der gerade an der Reihe itt, muss es lassen. Kann’t wird ich Salz Arzt gebraucht und.
2485 3335 4228 3460 Marie - Schmann. Da ich vielleicht nicht
283 3378 2193 3490 mann lädst eid der Zeiden nie gefallen. Auch da
305 3460 2232 3584 Umpkehrte nicht, z. B. dass Rittner nicht mittun
2275 3447 4271 3597 selbstverständlich. W doch ist sie, sollte sie conditio
2258 3546 4271 3670 rine qua non sen. lier uudde den Titel begren erfüllen?
292 3576 2215 3683 cill. Ich mochte Sie für disen Fall so hart Teiger
2245 3636 4228 3769 Mozich. das jemand auf ihre Mutter Welffen hin¬
288 3653 2215 3799 sinn:) machen, eie clauptmann ist oder gemacht
2275 3739 4211 3850 widt. Es soll zum Teufel geles. Wenn sie bei Su-
288 3790 2198 3906 werden kann. Bei Rose Bernd’ Gabe id laupt
2266 3833 4142 3992 dermann weder sech rundzuanz 1) jähr sein
275 3859 2215 4018 mann so lang vr Streler, den Brahm durchsehen
2254 3928 4211 4091 durfte, und sie hier vol auch dürfen. Wie herr
288 3966 2215 4086 hollte, kamen lassen, bis Forest den August Keil
2275 4009 4232 4202 lil var ne noch in Rosenmontay! Welch ein
288 4052 2219 4224 krigte, zum großten Nutzen der Aufführung. Die Angst
