2951 5175
1894 693 2093 842 7.2.
806 760 2118 967 Berlin, Journalemersh 65, 1700
395 979 2250 1194 Herr Schnit JH, sehr na Cade, dass Sie die über-
399 1143 2267 1297 fludrige Rücksehren auf meine Arbeit ernommen haben. Es
375 1213 2274 1348 näre doch ein Zeit zuinn fassen, wenn ich Ihnen das hätte
392 1295 2312 1465 nool sagn können, ug il mien jetzt schreiben miss, et ua al
404 1372 2320 1533 von den wurckten stunde, nicht einmal durch Eilboten be¬
419 1465 2322 1607 fordern kann. Also die Niesel Cat – is ist authentisch - ye
404 1528 2312 1687 dassort, dass sie ohne witers, und jetzt noch, bereit wäre,
414 1641 2293 1793 dieckene zu spielen, wenn die Hermann die Marie spielt, —
409 1718 2291 1826 die wird viel selbstverständlich nicht weigern. Ich gebe es Sinnen
411 1802 2262 1923 noch einmal ernstlich zu bedenken. Die Schiff ist absolut in
414 1879 2298 2012 Unfuck, darüber sind air unz alle klar. Streler und selbst von
424 1959 2312 2079 denen, die ihn nicht, und ich, als unmöchich empfinden, für frag
416 2050 2317 2168 wird) gehalten werden. Kann also Stieler nicht aus dem zweiten
409 2098 2303 2245 Akt entfernt werden (id, und de nicht unversucht lassen; ist
424 2180 2341 2308 die Sache mit Rittner verpatzt, dann wäre selbst Neuss bsser, in
421 2235 2298 2399 dizem Falle Albrecht-Grunuald), so muss alles, einfach alles
419 2341 2327 2462 Erdenzbare gescholgten, die schwache position zu stützen, welche
411 2440 2310 2582 Antzen ein reicheln is Schiff! Helche stützen waren Schmann
421 2502 2358 2635 Nech! Noch etug. Die Marie muss durch das gang-Hück
431 2580 2348 2765 rympathidd curken; wikt ne unsympathidel, ist die Gefalen
443 2664 2310 2844 gross. Man muss es ihr verzeihen, daß nè den later cery effet.
436 2746 2368 2940 Es gernst nicht, das man ihr den Lebensdrang faubt, man
433 2856 2348 3032 mus ihr auch die Freiheit da selonste seben zu machen.
431 2940 2351 3104 Ob es Aschenbrodel Nisch herkümmert, da allen Teuten
431 3015 2303 3222 putten; mit der noel immer prangenden Schmann Gatt
426 3121 2361 3289 man da innigste Mitzufühl. Nisch  Bassermann (inzu¬
438 3229 2351 3359 allenfall an, denn Bassermann konnte bedartig Genu¬
438 3263 2339 3465 ben, um selbst sind die Tochter jede letzihig zu erwirken.
443 3400 2259 3568 Aber der niedervilvinische, treuherzige, breit belafich
450 3448 2363 3643 Marr, der, da er nicht selarf & hatt ganz von kann, s
457 3573 2370 3840 durch Theateri wird erzinnenmüssen (des nebenbes gar
