7864 5095
2012 1079 2830 1260 Verkag: S.W. 13, Hollmannstraße 10.
885 1171 1487 1326 „Die Schaubühne“
1934 1213 2911 1357 Redaktion: SW. 19, Jerusakemerstraße 65.
1057 1288 2814 1471 Wochenschrift Adresse bis zum 30. Juli. Arild in Schweden.
1881 1376 2947 1554 Berlin den 14. Juli 1905
955 1388 1485 1532 Siegfried Jacobsohn.
905 1560 3005 1815 Eberillers Sanitler, buts, no Sie immer animal herkommen
838 1768 3014 1865 vollten wollten, ist es wieder sanz hondel. ter hatte gefurdstet, das
838 1851 3055 1979 nach Staten a Parid dieser bescheidene linkel nicht mehr unken undt
838 1948 3036 2087 bin auf frickliche enttäuschte. den schwimmen, der einzige Sport, no-
838 2029 2986 2173 in il etua liste, starkt mil selvs, wil heffe auf sin gutes erstes
844 2128 3011 2309 Kriepfala – nicht ohne Eure Hülfe. Id mahte thuen un comberein
835 2228 3022 2395 ken lehl daraus, wn nie großer Uiligkeit, mir ein Beitrag von Hina
844 2345 3036 2448 verdernt. Inzuerden hat wol die Weltigkeit in meinen Augen nod eer-
849 2425 3028 2553 (össert, von den 25000 Mark, die ik vorläufi) habe — 3 ist mehr in
849 2511 3041 2628 der Reerse – habe ich die letzten 5000 uur auf Ihren Brief hin bekom-
849 2581 3016 2697 men (da ersten auf Hofmannsthal zuvor hin; beides klinst Ihnen nie
838 2656 3008 2789 leicht unfaubhaft, ist aber emerstel uahr). Da wäre es mir denn
855 2728 3039 2897 auperordentlich lieb, den Geldleuten noit Caltenqu kennen. Sie Witte
838 2828 3025 2975 sie als so heght es kann, mir bis zum fünfzehnten August an
855 2897 3036 3072 meine berne Adresse, und einen Reitig sinden zu wollen (der nicht gar
849 3005 3033 3147 (aus dem Bereid des Têtes fällt), wie kan oder kurz immer, gleichgültig
852 3089 3064 3211 ob dramatiel oder kritid, ob in tersen oder in Prosa, zu einem Cono-
838 3164 3069 3302 parvatz, den Sie nach dem Erentastarif der posten deutoden Antuyen
838 3250 3022 3394 sellet bestimmen mogen & eer Ihnen auf jreen tall gezahlt werden
841 3311 3044 3474 uurde. Wun sie durchaus nichts anders haben, entschließen Sie sich
838 3452 3036 3599 am Ende doch zu Hans Delorme. Vrttlucht antworten sie mir oder
849 3546 2964 3746 Gerker, ob ich auf ein Manuscript redenen kann. Als bin nicht
838 3671 1723 3838 mhy, etc ich es nicht verso.
982 3721 2905 4118 Mittel Erben wünschen Grüssen für Sie xxx Wollaus
1843 3918 2830 4160 The dankbar gebene
1793 4113 2711 4484 [illegible]aubrol
5897 1010 6729 1163 Verkag: Sw. 13, Hollmannstraße 10.
4784 1068 5378 1240 „Die Schaubühne“
5839 1099 6788 1224 Redaktion: SW. 19, Jerusakemerstraße 65.
4934 1179 5272 1304 Wochenschrift
5436 1179 6255 1360 Adosse: Arild in Schweden
5764 1243 6846 1440 Berlin den 24. Juli 1905
4834 1282 5361 1435 Siegfried Jacobsohn.
4809 1490 6876 1715 Lieber dero Schnitzler, mein Brief releint wie
4809 1673 6907 1843 en Erprennnerviel, im günstigsten Falle sehr takt
4812 1782 6904 1962 los geklungen zu Gaben. Das wolte er wiss Gott nicht.
4828 1904 6913 2095 Sol Eabe son früh bis spad Briefe zu rohreiben - uess.
4823 2009 6976 2198 da offenbar manchmal nicht mehr, an een ik rebreiben
4823 2112 6949 2312 Cersetzen Sie sich in diese Situation uergeben Sie mir
4853 2201 6965 2406 In Sie werde ich in Zukunft zu allererst am Morgen oder
4840 2334 5944 2514 ben. Went it is sech the
5950 2375 6929 2545 Selbstverstände als halt ile
4834 2514 6913 2675 s für betrachtlich nichtigen, dass Sie der deutschen
4840 2614 6913 2778 Buline zur damatioole Meisterverke, als dass Sie
4845 2733 6943 2917 der Sdaubühne einen Beitra geben. Uß werde mitt
4870 2819 6938 3014 ganz beleiden gedulden. An das Blatt sollen
4876 2947 6946 3111 Soe erot viedes durel une erste Nummer (sieben
4870 3052 6358 3247 den September ) erinnert werden.
5808 3169 6940 3369 Für Ihren verteren Aufent¬
4870 3302 6954 3480 Gald J'Aire Touren aussel. ich Ihnen alles Gute
4895 3441 6685 3669 Gruße Sie mit Gattin Wind derJelst
5037 3594 6188 3849 M danklar erfbene
5583 3929 6366 4196 Arpishaubule
