3529 5159
236 1395 3268 1651 Kon redmiker ist) — er die Nrsch. das oft dann doch zu viel. Schade u. d. 7/3.
244 1616 3248 1771 dop uir milch in der juten alten Zeit leben, wo in Rauspiele, eine Barrenmann
225 1686 3272 1923 ohne weiters den later den Obersten sppielt Cötte. Als al Theaterdirektor wurde
244 1802 1392 2004 desartige Dorf wieder erfuhren.
392 1946 3303 2120 Ammam salrari meam. Ich habe heute Connitty by Stück auf alle deze Dorf-Amnode
209 2054 3291 2206 Einmal gelegen eben Punkt Jm Punkt be meinem ersten Bretzuynowehlg heblieben, nuhr
233 2159 3322 2306 (2/4) nächst aus Eignsinn, sondern aus ehrtelsten Ärenzeugung. Auf die Cofatu tun, Ihnen aufdienstell
213 2287 3310 2399 zu erveleren, bitte al Sie noch, einmal so dienend nie bezlich: da vielleich nichts alles durch zu
202 2345 3322 2465 reffen een aird, fordem sie unipp. Bitten sie nichts darum, sondem fordem sie, al ob sie nett
209 2461 3299 2582 meln af Cauptmann, sondern Hauptmann waren. bis ist bei dem mitb alle umbesetzt worden.
202 2551 3268 2671 Collen un paart de ceubren glen. Broer am 28. eine gute Auffübung, als am 24, me, geinde
213 2616 3295 2772 Spak, wurden gute. Gauben Sie man allen Reederkennen, in einer voleben Rolle die Sehmann
198 2709 1853 2845 Hatt der Nisd. 16ß ein Huß von mz: Aufführungen.
415 2764 2136 2927 W kommen Sie mofielse bald wieder nach Berlin.
407 2810 3233 3004 Wieropreden Sie mir summarisch, alle Mixe kunftigen Stücke, bevor Sie Brahm
209 2954 1919 3144 Bretzung noch tax maelen, mich doen zu lassen.
403 2996 2694 3221 Ut eren sie met een dien herfielstig nicht een wem cotieven
1961 3163 2741 3477 Wmettawene
