3876 5064
1489 399 2046 674 Deutsche
1189 574 2300 919 Montagszeitung
1680 936 3023 1169 Berlin S.W. 68, den 23.9.1910
241 965 1372 1189 Telegramm-Adresse: Montag Berlin
1863 1090 2508 1318 Alte Jacobstr. 136
412 1135 1177 1347 Telefon: Amt 4/4763
2499 1198 3061 1418 Carlottenburg
2545 1343 3219 1584 DembusRape 25
333 1626 1102 1896 Über den schnitzler
1152 1688 3306 1942 Caben sie Dank für Erenfeundlichen Brief! Doss sich
125 1913 3331 2129 Eikkel ein beaundernsaerte Organisationn Candelt, mogen sie an den Artikeln con
108 2088 3385 2275 Bab D'Ostaalf eroden. Cegen die Volksbühnen sell jetzt nicht nur mit einer Insur¬
112 2229 3344 2387 wogenen werden, die verhindern ausde, fast kunft) an digen Staten inendaie kuline
112 2312 3410 2545 Sdeshalb verbotene Dramen ihre Urauffuhr, erleben konnten, sondern auch mit einer
121 2429 3394 2749 Justbarkeitssteuer, die die Mehrzahl der Mitglieder unsbührlich belgten u zum Teil von
108 2578 3452 2870 dalouelen werde. Dogh en aird protestiert. In der Erklärung Aufst s jetzt ubrigens nicht mehr:
121 2761 3339 2982 ... Oben ihrer ermutigen Entradten, Anzdruck über..., sondern... protestieren
133 2870 3448 3165 hen... Eggs aber immer nod mit Omynd, großen herten opdrekt, idt takterd
133 3011 3360 3231 notis, die bediner stadtverordneteniezammlich die andern Instangen, für die die
129 3152 3323 3398 Erklang bestimmt ist, mussen auch an dem Aertlaut den Eindruck (aber, das die
129 3323 3398 3560 (acse willh) ist, daas die Unterzeichner nie erhaer nehmen. Bei setzt habe ich über
125 3443 3452 3718 adtz, Untersdruften, von denn als Ihnen aufs Grateaohl nenne: Balvo, Burckhardt,
112 3626 3339 3830 Eulenbez, Gesmannsthal, Wauthner, Peppenber, Sauer, Schmidtboun, Stucken,
137 3710 3456 3938 Wedekind. Auf Herrn Namen leß ich nicht so aol Cent, weil er zählt, als weil es ausser
146 3876 3427 4117 erdenthal, ärzt. überlegen sie, bitte, doch nach einmal. Leute aus ein arener drübter
112 4046 3348 4284 be mir, den nicht nur von Eiern können Van, sondern auch von Arem seiten Pand
1431 4188 3165 4575 Mitwechselen hussen für sie Veil Aven &.
125 4238 2379 4454 Collichst schaarmte. Coffenthal Krieg is beiez bald zu selen,
2666 4338 3352 4558 Wfred acobior
