4583 5194
2346 818 3684 1010 Oberst-Patry. Will geschaffen.
263 867 2137 1113 Fluidum, welche ein Zauber, ging neubel im Rat.
2378 904 4195 1083 tene – Triesch. Wirklich kein Zufall, dass sie
260 1037 2235 1233 schrimpf conitir auq. Sie is heute jured schlank
2265 1007 4208 1199 so heisst? Ich habe das gefühl, das sie Ihnen cor¬
285 1108 2198 1280 wie je alle sind gücklich, sobald ne nur die
2289 1123 4168 1341 geschreibt Cat. Dann wäre feilerl nicht zu be¬
263 1191 2235 1390 Bühne betritt. Kneandre hatte auch die Kraft
2289 1248 4262 1437 furchten, das an die sdiff oder die Pauly gedaet
275 1326 2193 1496 tui de diamatidelen Momente. Uerüberhaupt.
273 1417 2193 1552 Man soll, nach Masset S Goldmann, nibts eer
2321 1390 2503 1513 Ed.
2439 1405 4252 1601 Max-Rittner, and mostcherarte schuar
270 1471 2225 1656 schworen. Notsdem schuore ich, das ich da Theater
2299 1523 4227 1727 Calten, da er sehr anspruchroll die Rolle nicht
287 1570 2213 1741 reder zur Promière noch zu einer spätern auf
2294 1611 4210 1835 Frop A. Mass aber unbedingt heran! Auch er
297 1678 2206 1894 fuary bey etc. wenn man mir in dieser Pracht
2297 1737 4247 1926 klon des Titels begrt. Ich schwelde schon bei dem
297 1744 2176 1936 volle die Risch oder sonsteren zumutet. Con-
2294 1815 4168 2034 Gedanken an das Bild im zuerten Akt: Rittner,
327 1837 1859 2063 jetzt an Gab ich einen Eid im Climmel.
499 1926 1970 2105 Tante - Albredt. Seider ohne Ritalin.
2297 1965 3363 2115 Schmann, Tisch, Patry.
467 2026 2203 2228 Tatharina - Orleff. Sie haben die als Gedaen
2419 1997 4232 2230 Albrecht-Grunuald. Wnn sereben, Diener.
297 2105 2179 2348 Ekdal spelen Für Mre Figur damal abgelehnt.
319 2225 2211 2410 Es handelt sil aber darum, con den Ubeln Schiff,
2530 2277 4208 2456 So pridt der arme Abdattah, dem des
314 2324 2169 2537 Urfus, Orleff, Eberty den Kleinste zu wählen,
2309 2375 4247 2554 Cerr gnady os Attah weiss 3 besseres! Kleffent
307 2417 2176 2616 dg ist ne zaefellos. lor allem (at ne seit des
2311 2488 4239 2653 til bekalt diemal Abdallal recht. Aber zunächst
319 2552 2257 2751 Pippa, mihd bei mir, aber beim Publikum, einen
2314 2586 4262 2771 Schreiben Sie mir bitte Uwe Meinig, damit al
317 2601 2257 2810 auperordentlichen Krediz. Dann kann sie leicht
2321 2677 4220 2837 sie weiter bearbeiten kann. M r kommen Sie
317 2709 2181 2938 alter gemacht werden, Sitt orches to geleter)
2326 2803 3692 2967 bald, weil minderich begraget
327 2835 2252 3026 dass ne de beiden Szenen beser hifft als ihre die
2562 2893 4154 3097 Gut für Zuischenspiel, das it.
329 2943 2255 3088 nebenbuhlerinnen. Anders ligt die Sache, wenn
2324 2982 4227 3166 damal den Ruf des Lebens noch nicht kannte,
341 3051 1572 3240 one can Neue of under aird
2353 3119 4257 3304 soldienen Juni lofmannsthal, daß ich ihn
531 3105 2213 3289 Ant - Reiche. Auf keines Fall irgend
2410 3203 4267 3412 den Ruf des tebens — cor dem Oedipus kennen
351 3264 1095 3439 eine zweide a Kraft.
531 3313 2230 3542 Adjunkt - Marr. Exist en bisschen gross
2360 3355 2970 3515 plem & Cabe
364 3453 2213 3603 I schaas, aber hetzdem tumb Heutsch
2353 3380 4112 3874 Mitbefinden pmsen fry for Kullan
329 3552 2228 3721 nicht Personlichkeit genug, um diesen Eduard
3313 3571 3625 3746 Mr
344 3621 2306 3834 mils collendet zu spielen. In der äussersten Not
371 3756 2257 3945 some Grunuald, wnn namhel Marr pn den
2901 3729 3692 4006 Titrifancke
383 3866 1827 4080 Oberot wizzagn wurde. Sonst aber
