6312 5065
2672 1614 3123 1769 sa côtre
2712 1731 3642 1930 ERICH REISSVERLAG
2546 1901 3765 2016 Die Schaubühne Herausgeber Siegfried Jacobsohn
2534 2030 3801 2144 Berlin-Westend 6. I. 1910. Fernsprech-Anschluss
3257 2106 3801 2208 Charlottenburg 62 17
2529 2135 2929 2235 Kaiserdamm 26
2517 2180 3839 2382 Neben Verschnitzler, für einen Kimmel
2486 2325 3798 2486 (abeid, sie aalrhaffi) nicht gehalten. Aber id
2491 2410 3837 2569 mys son sagn, das al en trerteljahr lay en bid
2486 2481 3820 2605 Clen bekummert aar, asilich mir ob Herrn tiefen
2470 2563 3862 2714 sensdaiegnheit unbildete, Ihnen was etwas gaan zu
2496 2638 3856 2778 Caben, & nun doch nur meiner alten, sehr getreven V.
2510 2731 3850 2881 army beaupt aar. Nun Caben sie mich beruhigt,
2517 2803 3862 2950 schl danke Ihnen dafür. In zwischen Gabe ich zu meiner
2508 2857 3867 3033 Freude nicht fach, von Fainzug, Mauthnerz, Salton, Grogels,
2532 2955 3863 3111 Jhort, daß sils corzusal gedeelt, et sie pst mod mihr
2527 3050 3843 3204 as die Mutter Jufstel macht. Cere gut eerstehe ich da,
2520 3116 3856 3251 Sace selv eine derartige Botsd, after an stan, meine
2522 3185 3841 3349 Ehefurcht u. feindschaft zu durel Jochim. /a, man
2527 3280 3810 3423 auch alt. Id wurde Einen zum neuen Jahr, daß
2522 3342 3900 3528 Alls erpented bleibe, autrade moi, dgs sie bald nad.
2532 3430 3796 3596 Berlin kommen, Compe sic & da cang dans
2532 3563 3042 3698 aup testelse
3130 3558 3318 3703 a
3385 3592 3905 3787 Wmrdraubw
