3960 5160
235 997 1906 1223 stande bürge, ug ich mir wissetzt,
1961 1022 3633 1236 nicht auf Berlin beschränkt wissen
251 1161 1911 1311 Gabe. Diee von mir ernunzelsten Mitar¬
1961 1182 3582 1366 je mehr ausuaRtte. Interessen il be-
243 1295 3608 1508 beiter aber wurden nach vermutlich erst zu ruhren kann Slassen kann, desto bey
235 1370 1906 1513 teo als gut ist zur leersfolg entschreßen.
235 1471 1886 1601 wenn in den ersten Nummern nur als
235 1571 1894 1747 & noch kleinere ertreten und. Darum
2129 1521 3612 1756 Als wäre Ihnen, lieber Eeri Schurze,
210 1668 1010 1848 also meine Bitte.
1965 1663 3616 1835 tui une baldige, réponse bienveillante
423 1739 1869 1953 Wrausgesetzt also, dass sie im Prin¬
1965 1802 3620 1973 ausserwider Nr. dankbar bleibe
222 1869 1881 2036 30p mit abgneist sind, was käme von
1923 1898 3582 2112 mit den bestalsten Grüssen für Sie
222 2020 1877 2170 Innen in Betracht? Gistirt ein Akt oder
1923 2049 2556 2250 I have Februant
197 2112 1835 2288 sine szene oder ein dialect oder izend ues
2468 2087 3184 2325 Imerbene
193 2212 1844 2376 mit Dama Scheate zusammenben¬
201 2279 1902 2472 gends in Ihnen, ag noch nicht gedruckt
2510 2275 3499 2539 Tufrid (awbroh)
184 2422 1781 2585 1st? Die ist 3 mit. lau. Delosme?
180 2522 1873 2669 Oder falls nichts derseiden vorhanden oder
2300 2535 3478 2786 Darf ich vorläufig noch
193 2640 1852 2799 confinbar itt, wurden Sie es sich abgewin.
197 2740 1869 2866 nen können, in paar korte über. Da, les
1919 2703 3595 2937 stand die Gmbll nicht in Firmen.
201 2837 1835 3025 Galtind der Theaterstädse Wien & Berlin
1915 2866 3591 3071 register des Vossischen vertuß ange.
201 2941 1638 3134 zu einander zu sagen? Uns so.
1919 3004 3603 3239 zogt worden ist, um vollständig des
390 3050 1860 3268 Gauben Sie, dass ich mich auch an
210 3134 1818 3373 Beert. Ehemann & Bahr werden kann
1919 3151 2753 3381 Rietton bitten? I
197 3298 1798 3453 Soll? Wwn gabe 3 const noch in
189 3411 1865 3683 Ogterreich? Das Blatt möchte ich durchaus
