6424 5208
3394 198 3571 295 25.2.
3070 236 3585 394 Florenz 1905.
5419 185 5960 354 Rom 17.2.
1094 231 1614 413 Malta, d. 2.
2110 263 2512 383 de cobsot
4089 287 6186 450 Herlen Smit, gut, dar ich ihre a Bahrs Mahns beachtet
5733 330 5923 410 1905.
1893 349 3966 534 Wertlerrkreitzen furdetbar ulten, wie in einer Überdiner Zeitungen an
13 324 1783 512 Wiebe Frau Amthes, nun bin ich bezal in art ita! Catte
4084 418 6188 558 Romnele wurprenge abr. daß sie helt, das heißt eine Welt.
8 458 1804 568 Von Gefahrt von uns Tage, gestern den unbedrücklich treffen
1912 485 3995 571 Een Theaterdirektor verlandelt zu finden, ohne ue, davon zu uissen, furditbar
4100 515 6178 657 ctesCate ich in ade Tagen, im meinen genannten inneren Wenden
134 558 1837 673 Nack den alten der nicht merkundig juttorskan den neuen
1912 563 3976 670 nett, end in den kistigen Blättern mausstod am Galzen zappeln zu selen
4094 579 5690 748 mehr genommen, also es viele, welche Jaure Einerlei.
166 611 1799 743 setzt auf dem Monoton Natzion Halta. Don trunkene
1901 657 3995 764 quidelebenden in dixa Madelemstadt umbezuselen, nu eahnt herrEdie Bil-
4387 633 6132 786 Nun über die Büter, die Sie mir mitzugeben die
150 689 1802 810 mich Hauptfort den Festung hincae auf Mittellandische Maaß
1901 732 4011 861 de zu oncessen, sil blodoinnen Juny zu fühlen, tausend Gurks- u Undudt
4089 724 6180 914 Freundzilkeit Catten, etug clorensuerts zu ragen, Cab ich hier in D6
177 794 1775 893 tropidden Mitteproune umgeben een de uppisten
1909 810 4011 909 mofelkeiten ior ad in Caben, Maria af Geerstam italiemdde Nelken
4070 850 6113 1005 O’Rale SCononnation – Ad hoff & ausser dem „vorcorane
158 842 1823 946 Aen, Orangen, Salmen. Und da soll zu kleine werdenber, in der
1896 901 4025 1003 subinsu, die Tauben wi dem Palazzo Vecelis zu futtern, in einen hode
158 912 1802 1027 et randioll werden! Die innere Stadt bretet, das voltsamsten
4084 909 4920 1059 publico "tun qu konnen."
1909 979 4000 1059 auf dem Ugg nad Paris qu sem dort mit Gotts Hülfe zu elf hoelen
150 979 1821 1089 hellages a Reste antikeo Denkmäler, nomandae kathod a
4888 957 6172 1134 Eurmmelt von Dittern: löher nach
4070 1024 6175 1233 mann, Bronnson, Tor Cledberg, Gustaf af Gei7 erstam (mit dem
1901 1051 3982 1153 zu bleiben. Meine einzig Tozg ist, ob es mir auch gelangen wird, auf
150 1054 1815 1164 rent, auszu, Araben, Negen, Engländen, Halrenii, Zegen, Evel
1914 1123 3941 1207 ähnkel gegnete Weide aus meiner zweiten Bluterende gerissen zu
156 1158 1799 1266 ken. das lärmt avant durch einander, cum übertont com-
4073 1123 6167 1290 ich ein Vierteljahr in Arild zusammen nach 1, Arthur Colißeher
1901 1207 4019 1314 worden. Ja, s ist ubleibt sin offentheater. Der grosse Gold uidt bestohlen dazu
164 1220 1834 1362 (der zalflosen) nichtschiffe Dist, alles in Allem, dazu ange-
4081 1207 6162 1373 Uit de tolksausgabe Nur entzuckenden Reizens ligt - a lag
1906 1276 4011 1384 Zur Belohnung der Firma Mamroth & Sonnemann über Strassenauflaufe am
150 1282 1821 1437 inzu werden. Vaben Sie beide nodem als tausend Dank
4076 1298 5443 1418 Don in Neapel - in jedem (daufenste
1909 1362 3955 1448 bediner Grundbrunnen berichten; der kleine Jacobohn stiebelt D muss zu,
158 1359 1837 1536 an mir gattan Caben, lassen Sie es sich mit dem russen Ben-
4164 1373 5703 1560 legible grusse in a v Gattin a kon in them
1901 1416 3998 1512 Arafe un Becierde ju Genurs non Italien nad hantresd taumel et la
156 1461 1818 1619 Vot erzehn Sosen Sie alle disi herfaht Grüßt wollen getrauen
1914 1472 3933 1625 so merkundig ick des seben. Mit herstellen Grüssen für sic oder aus het. S).
5545 1418 6175 1614 ttävntsäuschen
1244 1518 1858 1638 Forfeielf acobrole
3665 1606 3882 1754 ii. 4.
4510 1614 5239 1866 Durffhollyorhlye
1099 1636 1306 1767 11.3.
4226 1689 6288 2019 tätten, als an allen allen. Als nicht zuschreiben hebben, nach
5373 1633 6078 1858 Parnd, 5 rue Grétey
2703 1644 3523 1850 Parod, 5 rue Grétry
169 1646 1325 1850 Parid, 5 Rue de Carms, 1205.
3668 1716 3901 1888 1905.
139 1796 1802 2008 utser, sich schreibt, dass sie mit Ihres großen Augustes
1890 1815 4025 2024 Ehe leer Smitzler haben Sie wieder schönsten Dank für Uren, für
4188 1845 4885 2011 Herr Smitzler
158 1947 1794 2054 (daer beiden Guckheben!); das erinnert mich an de Flidet
1914 1949 4033 2121 Brieff uden Artikel, den ich behalten zu dürfen den rechnhilßen wunsch
4885 1949 6175 2113 Also Sie sind der Erste, der 3 erfaart
4175 2022 6247 2174 potten der absolut einzize bleiben (darum bitt ich so dinend
1912 2032 4027 2207 gabe. Er wurde nur in mener nahezu collstandigen Sammlung bitten felder
153 2022 1815 2145 in Dank Twee Baedakers Jarn zuschicken. Sel habe,
1906 2126 4030 2263 konnen Sie ihn nicht entbehren? Acht schort es zu den summsten
164 2145 1834 2231 um Jm Staken, für Pand vorde. Nur muss ich Banau
4175 2137 6255 2295 tue herziel, um strengte vorsduregenheit schon jedermann) id
1893 2188 4046 2354 lechtfertigsten Stücken. Der Mann (at scher nie eine Zeile commis gelesen.
158 2207 1767 2338 de Witten dieser Stadt noll stärker idt als die jens
4177 2225 6258 2370 werde com September als in Berlin eigne Gattdreift für
1898 2290 3987 2453 Nur qua, dan men Buel en Calb dut en of einen Dramen aufaie st.
164 2284 1745 2397 nun für mich — Gnade, Theaterwesen, Kunst -
4161 2295 6282 2461 Dama et Theater Corausobben. Fals Sie den absolut einzix cuver
2086 2368 4033 2486 die Umgegnet wird im Juni und Juli systematiæl, respizirt werden
150 2343 1804 2472 unberedenbar, till ende meine Reide, nomitiil, ni be-
4153 2416 6274 2566 dent: Garden Cat at durel me lorde con terleumdern in Bedin-
1896 2418 4051 2566 Bis jetzt war ich, wie ersten klg an, durch das oder, oder oder hoffe netten auf
150 2437 1807 2553 in Kixelontred. Nun danket alle Gold mit Clerzen
4153 2507 6234 2617 Seren von mil aufhetzen lassen, hat mich - ohne auch nu-
153 2547 1711 2668 aden, der grosse Dinge tut an uns Stellen Enden.
1920 2542 2850 2700 Gelloszene Raume cerui een.
4151 2563 6234 2703 den Gatten eines Beue des zubringen sollne dass der serinste tot-
2086 2566 4059 2754 Hilz Advose ist nicht zu entziffern. Graf als sie noch einmal bemühen:
158 2603 1826 2746 al Unen Freitel, snefste Adresse angebe (bis 1. Juni)
4143 2641 6164 2759 Paddele Gun dam wilaye – sien tuyner, terleumder, Efresser,
161 2700 1853 2799 siben nur mal. U. A. wie sic den Artikel. Kriptom.
1925 2676 4067 2826 Ich mochte ihr corn schreiben. Con meine Zukunft boven Sie, sobald sine
4159 2727 6261 2842 Idroten sam genannt, Dep A (and das ganz unter uns) auf ter
1925 2756 3995 2939 Entxderdu, gefallen ist (vielen nod in digem Monat) Wozu soll il die
158 2775 1035 2923 kunft com 25.2. fanden.
4151 2797 6247 2990 re terständiges, mehr zu hoffen. Nun braudeten bloss Sie noch abzu-
153 2788 1826 3097 erstelen beenden Hrüssen für Sie Stullaus
3470 2818 4035 2947 tus sehr v. wollaus
1925 2858 3480 3054 mit uns fleißen Erem behelligen! Die wezhaften müsse
3470 2904 4084 3038 Josufred Jacobolus
1209 2923 1866 3086 Wird Jacobsole
3826 3081 3984 3185 15.5.
2936 3105 3998 3322 Pared, 5 rue Grétry, 1705.
2595 3126 2799 3341 H.F.P.
6025 3145 6304 3314 12.6.
4789 3134 5977 3368 Berlin, Prusalemersd 65
1365 3180 1630 3368 16.12.
6057 3285 6277 3403 1905.
2515 3258 2687 3419 G.C.
2469 3298 4057 3502 welen Dank zu ihren freundt: den Brief, oder deren In¬
1933 3266 2451 3480 xber leas Schützler
1400 3344 1646 3456 1904.
4215 3301 6328 3606 Uebertlen Schutz Ja: al habe nach meiner Rückkehr
1944 3408 4062 3574 Calb selbstverstand es mehr zu ragn ware, das man in den letzten Tagen eines wel zu
1949 3480 4049 3633 kurzen werden Aufenthalts, gegen kann. Diese letzten Tag commenhin und von Leute a
150 3424 1268 3641 rehrter Herr Schutzler.
1949 3529 4038 3697 nod abitzetm) eine Caupträdre den vildenden Hunst Quidmet, von deren hülle ich mir
4204 3510 6239 3711 Dalary in Bettlicen müdsen, sonst Catt'el Ninen
1952 3561 4073 3762 milto (ave Nounen lassen. Wit der Barste ist, als sie wol uidsen werden, in Choret
204 3555 1823 3807 -il bin morgen Sonnaber früh in Wien
1960 3657 4078 3818 sammlungen, die mein „critique d’art allemand“ zum Glick bereitwillig geöffnet com-
4202 3655 6271 3813 mene neue Adresse schon finzer gesdickt. Wun dudit
131 3692 1796 3907 a sechs boden — Duerde mil, so uie il
1960 3746 4062 3890 den. Auch in Roditz Ateliers (Pand al Meudon) hoff zu kommen. Notzdem
4199 3740 6312 3925 in Berlin Calbage in ertragen ist, bleibt die den Ganzen¬
1960 3810 4073 3968 alledem cerdank ich meinen tiefsten pannen Eindruck Hiren laterstadt: Es wisst Clos-
166 3840 1799 4030 gefunden (abe, bei Ihnen melden, um
1955 3864 4081 4019 mannsthal. Nelt off Cat ich wie einem Menaden gepoluelzt. Da qpturen anderthalb
4177 3829 6293 4041 Sommez. Dass Sie drein gut und geschrieben mogen,
1960 3949 4073 4076 Nadmittgretunden in den Tuilerien – gibt es nurigen, zum zweiten Mal so etwas
150 3907 1788 4167 weil noch bezahlt zu danken, als ich
1973 4017 4076 4148 uae die Tuilerion im Mai? — sein sein krijus etc. dre – Ein Jammer, dero ein
4185 3939 6285 4210 Einschr. Annen u Ihren Lieben mit bezahlen Grüssen
1981 4049 4067 4234 Beahn nicht solche Menaden cölit, und die leiener, die ich treten gelernt habe. Und
153 4067 1794 4258 et rue, a Umen witere Aufklärungen qui
1971 4159 3585 4319 gege ist der Abstand sellet werden von Regen Hofmanerthal!
2378 4148 4084 4330 Die Zeitrauff wird sider nur dann ja werden beinnen, wenn ihr
5202 4110 5480 4282 urbe
1998 4271 4097 4416 Bertan für mondeten ein Jahr schuldert ist. Das wird viel April nach meiner Rückkehr,
150 4196 1724 4446 an besten Grüßen für Sie die Herr Can¬
3161 4314 4089 4448 dessen sie d Gattin d. Kön et Schwarern.
5285 4250 6215 4454 Trundaubrole
2006 4370 3172 4585 Anfang Zumü, entwenden. xyz verzlichten Zinsen
3161 4400 3979 4531 on therein I amuse
461 4395 820 4585 Ruf
812 4395 1571 4601 Hofurd Acobsol
657 4502 823 4673 Pr.
