3878 5063
1068 540 2441 817 ERICH REISSVERLAG
632 825 2914 980 DIE SCHAUBÜHNE HERAUSGEBER SIEGFRIED JACOBSOHN
875 930 2224 1101 Carlottenburg, Deinburgstraße 25
2353 976 2961 1131 Fernsprech-Anschluss:
352 942 3325 1265 BERLIN-WESTEND KASERDAMM1/2S 3.10.1911 Chadottenburg 9 die 986
582 1139 1554 1332 Untergrundbahn-Station: Kaiserdamm
176 1516 3241 1826 Eber von Schnitzler, ist Cote aus dem terlg tischler, dass auch beim
71 1688 3421 1960 schreiten and' wieder diege (ächerkke d'exactliele Merlede befoft aenden sell, der
59 1796 3413 2148 Kritik vor der Auffrängern von Buel zu eben. Com da aaler ist, wohte id Sie
113 1951 3467 2320 personhal bitten, uur recht bald ein zu zelicken. Sonnabends ist die Prennere
100 2144 3321 2441 County muss id den Artikel abrieben. Æatte E. nun am angu fenirte
84 2286 3425 2550 weiter nichts zu tun, so ging es ja ad auel obne fekture. Aber dertwortel
109 2437 3325 2755 den Tafs O’Corn der „Schlugredaktion“ der selaubübne, von acht Uhr an
117 2546 3413 2873 muss ich auf der Druckerei der Teutelen Montag. Zestuy een (die sie ubrigen
117 2667 3467 3061 iaren Spettbilligkeit 'S maner hödst witreffliden Kritiken (alber (alten sellten).
100 2843 3434 3170 So kennuen auf die aidetigste Arbeit nur ein paar stunden, & diee Arbeit
130 2977 3455 3346 auf an Qualität, also an Nutzlichkeit auch für Testiter N Autor sehr quinnen
2102 3149 3400 3459 Am Bemiernabend sind
147 3224 2069 3505 Onn ick mich was darauss urbereitet (abe-
121 3350 3484 3689 die aalverdeinlich in Cien. Sollten sie aber vochen ein paar 10/9 in Bertin ven¬
1930 3518 3471 3852 Canz, Canz, aunderiell debent
147 3584 1868 3915 50 Loffe ite zuvemchtled, sie zu selon
155 3739 3103 4141 um die kleine Neulle in den suddeutalen Monatsheffen zu ver-
1248 3953 3233 4527 Uthers & mnussen fussie v. Kullau
2232 4208 3116 4627 Wm d/acceret
