5759 5112
1514 501 2341 846 aubun
391 580 1400 869 Die St
785 846 2364 1043 Herausgeber: Siegfried Jacobsohn
1741 1093 3054 1282 Charlottenburg, den 3. November 1911 6.
102 1161 501 1351 Redaktion
1745 1256 2193 1332 Dernburgstrasse 25
1745 1301 2401 1445 Fernsprecher: Wilhelm1943
4552 1343 5562 1597 Kampen auf Sylt, 13.7.
5349 1483 5577 1658 1923
4048 1521 4871 1760 Feber Herr Schnit Seite
4928 1597 5596 1775 Caben Sie Dank
785 1658 1684 1863 Lieber Herr Schnitzler,
4018 1707 5641 1920 hier von peundlichen Brief. Meine Frau übersezt
4021 1855 5641 2007 sammen und eine Enfandern, die Dolmetademie
1658 1912 3278 2064 nach langer Belagerung hat Sauer insofern
4018 1935 5622 2064 & Instruptorm imendoden Comptquartier con
4021 1996 5638 2166 Koln ist. Drey Miss William (at bereets in Bud
224 2045 3160 2231 kapituliert, als er erlaubt, daß sein sechzigster Geburtstag zum Anlaß einer
4018 2094 5638 2265 von Keyserin, et mehrere con Auburtin erworben. Sie
231 2174 3191 2367 Ehrenvorstellung genommen wird, deren Ertrag ihm zufließt. Der Österreichische
4018 2174 5638 2379 part in aynst nad Enfand, um für den deutel
3999 2280 5626 2481 einreden lerla, den nite niet menes Frau woberes.
224 2291 3278 2508 Bühnenverein soll nun aber nicht denken, daß dieser Betrag nicht mit allen Mit¬
4010 2401 5592 2591 (tet, doit tard) zu sin. Tuo die Unterbrenst
224 2398 3210 2625 teln vergrößert werden darf. Zu dem Geburtstag muß soviel zusammenkommen, daß
4018 2504 5596 2667 Thier Gerke artt the sin englisder Offizier
224 2534 3179 2750 Sauer ein für alle Mal, ob er nun noch anderthalb oder noch zehn Jahre lebt,
4014 2618 5619 2773 behilflid, an, des gute Beziehungen zu eng
228 2701 3251 2872 gesichert ist und nie wieder die öffentliche Mildtätigkeit in Anspruch zu neh-
4018 2667 5615 2883 Boden Teatern hat. Z. Candelt sich zunächst
4018 2796 5565 2971 um Emakter: Da grüne Katain, Anatol.
235 2800 3160 2997 men braucht. Deshalb wird der beiliegende Brief verschickt, den ich Sie den
4014 2898 5581 3084 Comteae Mizi, Komodie de Ceort. Selve
239 2944 3156 3149 Herrschaften zu zeigen bitte. Wenn sonst keine Hindernisse vorliegen, bleibt
4018 3008 5600 3206 eraumodt aare eine Ophon auf diese, die
243 3065 3266 3259 es wünschenswert, daß sie ihre briefliche Zusage vom September bis zum fünften
4021 3107 5626 3289 bis zum 31sten December 1923 liefe. Vielleicht
4018 3213 5573 3426 (Aben Sie die Lieben anwirkert, und bald
250 3266 1009 3430 Dezember einhalten.
675 3327 2906 3502 Mit bestem Dank für Ihre Bemühungen und herzlichen Grüßen
4018 3380 4473 3566 poupan
4700 3357 5535 3627 brenpupen
4238 3479 4693 3798 the
4697 3578 5573 3862 Wandwärch
2250 3676 2610 3927 S.J.
