6328 5112
1058 847 3037 1033 OESTERHELD2. Co. VerLAG
2009 1107 2867 1286 BERLIN W.15. 4. 8. 08
1072 1135 1801 1308 DIE SCHAUBÜHNE
2075 1255 2596 1308 etzenburgerstr. 60
1250 1253 1631 1321 Herausgeber
2075 1299 2637 1384 nsprecher: Amt VI, 4875
1138 1305 1738 1425 Siegfried Jacobsohn
2015 1324 2887 1464 Redaktionelle Sendungen sind zu richten an:
1987 1445 2933 1593 Siegfried Jacobsohn, Berlin, Jerusalemerstr. 65.
1036 1738 1870 1941 Eber von Sanitzler.
1483 1900 3084 2061 sonen Dank für Eure für Zilen! Ich hatte
1001 2029 3081 2188 Ojaubt, salten, wurden ein paar Tage-dort bleiben. Aber da er
973 2160 2810 2281 Ihnen nun wieder zurückekehrt, naz wol nicht nötig.
1436 2251 3133 2407 § nare nur natudel lieb, wun ill sie trotz den
995 2379 3152 2508 Watzen stunden Aufenthalt schon konnte. Haare zB mit begrün
1001 2489 3103 2610 Un bereit, une lientelstunde in Abçans des Zugs auf den Bahn
995 2555 3089 2730 hof zukommen. Wollen sie viel selbst für es kurz Fisten niet
981 2656 3098 2799 binden, so musseel ihre nachte bedines Remeere, oder die müdten
987 2752 2305 2908 meinen naesten urenen Bsuel abaarten.
1431 2870 3100 3007 Die S(aubüane dieger Node schick als Geilzeete) ab.
976 2952 3103 3122 Die nachte geht, diktet nad uien. E freut mich ungemein, daß Sie
981 3062 3065 3199 All as an da Blattelen quoutmt taken. Con September ab uird-
976 3152 3067 3311 Caffentlich, under leger werden, als es in dixon stillen zeekanften
987 3273 1390 3424 kan konnte.
1401 3300 3128 3487 ten Fall werden mussich erzählen. Wir zu dreiben
965 3418 1938 3588 König ich bei der Chitzendik.
1417 3476 3103 3668 terleben Sie die letzten damalen Tag-nach in Grund-
970 3602 2936 3788 adt Aonleit Tien til alle heeft ginget een Brem
1845 3816 2634 4046 Aufredamme
3306 858 5269 1009 OESTERHELD Q C° VerLAG
4781 1044 5230 1264 à 9.08
4222 1116 4729 1223 BERLIN W. 15.
3298 1121 4041 1264 DIE SCHAUBÜHNE
4230 1209 4435 1269 Lietzer
3501 1217 3846 1288 Herausgeber
4696 1228 4904 1313 VI, 4873
4230 1255 4433 1335 Fernspre
3366 1258 3967 1387 Siegfried Jacobsohn
4238 1299 5107 1425 Redaktionelle Sendungen sind zu richten an:
4208 1379 5148 1579 Siegfried Jacobsohn, Berlin, Jerusalemerstr. 65.
3287 1875 4263 2083 Hertler Servt for
3613 1990 5365 2234 zufälln achte id enmal auf og Mono¬
3243 2141 5376 2363 pamm eine Taxelentue Sentdecke, daß 3 Ihnen
3248 2259 5345 2475 phert. Entschulden Sie, ego ick & nitt selon
3232 2421 4455 2599 lant zurückgeschickt Cabe.
3651 2492 5398 2667 Ich Gabe übertrieben wel zu tun, weniger
3232 2675 5239 2802 durch Pomeeren u ihre Betracht, als durch den
3226 2769 5430 2922 Einlauf an Briefen & Manuskripten, den ein boehe
3237 2887 5313 3062 zu toche grassere demensionen annommt g aller
3248 2991 5282 3136 das zugeih mit der terbereitz des Blattelen. Wie
3246 3106 5200 3273 aber gehts innen? ZG wahr, das sei neus
3232 3254 5334 3421 Trama fert) ist? Uiss immer noch eine Aus-
3248 3333 5381 3514 dert für mich, 12 und einen, und immer quarte¬
3251 3448 4912 3679 ten Beitra von Ihnen zu bekommen.
3265 3555 5165 3972 Mit vorh: Derisruper funtie seie Brens
4180 3780 4915 4027 Twee Thiobiol
