4522 5194
3085 535 3298 688 G.C.H.
3472 556 4128 750 „ „ 9 „ —:
2693 543 2870 734 1 10
849 572 1094 752 1,1
1126 1021 3107 1193 OESTERHELD Q C° VerLAG
2166 1274 3147 1416 cet h. Februar 1906
1131 1344 1881 1430 DIE SCHAUBÜHNE
2172 1403 2626 1470 tzenburgerstr. 60
1309 1416 1553 1481 Herausg
2104 1454 2709 1543 ernsprecher: Amt VI, 4875
1196 1459 1793 1564 Siegfried Jacobsohn
1102 1575 1830 1819 Klerkerr Schnitzer
1400 1725 3169 1905 coffentiel trifft Sie dieser Brief noch in Wien.
1064 1828 3169 1994 Uns hoffentlich, oben Sie mir nach ihrer Ankunft in Berlin
1078 1927 3185 2139 eofort Cpleenleit, sie gu spreclen. sollten sie gerade sonnto
1070 1997 3185 2204 entreffen, so müdsten uns allerdins bis Montag warten; aber
1070 2104 3179 2298 weleidt kommen Sie selon Sonnaber benachrichtigen meh¬
1086 2241 3152 2408 wahr. Man muss zu retten suclon, ug 12 mnd zu retten ist.
1263 2303 3171 2470 des Enzige, worin ich einverstanden bin, ist Fräulein Kraus.
1094 2397 3206 2561 -wil il ne nidt kenne. ua il con allem andam an entrez
1086 2499 3185 2647 tidsten finden roll, daruber bin ils mør noch niet ganz klar.
1083 2599 3201 2755 Es ist aber doch wol die Sinnlosigkeit Rittner-Stieler. Wenn
1070 2666 3166 2843 Brahm den & mont gabe, wurde er Brackenburg von Rittner
1083 2779 3147 2937 L'Egmont un Streler sprelen lassen: ag entoprade genau
1078 2860 3201 3021 diger Brevynn. Grunds Gatt Stieler ug Jugndliches (über das
1078 2946 3171 3134 Reiziolle ladst sid streiten), aber es ist durchaus ug melan
1083 3042 3220 3185 cholisch, pubertathaft, rekundat zusendliches. Er ist geboren.
1072 3115 3182 3268 verschmäht zu werden, wie Rittner, oboren ist, zu siegen. Un
1072 3212 3228 3346 hier kehrt man es einfach um, der Kontrast, der doppelte Kon
1075 3284 3222 3475 Ragh mus furchtedich etc. Bassermann idt sehr stark, aber
1078 3357 3185 3585 conn Sie fauben, das es allen gutmaelen kann, ug Streler
1083 3424 3236 3671 dae schiff - unausdenkbarer Gedanke! - m dem praclet
1088 3539 3244 3733 collen zweiten Akt zu seländen maelen werden, ich mochde nod
1070 3660 3177 3854 immen sagn: wurden, so werden sie renselen, daß auch der
1083 3733 3236 3924 Stäckete nicht für drei Rollen aufzukommen eerma. Spielen
1086 3835 3166 4042 daßge die Reisch (Kene) a Rittner (M&) zusammen, so
1080 3929 3206 4147 reich Patry jui den Obersten collstanden aus,
