6865 5196
5595 144 5786 300 4.6.
1362 233 1600 342 14.5.
5600 290 5796 444 1907.
3410 270 3705 434 25. 5.
1369 330 1637 526 Rez.
3467 464 3705 593 1907.
216 615 1039 833 Herr Schnitzler,
422 771 2163 985 ag sind kaffringn, ug sind Entumfe! Sel. Aatte
2349 813 3207 1012 Herrn Schmitzler
4452 873 5178 1047 Horherr Schnitzler,
196 900 2155 1104 untl so gefreut, Ihnen perconled zum Geburty gratule-
206 1037 2172 1176 men on konnen & mys then nun doch in diser notgediungen
4908 1009 6294 1171 nachdem al sie röwel mit Fragen behelligt.
2636 962 4271 1183 it wollde Linnen nicht eher für Herrn guten
196 1136 2133 1280 Mühlem Form meine durchwünsche ausprechen. Ich liege
4402 1128 6336 1282 Cabe, ich des Schlys: das ich nicht nach wien kommen darf.
2294 1143 4206 1369 Brief danken, als bis ich zugleich etwas gefenliches
196 1245 2185 1384 heute bereit den seel und zuarzisten 19 zu Bett – an erem
4387 1245 6369 1394 Meme Coundheit (ad o'il, als nod, gar zu win) (of stigh derausge
2279 1285 4223 1461 adea mine Grundheit Petag (albageistemnits)
198 1339 2140 1493 Blagnkatarr, der zu normal ist, als das er sie al Mediziner
4387 1364 6349 1488 Stellt. Die beiden Ärte, die il ned immer (abe – mmal aare
2292 1394 4243 1572 aber meine eiener Reide sagen konnte. Wie die Dirz-
201 1411 2160 1560 interessioun konnte. Ericht aber so an, als ob ick vald
4382 1446 6329 1560 s war dai – cellen mich nur auffrucht, seel Tag hintersinan-
2304 1493 4171 1686 jetzt stelen, ist begründete Ansicht, dass kein
218 1510 2155 1652 cottie gewilt een avide. Dann würde ick, im Faus des Juni
4387 1572 6282 1667 & Gelsten an uren bin fortlassen, as id still an sner
213 1610 2168 1773 rad. Wien kommen. Wissen Sie jetzt sehen, bis nann Sie
2279 1614 4194 1810 Rückfall entutt L dgs Td Erentz, am 11. Juni
4382 1676 6282 1776 anzigen Stelle sitzen kann u zu keinem Burgtheater, keiner
216 1681 2145 1850 diesmal dort bleiben? Vielleicht sind sie so freundlich
2287 1716 4204 1880 Empreffe & bis Freitag, den 21. Juni, bleibe. Wenn
4382 1731 6294 1838 Open, keinem Muzum, kernem Phater, keinen Schönbrunn,
218 1763 2155 1942 s mir zu seyn, sobald es gesteht, damit il cersuebe,
4375 1830 6307 1939 seinem Kahlenberg zu seinerlei Besuch verleitet werde. Es
2279 1828 4214 2041 Sie also die kurze Reise in Salzkammergut, die
211 1905 2160 2058 will danad, zu richten is with gerade am tog threr
4370 1907 6314 2019 in trauri), aber es hilft nichts. Ich kann noch von Glück sagen.
2267 1937 4238 2172 sie für Juni wilatten, so lern konnten, das Sie
4375 1994 6277 2115 das die Sache mich Ende April & nicht in des Theaterraison
223 2024 950 2180 Aborde ankenme.
3400 2066 3608 2163 in Wien
4375 2103 6336 2200 befallen hat. Aber eben um im nalsten Äinter keine unan-
2279 2088 4273 2277 entueder am 11ten noch, da oder am 21ten bereits
451 2110 2106 2304 Ergh & thnen an neven Seben jahr jederzeit
4370 2182 6314 2321 quelmen Übergehung zu erleben, muss ich mich jetzt
2292 2197 4248 2383 wieder zuruck sind, ware id Huren fur d'Abar dank
4370 2267 6133 2416 Collstandy auskurieren. Also, & was so schon ousen.
226 2232 2185 2579 tster as angublekte Mem sie alle beyledschruhende
2284 2304 4214 2527 bar. De ganze wiener Reste aare um sne ihrer
4687 2378 5627 2544 hann sch id. Sie nun
2287 2428 4152 2666 cauptsouden armes, wnnid Sie niet nahe
4491 2480 6002 2902 Mitnefelen eigenfrüsse alle
2406 2594 3908 2986 Mthes Jeden huysen für Sie alle
764 2718 1565 2946 xx
2934 2931 3767 3234 G.H.
5086 2939 5873 3192 Wmldgastros
2606 3147 4214 3331 werden genoss die Freundtelkeit haben, das beiligenden
2909 3271 4246 3422 Brief zu adossieren befordern zu lassen
2552 3425 2852 3576 Jacob
2316 3457 3147 3663 à Kerkers Schmitzer, uir Caben
2316 3581 3189 3740 Kreckhl lang nichts von mande
2334 3693 3162 3807 Ofort. Bei nur aar der Grund
2356 3747 3192 3874 die Arbeit. Bei Ihnen Gaffentlich
2326 3832 3192 3948 auch. Nur das sie Ihnen certiolle
2321 3899 3177 4037 De Frudste getragen (get: il habe eben
2351 3970 3184 4087 in dem ersten Stück Ihre Romans
3249 3966 3522 4186 rerin
2363 4042 3184 4159 Excherel Sbitte, Ihnen oder on stse
2326 4112 2919 4216 spatulieren zu dürfen.
2512 4159 3222 4280 hann kommen Sie wieder einmal
3492 4147 4372 4357 N. Arthur Schnitzler
2346 4236 3177 4360 nach Bodin? Loffenthalpicher als
2326 4328 3207 4429 ist ich nach Ciren; denn da durfte nicht
2339 4397 2847 4506 cor dom Juni cen.
3747 4330 4216 4541 Wien XVIII
2326 4437 3214 4650 Mitdenbergs, Isten Neupab waren den
4159 4501 4340 4598 ...
2453 4514 3179 4692 Isingen für sie die Hern
3581 4581 4276 4757 Spoettelgasse F
2718 4593 3204 4841 Wm. Spivak
