5320 5095
683 289 1272 451 LIEGFRIED JACOBSOHN
1418 284 2470 526 Jerusalemess 65, 18.11.
2230 475 2468 602 1905.
616 618 1701 969 Werkers Schnit Ger,
1307 921 2498 1172 de geheve Borsencourier
2789 948 3362 1161 Die Schaubühne
3642 967 4771 1153 Verkag: SW. 13, Hollmannstraße 10. — IV, 3855
3645 1120 4747 1234 Redaktion: SW. 19, Jerusakemerstr. 65. — IV, 2177
2786 1107 3221 1231 Herausgeber:
545 1072 2498 1339 Ernst die erfreukte Nachricht, das Sie we¬
2735 1204 3324 1312 Siegfried Jacobsohn.
3875 1191 4730 1358 Berlin, den 20.12.1905.
2630 1293 4752 1436 Weillore Schmitzen, heute vor mein Jahr war ich zum erstunttal
513 1266 2470 1472 hoffen sind. Da wäre neuen sehr dank
2614 1369 4760 1509 bei Ihnen. Zweiten hat ich heute an Sie denken müdren, wil ich
529 1412 2422 1634 bar wan sie S nur ermofersten, sil
2624 1469 4747 1588 ganz für - leiden nur eine Calbe Stunde – mit Buretetard
2627 1566 4671 1693 zusammen war (wirklich ein selben aundervoller Mensch!
513 1563 2511 1747 im Saufe der koche rendus Tienduann
2616 1639 4717 1796 Drittaz fand ill bei der Camkehr Uvre Karte vor u Caba die
540 1660 2384 1863 In verwissen- Ich konnte mich immer
2614 1728 4768 1882 Nummern Deel absdicken kann. Sonne nur viel Arbeit
562 1771 1177 1998 fils maden.
2608 1817 4776 1979 Praes. II. a. inder Norden, Guidempiel sam abzusetzen vom Urten-
2608 1933 4774 2057 Herr Cato doch auch abzulichnt – aber welche belten liegen dazu über
2600 1998 4633 2125 an Lezierungsfähigkeit a Stil betrifft. Nun, al uerde nie einse-
788 1939 2489 2192 Mit herfelen Smipen im die Liebe
2600 2057 4752 2211 voraufhin man an einen Kunstkritiker einen Jazenden kräftstelen
2614 2144 2873 2260 nenna.
551 2122 2427 2341 Gattin, die sie Coffenthel mit Obracht
3021 2176 4736 2376 Mit bez. Ankähnadt prüssen zu Meckle. Thien
2608 2246 3275 2406 Bak zuarmte sehr
4136 2273 4388 2362 to
537 2282 1458 2495 Gaben, & Sie M
2562 2354 3262 2498 com. Ruf des sebens.
4004 2322 4749 2535 Mirdlawbroe
945 2573 2036 2870 Todpechol
2894 2635 3437 2857 Die Schaubühne
3723 2660 4817 2824 Verkag: SW. 13, Hollmannstraße 10. — IV, 3855
3742 2811 4814 2927 Redaktion: SW. 19, Jerusalemerstr. 65. — IV, 2177
2997 2819 3318 2919 Herausgeber:
2878 2873 3424 2994 Siegfried Jacobsohn.
3958 2884 4820 3024 Berlin, den 23. 1. 06.
2824 2932 4838 3146 Werllerr Quitsen, so oft das nicht langen! Etzt
2786 3067 4860 3229 Quicht, nach Bahr, auch Hofmannethal in den höchsten
2784 3159 4871 3318 Iohn -in Ihm esne der salmide erwärklich hohen Town.
2762 3297 4855 3413 vom, Rufdssebens. Musiß da wirkkal wieder bis nahe
2770 3364 4909 3464 an die Premiere varten, woill in Bgierde brenne? Nach
2784 3437 4760 3602 exem gaaenlasten Bipatany et is Ini men red voledt
2778 3545 4895 3653 quitt Graderu notaende), Aas itt volnall ein gutes neu stuck
451 3532 1118 3767 Die Schaubühne
2770 3640 4882 3761 bse, das auch den berlinen Bühren ja doch nicht zu selen ist.
1407 3548 2492 3753 Verkag: SW. 13, Hollmannstraße 10. — IV, 3855
3056 3707 4358 3872 Thillen  kann kommen sa noiexus?
1409 3745 2492 3861 Redaktion: Sw. 19, Jerusalemerstr. 65. — IV, 2177.
688 3740 972 3826 Herausgeßer:
2784 3772 3526 3934 Maer Gattin, idem Dank
548 3785 1091 3915 Siegfried Jacobsohn.
1617 3799 2481 3980 Gerlin, den 1.12.05.
4242 3758 4825 3985 ben für Tradtskam
2770 3856 4031 4082 In die fräundzelen zum! Uit aarziehe
4091 3864 4331 4099 In
551 3918 1588 4188 Horten Omtke
1245 4136 2543 4344 Rl habe nul über Stren
443 4236 2041 4471 wol zu demarhelhafften Breff selvi E
2214 4298 2454 4460 8.
448 4379 2198 4601 Janke Annen veluee  - Also bis jur Im
437 4496 1442 4712 zahlen im Februar!
535 4649 1199 4946 Mitherz
