7671 5208
192 1145 1781 1410 Grade sanf Gantwortet — onzustellen
205 1294 1785 1474 salles beite mad meines Ruckkels, Witte
179 1431 914 1593 tum zu erörtern —
461 1469 1828 1721 Sie, lieber Herr Schützer, sin der
192 1619 1837 1858 Eenige, da von dem Juridenfall erfahren (at
192 1713 1871 1922 Tiel vitt ses, nade deser lenden uisromeles
1038 1854 1858 2033 Ferner Bitte, id 1er, mit
184 1892 1021 2067 den wieder zu erzogen.
171 1982 1858 2221 zu sagen, ob sie einer von mir erausgebenen.
192 2093 1858 2336 Gunadt kleinen - hodensdreft (sechzelunter
201 2191 1820 2392 Liemynarz) Seiten Oktav) für Bama
214 2328 1717 2473 heate einen bedieden Erfol zutrauen.
448 2400 1867 2618 Hl Cab il nad surmpislo opdris
222 2503 1879 2746 ben, ohne bisher ua gehort zu Caben. Grussen
222 2635 1849 2883 Sir sir I seen Sir mit Gattin & Kindberg.
239 2793 1269 3007 Gryst conkreng
1046 2883 1862 3161 Hippick Jacobsoh
508 3131 1794 3336 Ob Osteromakly in der Nf.P. fand
252 3263 1858 3494 Mem Jan unmassobleder Cxdmack sehr
252 3413 1017 3626 sdon, femm Sinn
5723 1072 7394 1358 nicht auf Berlin beschränkt aissen
3947 1136 5655 1397 stande bürge, ug ich mir vorsetzt.
5711 1277 7376 1478 je mehr ausquartire Interessen, ils be¬
3972 1320 5642 1495 Gabe. Diee von mir erneuwelten Mita
6433 1397 6629 1465 Orthien
3972 1427 7385 1623 weiter aber würden sich ermutlich erst zu ruhren kann Slassen kann, desto bey
3964 1516 5672 1674 teo als gut ist zur Elersfolg entzeltießen;
3964 1610 5642 1773 wenn in den ersten Nummern nur al
5907 1597 7381 1858 Als wäre Amen, lieber den Schnitz
3959 1704 5651 1922 Inod Klenere ertreten nid. Darum
5723 1751 7402 1978 tus eine baldig „réponse bremellante“,
3972 1849 4750 2020 also name Bitte.
5723 1909 7406 2097 ausserordentwil dankbar bleibe
4186 1892 5647 2106 Wrausgesetzt also, dass Sie im Prin¬
3994 1986 7368 2238 3op nicht abgesagt sind, als keine von mit den herzielsten Grüssen für Sie
3989 2174 6356 2366 Nun in Betracht? Gidhet ein Akt oder ihre Leben-
6266 2213 6975 2452 Tmerbene
3959 2294 5621 2469 sne szene oder ein Diales oder zend uas
3968 2353 5642 2541 mit Deama    Theater zusammen han¬
6317 2375 7300 2635 Tufrid (awbroh)
3968 2473 5681 2657 gends in Ihnen, as noch nicht gedruckt
3977 2593 5561 2763 it? We ist 3 mit. Canz Delorme
3989 2674 5698 2870 Oder fall nichts der Zeiden wisenden oder
6087 2627 7274 2870 Darf ich vorläufig noch
3985 2798 5668 2969 cerfrybar itt, wieder Sie es sich abgewin-
3985 2828 7415 3054 nen können, ein paar korte über das bei klang die Gmbll nicht in Firmen.
4015 2994 5647 3208 Gältnis der Theaterstädse Wien & Berlin
5728 2977 7394 3212 registre des Vosseschen Octus ance
4011 3105 5446 3327 zu ernänder zu sagen?“. Und so.
4194 3127 7398 3443 Grauben Sie, dass ich mich auch an zyt worden ist, um vollständig Dr.
4019 3319 6569 3515 Beer-Clofmann Bahr wnden kann Kretten bitten?
4015 3451 5642 3609 soll? When gabe 3 const noch in
4024 3579 5689 3806 Oesterreich? Das Blatt möchte ich durchaus
