3849 5096
1936 489 2416 625 1.° „ „ 4. 4.1 „ —
1063 489 1470 621 läche nicht zu können.
1871 1053 3538 1225 Anzahl von lappide Con terleumdngen, die einige
805 1122 1793 1284 Pard, true Grétry 2.5
1860 1135 3520 1284 Bediner a einige urenen uder mil geliefert hat
1588 1229 1774 1309 1905
1873 1258 3553 1397 ten. Die Absicht dieser lieben Seute uar selv durch
1886 1370 3541 1529 wilte: nie wollten mit um Parden Santz binn
260 1288 954 1502 Aberlevr Samstler
977 1401 1804 1548 schönen Dank für Eure
1871 1456 3547 1607 you I zufeid certain, dass ich etua in enem oo
1884 1537 3532 1707 enflussenden Blatt wie do Jukunft zu bort
197 1510 1779 1644 Kark. Naddem il con de lareni Sacle anze
191 1615 1781 1777 faupilalr, murs il natuded and deutlede
1879 1628 3549 1800 kame. Dige Absicht wurde aber nicht durdodant
208 1697 1835 1875 werden. Sie kennen ihn nurion verszalten Be
1871 1743 3547 1907 Totatt mr zu schreiben – wie man auf frem-
197 1802 1810 1976 suden, (aben ihn nicht so in der Nade gevelen)
1860 1821 3515 2005 de Seute verdaltijungen hin einem Menselen
208 1926 1787 2030 me il a uidten daer nicht, wie nenod, neu
1877 1913 3509 2083 schreibt den man mit eigenen Außer S. Obren
191 2022 1791 2146 rasthenidd - con krankheit persoelt "rennt
1884 2016 3507 2219 des Jahre lay tadellos befunden (at -, da
1886 2108 3534 2293 da mir nur von Ihnen erzählt; wie erhält
178 2108 1846 2276 er sid eelbot - ja hysteridd er idt. 3 ist also keine
1873 2198 3549 2349 I did in wirklichkeit? Stobte es, glucklich sol
195 2232 1808 2395 Kleinheit mit ihm umzugelen, als es person
1867 2320 3553 2486 endial entladen zu können, in simloser tut,
203 2303 1842 2475 till, as is remiptled. I gibt niets empfindleders
1890 2408 3534 2563 los. Sie haben das et den getan; folgel ein Sie
191 2441 1810 2601 Misschauidders als ihn. Zu dem kommt eine
178 2502 1831 2658 schreckliche Sduade. Es, der seit niebsten Paloren
2089 2513 3515 2697 So wan die sade, als ick Ihnen rdrieb
206 2603 1840 2788 Gott & die Welt - fast alle ihre Beuohner anreiht
1884 2624 3497 2804 Ich daubte, murste dauber, dass Alles zu
191 2718 1833 2892 in de Darfoten lese, fallt in jedem noit
1884 2750 3541 2920 Ende sei. Inzuiden ist zu meiner grossen Über¬
197 2827 1808 2987 um, da einmal einer von ihn erst, ist dann
1890 2819 3499 3037 rardin en can rulixe, liebecoller Brief
182 2920 1827 3117 acht Tag arbeitsunfähr) -. S Wm. Nun ist
1896 2951 3530 3121 gekommen, au dem klar herwight, dass er
185 3033 1791 3186 seid eenem Entreten fur mich een gelwoges
1890 3039 3518 3232 sil nur con der allzu lange aufgespecherten
197 3148 1833 3316 Quantum an Bedumpfungen d'Erdaht zum
1907 3148 3520 3337 Calle beperen wollte u musste & min wieder
189 3257 1860 3421 den auf ihn niederganen; die Erbitterin darum
1902 3262 3532 3438 san normal est. Lui (aben un Notzdem
203 3352 1787 3526 ber ist immer posser quorden & musste
1886 3392 3494 3528 darüber Dienst, die Correspondenz – alsen
1886 3452 3534 3654 allza bichter Reisbarkeit beider Loirsponden
191 3486 757 3604 eumal Graus.
745 3499 1764 3671 Die Blesion erfaste wuze
1886 3562 3547 3748 ten; dennil teube natulen da erste Mal niet
214 3610 1846 3771 woche. Den zündenden Tunken lieferte eine
