3976 5112
2625 1582 2893 1751 10.7.
1451 1587 2577 1901 Berlin, Jerusalemersk 65
2617 1770 2898 1888 1905.
936 1960 1775 2177 Oerbert Knither
1099 1989 3062 2247 mit G rtarn at es Erederman many Blatts genedert.
898 2180 3057 2333 kontraktlich für ein Jahr, tatsändlich wol für viele Jahre (solche
909 2290 3038 2413 Werp Exld ist wisanden.) Mil haben alle dixe lorbemühun
922 2357 3003 2520 ende schaden mitzenommen Del aill moren ein wiscklen
933 2429 3038 2587 nach Schulden, um mit für den Winterfeldzus in sta-
933 2536 3043 2705 ken. Wir Norden schreib als Wien endlich ausführt selber.
1464 2644 2877 2957 Mittelebenstraßen kann so will auch für
2250 2818 2893 3038 faire aussi
