5080 5177
248 990 2226 1152 OESTERHELD Q. C. VerLAG
1186 1249 2090 1377 BERLIN W. 15. 18.1.07
259 1280 993 1382 DIE SCHAUBÜHNE
1212 1356 1787 1421 Lietzenburgerstr. 60
439 1366 805 1434 Herausgeber
1215 1411 1831 1471 Fernsprecher: Amt VI, 4875
319 1411 925 1526 Siegfried Jacobsohn
1251 1473 2137 1575 Redaktionelle Sendungen sind zu richten an:
1233 1557 2158 1693 Siegfried Jacobsohn, Berlin, Jerusclamersk 65
227 2022 969 2464 Werkenschütler
588 2464 2286 2649 kien Sie nicht bede! Aber s ist zu viel verlangt, daß
183 2612 2281 2751 itl die Ankündigung über Dämmerseelen lehn u nicht einmal
185 2714 2283 2871 dollpaen durfen, ob niet me con den Norellen iocher in der
199 2808 1246 2952 laubuline enschemen kann.
580 2970 2202 3132 tue gefällt sie Knen denn jetzt äusserlich?
204 3114 2038 3300 die terschönern, erkennt ihr sehr genutzt zu haben
486 3315 1944 3725 Mitzer & Consensen für Sie Pullau¬
1074 3712 1766 4000 xx
4081 718 4332 920 15.4.
2897 833 4039 1063 Berlin, Cornabmerstraße 65,
4091 946 4282 1108 1907
2607 1379 3195 1622 Herr Schutzler,
2900 1620 4504 1826 14 Gatte kenne Ahm, dass Imer der terug
2516 1761 4590 1978 da Ehrenabonnement entzogen lget, kann jetzt avel, den Grund
2511 1912 4546 2127 nicht feststellen, da des terlegi correst ist. Jedenfall habe
2529 2056 4582 2252 inle sofort de Cpedition telepheniert, a eiger Brief uid
2550 2189 4214 2385 vol später kommen al die feldende Nummer.
2892 2422 4460 2573 Nous alles que geht, sehe id Sie genau,
2571 2571 4567 2707 heute in uer hoclon. Bis dahin opar id alle, ug etua
2584 2727 3247 2876 In dreiben uare
2963 2777 4551 3119 Mr Taeclalen huipenar fos eie uren
3728 3088 4556 3386 Mfindfawbrol
