6024 5144
2504 578 2753 740 1 1/2
1521 567 1732 727 11
3398 832 3612 1018 F
556 989 2528 1124 OESTERHELD Q C° VerLAG
1469 1213 2407 1359 BERLIN W. 15. 20. 4. 1906
546 1288 1278 1370 DIE SCHAUBÜHNE
1469 1348 1858 1418 Lietzenburg“
729 1364 1091 1429 Herausgebe
1483 1405 1861 1491 Fernsprecher:
1942 1394 2120 1494 VI. 4875
610 1399 1216 1483 Siegfried Jacobsohn
1599 1467 2320 1599 Eilige Sendungen sind zu richten an:
1510 1559 2420 1694 Siegfried Jacobsohn, Berlin, Jerusalemstr. 65.
3422 1661 5340 1821 Dihm mit etug mandidem Grimm niderstelen.
457 1748 2577 1907 Oberker Schuit, itt murs Inen wieder sonmal mit Rat
3679 1823 5489 1999 Ich wiss, dass Rittner nicht der Erfüller diser Fizur,
457 1894 2607 2064 Odla & leaning ladte fatten. Eersindem Sie, wuns ine geht, daß
3452 1948 5548 2061 ik darifs, das ich ihm keinen Dienst erweise, wenn ich Sie auf
465 1977 2596 2091 Reider in Wien Uren Jutran Filtner opielt. E uar ine Schmach,
3441 2042 5538 2191 Then here. Aber Mr Witeil ist mir uidstiger als einer, das
462 2102 2585 2223 ug wil eftern in Seomr Teater abspielte. Der Mann kann kein
3441 2137 5494 2299 kann sie carnelet eindunfich om, bitten, darauf zu bestelen
457 2191 2618 2304 bord son des Rolle. Die Touffleng schrie sil herder. Ag bei dem
3441 2266 5548 2393 das er die Rolle ureden spielt. 3 ist ja nod zedt. Die Prennere
467 2237 2545 2434 an sil lanzamen tempo de Stuck ene Minute davon darf,
3458 2358 5489 2482 is wien ist uahrscheinlich am 15. Mai, oder noch opater.
467 2364 2618 2482 dauerte die bis uer. die Unsduld des Publikum äußerte sich, aus
457 2434 2593 2631 Achtung vor dem Namen, ziembel zuilidierte. Aber in den Zaidchen
3441 2442 5467 2577 die Proben aurden mijn. Z uare ein Jammer, wan deses
467 2523 2604 2699 akten herrschte einstimmige Entrudten. In Wien, uo man ihn
3452 2531 5454 2672 undercolle stuck in wien so aufnommen wurde, uie es
465 2607 2553 2807 venger kennt, und er ausplacht van gblasen, nicht nur de
3458 2647 5527 2774 Gestern - nur durch Reiber schuld – hier aufgenommen
462 2723 2577 2893 herausfordernden Schwimmen wehn, sondern der unertrachich ge
3441 2726 5556 2844 norden ist. Dagen aat die Prenuere einen auswenden, durch
448 2826 2566 2955 schwellenen Pathetik wegen, womit er die Gedältnisschuäche zu
3428 2834 4279 2993 adlaenden erfol blabt.
462 2936 2588 3093 eachdern nicht. von kudiren Cabe al bid jetzt nu Elossers gehen.
457 3025 2626 3193 Er schreibt, wel zu milde: die Rolle des Malez ist jetzt an Van R. Gekom
3595 2971 5192 3395 Mtae devenhuijsen suisie vere Rien
475 3147 2623 3285 men, wodurch das unerminxalite Centel von der früher Rittneraden
473 3223 2601 3366 tym berauskam. Statt des kraftigen Kerl, dem man nol Zauben
475 3298 2620 3452 musste, das er da teben Cart  uild anspackt (at, erschien ein
467 3395 2634 3590 viel zu verpfältig frisienten werr, der ofter in dem spiecst als vor der
4287 3366 4884 3601 Cfindfawbre
484 3485 2590 3695 Stafelei Estanden Caben mochte & eine peulden verstandnisse
465 3541 2636 3747 an den John mit stark Coltem toitig abgab. dadurch wurde
486 3639 2650 3830 da widdele an dem stuck ned breizer, & die Erinnery an Rittne
481 3771 2585 3906 beurs wieder, das Schmizler am besten bei den Sauquielem
481 3830 2620 4055 aufgehoben ist, die eene Konstitution aus ziüer Kraft og mangh
481 3992 2585 4173 de Rückrat eben komen, die nu nicht anz an ihn cedieren
481 4146 1985 4279 x)ich hoffe mich nächste woche enerfideles auszudrucken
