3960 5143
2040 947 3646 1193 Jeder Ridty hin. Aber - er ist
1682 996 1958 1176 25.6.
2002 1085 3674 1290 Dann stimmte mir östern auch sein
540 1036 1661 1312 Berlin, Brusalemersh 85
1689 1201 1939 1331 1705.
2011 1250 3672 1426 bester Freund Kalane bei, als Kritiker
2006 1335 3697 1545 Epiker (Narden), nährer Polgar der Aphorik
2017 1458 3691 1612 ker (Kerr) ist. Ws durfte kaum mo
375 1424 1371 1678 Aber Herr Schnitzler,
2002 1547 3663 1729 tich sein, in einem 24 Seiten starken bes¬
1384 1538 1947 1735 ich wiss wirk¬
2015 1657 3678 1818 schuaden Blatt dem wiener Bericht die
352 1693 1973 1877 fiel nicht, wie ich Ihnen für Ihre grosse
2028 1767 3710 1973 6-8 Seiten anzuräumen, die der gemäd¬
333 1831 1945 2040 Gute danken soll. Ostern der lange
2021 1848 3693 2021 tiche Handl uauwelembden brauchen würde.
2218 1934 3676 2155 Bedenfalls werde ich beiden gleich
339 1960 1901 2157 Brief Scheube gar da Velegramm
2026 2059 3674 2282 Zeit) schreiben, werde Clandl parn, ob
360 2070 1903 2278 Gut, dass ils nicht über das gestern
2028 2187 3691 2358 er nicht bei einem Bemüber sein rempo
335 2208 1990 2375 aieder einmal geselene Abschiedssouper
2034 2299 3672 2483 beschleunigen kann Suerde dafur soi
350 2333 1977 2500 Jur Monta zu schreiben Gabe, id nur
2051 2403 3657 2589 In, denen in beiden als Standigen
335 2445 2006 2610 de mich fui befangen erklaren mußen.
2026 2500 3716 2704 den anderen zumindert als gelezeith den
591 2551 1949 2723 An land Gabe id. aud. schon
2032 2653 3165 2812 Mitarbeiter zu gewinnen.
339 2680 1966 2884 gedacht. Ich kenne ihn lang; er hat
2250 2710 3718 2903 So wie man Gmbll=fertig unter
341 2786 2000 2962 als er in Berlin van bes mir kampierd.
2026 2845 3731 3019 zeidmet ist (Anfa, oder Mitte diger noche)
326 2909 1945 3074 Did bin in Wien oft bei ihm geusen.
2051 2981 2865 3127 horen Sie weitere!
335 3007 2009 3174 lui lieben einander selvi, menschriemme
2115 3066 3585 3396 Mithef den Grussen für Sie alles
339 3132 1990 3286 litterarisch, Sid ziehe ihn in beiden Be-
3373 3197 3606 3367 be
358 3242 1996 3443 Ziehungen Polgar cor. lor allem ist er,
341 3360 2019 3557 was für mir diese Tafiskeit sehr wesent.
2918 3297 3665 3617 Andiawbroh
343 3498 2042 3712 tiel scheint, des aectans zuverladizere, mais
