3869 5349
2159 502 2523 854 161
881 540 1348 854 Sie
1107 861 2684 1068 Herausgeber: Siegfried Jacobsohn
421 1133 812 1317 Redaktion
2090 1118 3373 1344 Charlottenburg, den 13. September 191. 6.
2098 1252 2523 1332 Demburgstrasse 25
2087 1279 2749 1455 Fernsprecher: Wilhelm1943
1275 1635 2198 1899 Lieber Herr Schnitzler,
1022 1972 3530 2136 trotzdem Sie wahrscheinlich Grund haben, mir zu zürnen, zögre ich
551 2087 3461 2240 nicht, mich in der Angelegenheit eines Anderman Sie zu wenden, Unserm Oscar
559 2217 3549 2366 Sauer geht es furchtbar schlecht: er ist durch sein schweres Siechtum seit ein
548 2328 3258 2508 paar Jahren verhindert, eine Bühne zu betreten und wirtschaftlich für
563 2504 3545 2611 Alter leider nicht geschützt. Seine außergewöhnliche Reinheit und Feinfühlig-
559 2596 3484 2791 keit, die sich durch die lange Krankheit zur Überempfindlichkeit gesteigert
570 2703 3591 2879 hat, verbietet es, ihn gradezu zu unterstützen. Es war nötig, sich eine beson-
563 2887 3542 3017 dere Form auszudenken. Sauer hat von dem zusammengebrochenen Deutschen künst=
574 2963 3542 3143 lertheater, dem er zuletzt angehört hat, noch ungefähr 14 300 Mark zu fordern.
574 3117 3584 3289 Nach langen Bemühungen ist es gelungen, aus der Konkursmasse der G.m.b.H. 5000
563 3262 3411 3427 Mark für ihn zu retten. Ihm aber, der völlig weltfremd ist und kaum einen
570 3358 3576 3526 Menschen sieht, wird vorgetäuscht, daß man nach und nach den ganzen Betrag er-
563 3522 3488 3691 halten werde-- während man in Wahrheit den Rest durch eine private Sammlung
563 3630 3641 3833 zusammenbringt. An dieser sich zu beteiligen möchte ich Sie, lieber Herr Schnitz
582 3748 3159 3944 ler hiermit recht sehr bitten. Die Sendung wäre zu richten an den:
1064 3829 3538 4078 Verlag Oesterheld & Co., Berlin, Lietzenburgerstraße 48, für den
2324 3997 2573 4081 wee widrig
586 4036 3496 4242 Sauer-Fonds. Ich brauche wohl nicht zu betonen, es um Sauers willen ist, über
586 4143 2179 4353 meine Aktion Stillschweigen zu bewahren.
1792 4307 2527 4487 Mit schönen Grüßen
2803 4380 3496 4686 Maçocat
