6354 5177
1625 560 1856 696 1/1.45
462 829 2419 995 OESTERHELD Q. C. VerLAG
1389 1082 2454 1236 BERLin W.15. 22. april 1906
448 1120 1190 1264 DIE SCHAUBÜHNE
1410 1196 1995 1264 Cietzenburgerstr. 60
636 1223 1019 1291 Herausgeber
1410 1231 2035 1340 ternsprecher: Amt VI, 4875
522 1255 1122 1378 Siegfried Jacobsohn
1511 1296 2247 1443 Eilige Sendungen sind zu richten an:
1432 1386 2362 1560 Siegfried Jacobsohn, Berlin, Jerusalemerstr. 65.
481 1473 1266 1978 Kerkowkneitler
1315 1834 2525 2006 schonen Dank für das Klegramm
386 1989 2506 2141 So radikal bin selbst ich nicht, an ein Juniksalen de Stuck
378 2133 2565 2261 tuch nur zu denken. Aber s wllte mindesten sin lersuel finadit
378 2237 2533 2383 aerden, qu retten, ua quaetten ist. Brahm aare, naehdem es den
397 2323 2535 2497 Rup des Kberz Hochadijk Cad, enfach eerpflichtet, den boven Heek
397 2408 2503 2560 Reider zu tilen. Es müdste nur den Mut Caben, ihm die Rolle
397 2549 2459 2682 abzuvelmen; etuurde damit en die facles Interste ualiren:
391 2644 2511 2756 sen exns, da Jhre. Reider. Denn ag macht oenen wert für
402 2728 2541 2845 bien ay? Meines luissen doch das Ensemble, die Makelloscheit
375 2821 2552 2940 siner anen loistellen, noxgen man in heen zu (oufe) uwe en frere
391 2965 2530 3073 Großen zu setzen Cas. U. hier waren alle Moftalkeiten in einem
397 3019 2541 3188 neven grossen erfoce dies Ensembleprinzess weben: die Schmann
397 3141 2560 3280 die Risch Sauer sind bis zur Vollendung in ihre Rollen (menquach
397 3231 2506 3397 sen; die Pauly Z. Hieler sind heeft erträglich worden; Marr als
413 3337 2511 3446 Arzt ist ausseridnet; Basermann idt der Gipfel der Schauspiel
397 3473 2549 3576 kungt. U S da kommt disor alte Unemomane in der mindsten
408 3565 2438 3699 zuertniedigsten Rolle, nätzt sil ganz, ganz lanfam im
408 3641 2506 3804 schmalzigsten Schmierenpathos macht diee gefändige
421 3737 1986 3894 Figus zu einer vollkommenen widernädigkeit.
755 3810 2497 3981 Er mindste loszuuerden xxx, wenn man ihn darauf
3353 902 3617 1076 10
3125 1120 3641 1310 $8
3209 1285 3487 1351 G.C.H.F.P.S.
3190 1326 3576 1419 G.C.H.F.P
3734 1758 5892 1867 brachte, dass er durch, eine solche Sesty von Anselen in Wien
3734 1881 5867 2022 aufs äyste gefaardet (nog er j'a aud tut). Ist es zu erre. Den
3734 1951 5824 2125 das er die Rolle abzibt, so Caben sie keine Ursache, so für
3753 2082 5886 2190 undenkbar zu Calten, das Rittner sie wieder spielt. Nach dem
3753 2166 5892 2329 Adjunkten ist eene Antipathie een Jwan Tilstner inschuinden
3734 2280 5851 2410 Eben geworden. Ich habe schon er mein telegramm, mit
3734 2383 5826 2506 ihm telephoniert. Der Gielt nur, nicht ohne sien gewissen
3739 2478 5742 2655 Stol, me lang Rede, uie Ochickt er die Rolle an allen
3737 2592 5870 2715 Klippen wibersteuert Cabe, an denen ne jetzd gescheitert gei.
3745 2718 5856 2859 Als ich dann von den Notwendigkeit sprach, dass er sie wieder
3723 2799 5845 2935 u dernehme, erklärte er da nur darum für unmoffels, wel
3739 2932 5840 3044 man Rechts nicht so kranken werde. Hare ich Brahm, so
3734 3046 5878 3174 eähe ich garnikt ein, warum ich den einen Reiber nicht kran-
3734 3136 5832 3266 ten sollte, den so viele wertcolle zuschauen gekränkt la
3753 3220 5802 3334 noch kranken kann, Shatten Sie Clauptmann robustes
3764 3326 5886 3481 Gouissen von een Sclauspieles, de Uren Sosatti auproident.
3753 3443 5875 3593 tich gespielt (ath, so midden and Sie vor keiner derartigen Krän¬
3734 3538 5886 3707 kurz zurückschrecken – wofern es nicht nderhaupt ganz ohne
3739 3647 4595 3815 Kränky zu maken is.
4756 3723 5343 3935 G.C.P.
4788 3940 5421 4141 xx
