3876 5064
345 569 826 789 Jacobi
1540 556 2146 839 Deutsche
1303 739 2412 1117 Montagszeitung
1785 1108 3051 1337 Berlin S.W.68, den 19.9.1910
328 1162 1465 1353 Telegramm-Adresse: Montag Berlin
1959 1274 2586 1511 Alte Jacobstr. 136
498 1308 1241 1453 Telefon. Amt 4/4765
465 1827 1374 2055 Weber Herr Schnitzler
1391 1831 3529 2142 die beiliegnde Erklärung hat sie endaeder mit mehr
253 2080 3454 2271 errecht, oderste ist verloren gegen. Für diesen zweiten Fall, sende ich sie. Euren
245 2271 3583 2495 nal sumal. E wurde ihre Aickung selve ertacken, wenn the Name darunter stunde
1349 2399 3545 2636 Eselon (à très, das il en neue Blatt gründet (abe
266 2545 3504 2773 3 aig, neben der felaubühne, com dutten Oktober ab eerdenen saude Ihnen
270 2715 3537 2860 aabreno der erben fünf Nummern für einen Bestra kaum ein klemeren Generar
282 2823 3508 3039 zahlen af die Neue Freie Rosse. Caben sie zarnichts? Eu 3 nachher zahlen
286 2993 1387 3238 Rann; Const win Erses ab
1416 3022 3487 3300 Caben sie vielen Dank für die freundliche Karte
266 3205 3300 3653 au Cordelbez Presen sre mit den Aen Aezs & Cxn)sten Wem
2300 3616 3379 3994 T.H. d. Jacobine
2109 3836 3093 4189 immer: Carlottenbur
2395 4085 3230 4400 Hamburgstraße 25
