3960 5143
1990 883 3629 1048 Unternelmens Denken & da Gab alden
1692 927 1897 1096 18.6.
1975 1056 3655 1183 an Sie, lieber Herr Schnitzler, eine recht-
477 949 1650 1219 Berlin, prusalemersch 65
1694 1077 1895 1240 1906.
1990 1120 3655 1280 grosse Bitte. Clofmannsthal, der sich
1992 1210 3672 1405 se, nes eigenen Ausrag nach selve für mich
1990 1306 3661 1494 interwirt, den der Gedanke meine Blatt
340 1272 1417 1513 Herr Schmitzler,
2005 1392 3659 1597 negen der interroren Forderung, die alle wirk
803 1434 1950 1639 it danke Umen Jno Jare
2011 1485 3650 1679 fiche kunst dann erfahren wird, ausser
285 1563 1920 1777 Nil Karte Spue mid, Uren heute
1996 1597 3665 1808 sympathidel ist, at mir fur die eerste
268 1739 1931 1889 mehr a Bosers con mr ragen zu kön-
1998 1709 3621 1889 Nummer einen Bertra zugest. Das
1986 1810 3657 2039 ermutigt mich, auch die um einen zu
279 1813 1914 2001 nen. Men Blättelen ist geilert. Ich
273 1924 1893 2132 Gabe bis jetzt 15000 Mark Stann
1979 1922 3659 2127 bitten – für die zweite Nummer. Dass Dize
249 2045 1884 2212 darauf rechnen, in den naesten Tagen
1998 2053 3642 2235 Reckenfolg lediglich zeitleden Aroprund
262 2153 1918 2309 die letzten 5000 zu bekommen: denn
1977 2172 3636 2307 ist, brauche ich wol nicht erst zu erreiben:
1979 2237 3678 2429 Sine Clofmannst, als Berertuill)keit aare
273 2239 1899 2431 20000 an note, um eine Gmbll
273 2353 1914 2535 zu beründen, d'une solche 9 ist fur
1996 2358 3659 2520 id eben kaum darauf gekommen, Sie
2009 2425 3665 2626 zu belättigen. Nun aber ist mir der Wunsch-
275 2431 1941 2647 dize Art Unternahmen angeblick des Beste¬
1990 2552 3665 2702 wel sehr leblatt gevorden. Wougen mir
289 2556 1912 2746 Sol Gabenun alle lande voll zu trin.
1986 2647 3667 2801 souel an einer lernigteldung vor, werden
287 2666 1908 2837 Die Detailverhandlungen mit den Geld.
1996 2757 3657 2917 Sie unschwer erkennen. 3 durfte nicht
285 2767 1931 2919 leuten, mit Juristen, Druckern, Papier-
273 2875 1918 3057 lieferanten sdJ Hellen an mern
2003 2843 3665 3010 viele Schriftsteller in Deutreffand afben,
2005 2970 3621 3131 die Bedenken trafn wurden, an mein
281 2957 1937 3160 reine Saiengemüt keine geringen anfor-
2009 3059 3648 3251 Blatte mitzuarbeiten, für den Schnitzler
260 3078 1948 3293 derumen. Collstandi erlangt cuiste all
2026 3171 3562 3355 Diemannsthal esch eben Gaben.
279 3179 1941 3361 das erst in der zwischen Wälfte des Juli aen
2034 3266 3653 3437 dane eine tüdige Bekannte regelnissen
275 3300 1971 3460 den. Rotzdem kann ich xyz mussich schon
2017 3401 3633 3587 Mit arbeiter ausde ihn ideell nicht das zu
285 3414 1899 3623 Heute auch an den inneren Ausbau des
