3878 5063
329 354 713 611 Jac
418 491 3134 845 ERICH REISSVERLAG BERLIN W. 62
1157 760 2417 922 BÜHNENVERTRIEB
1174 884 2417 1050 DRAMATISCHER U.MUSIKALISChER WERKE
2425 910 3130 1144 HOUDERNE BÜHNE
1815 1012 2135 1132 BÜHNE
1396 1025 1712 1157 DIE SCI¬
628 952 995 1153 NEUE WY
2506 1080 3062 1230 DRAMATISCHER WERKE
1785 1102 2118 1251 I.T.S. I.N.S.,
726 1114 982 1230 ORGAN DEUTS
1405 1110 1627 1264 FÜR DIE
726 1187 986 1281 GÉHÖRIG
2711 1281 3147 1401 TERNSPRECHER:
470 1260 1068 1456 BENLIN W. 62
2711 1383 3185 1490 AMT 6, Nr 1641O—
470 1307 2114 1610 WICHMAINSTRASSEße DEN 30. März 1911
2810 1413 3463 1627 Carlettenburg
68 1520 794 1717 Carlottenburg
2904 1554 3198 1734 9f86
115 1640 1042 1879 Oernburgstraße 25
145 1892 3506 2148 Über Vehr schmitzler, man verlg bittet mich, sie etwas zu fragn. Er gebt ein
124 2024 3557 2284 Buchherau son Maud gurton Braby: die wederne Ehe Jain manne ertigen
132 2233 3527 2442 doll, in fens, sehr ernst gements, aber nur eenige aißen en fielen lumor
115 2336 3544 2647 Gedriebenen Aerkelen. Dafür Catte der Verlag leidenschafthel; wenn von Ihnen ein zei,
149 2494 3540 2767 Bei seiten langs Coraert (ienn sie aellen, und lange), da er „selve Caal “heno
149 2626 3557 2912 Nieren wurde. Wrausetzu, für sie auch selbstverständlich sein, dass sie für da Budt
120 2793 3514 3049 12ing an Interesse gaunnen. Aber aurden sie es selbst dann tun? Caten über
145 2861 3548 3224 Caupt sien sinn, Ihnen die Ausangbogen zu schicken, oder lehnen sie der seelen
141 3019 3472 3348 Anerbietungen principiell a limine ab! Das wolte ich gerne bald aissen.
1106 3173 3489 3463 senk? Sonst bin ich allmädlich wie hinter doch selve
141 3301 3514 3608 unde geworden aan nichts ontzuckt van den Agrekt, das ses jetzt zaidden
158 3459 3527 3839 den Altmester Xevi noo an een literandels sccadelop alten plen roll.
171 3634 3425 3924 Beatur, ille, qui... Coffentlich sind sie s auch aufsch. Jedenfall.
132 3775 2989 4150 annocht es mit begelden Smissen für sie die Revens
